3642 5509
735 443 806 502 1330
824 442 1002 517 September
1022 443 1063 500 lb.
1512 443 1565 501 363

337 627 490 694 Publicus
512 627 596 693 sicut
618 627 785 694 nostis...
812 627 887 693 Dat.
903 627 998 694 Avin.
1023 627 1084 694 XV
1109 626 1154 692 kl.
1179 627 1369 713 septembris
1392 649 1422 694 a.
1439 635 1564 712 quarto·

231 732 368 801 decimo.

414 878 487 947 Rep.
508 879 563 932 115
580 891 629 946 ps.
648 877 685 932 11
698 877 722 947 f.
743 879 797 933 171
803 894 817 946 ,·
834 878 887 936 uz.
907 878 983 934 1375
1002 893 1032 932 m.
1052 881 1077 933 1.

340 1167 464 1234 1⁹45.
491 1170 579 1234 1330
601 1168 795 1254 September
818 1171 870 1235 15.
893 1167 1057 1256 Aoipooo.

336 1310 496 1378 Iohannes
512 1311 612 1377 XXII
637 1311 822 1377 Walramo⁸
840 1313 993 1398 episcopo
1005 1311 1237 1380 Wormaciensi
1254 1311 1397 1396 mandat,
1415 1313 1564 1396 quatinus

230 1438 301 1484 cum
326 1416 475 1485 Conrado
506 1421 622 1486 comite
645 1421 750 1485 Irsuto
779 1426 812 1485 et
834 1419 1004 1485 Elisabeth
1032 1426 1110 1484 nata
1139 1419 1299 1502 quondam
1323 1419 1489 1485 Frederici
1513 1439 1564 1486 co·

230 1527 316 1592 mitis
348 1525 390 1592 de
421 1525 582 1610 Liningen
616 1526 714 1592 vidua
746 1524 906 1609 qnondam
931 1524 1095 1593 Frederici
1126 1525 1246 1592 domini
1274 1525 1316 1593 de
1341 1526 1563 1593 BIankenhcin

231 1633 418 1717 Magantinc
447 1641 480 1700 et
502 1633 753 1699 Wormaciensis
786 1633 973 1716 diocesim,
1007 1635 1061 1716 qui
1094 1633 1291 1718 ignorantes,
1327 1633 1413 1717 quod
1445 1635 1564 1700 tercius

229 1740 350 1825 gradus
374 1742 661 1825 consanguinitatis
684 1742 768 1806 inter
792 1760 847 1807 eos
871 1741 1042 1824 existebat,
1067 1741 1301 1808 matrimonium
1325 1747 1562 1824 contraxerunt,

230 1867 326 1933 super
359 1847 420 1913 hoc
452 1847 681 1935 impedimento
711 1847 886 1933 dispenset,
920 1849 967 1914 ita
990 1855 1025 1913 ut
1048 1848 1178 1914 valeant
1200 1848 1289 1914 licite
1314 1847 1345 1912 in
1369 1847 1431 1914 hoc
1455 1848 1563 1913 matri·

230 1955 335 2020 monio
359 1974 558 2040 permanere,
583 1956 703 2040 prolem
727 1954 965 2040 suscipiendam
990 1975 1030 2022 ex
1054 1957 1101 2021 cis
1124 1954 1300 2040 legitimam
1324 1954 1515 2020 nunciando.

336 2061 473 2127 Romani
498 2061 658 2148 pontilicis
682 2062 880 2149 precellens.
911 2111 919 2128 .
949 2111 956 2128 .
1004 2063 1079 2128 Dat.
1112 2063 1208 2128 Avin.
1233 2062 1329 2128 XVII
1352 2061 1398 2128 kl.
1422 2062 1562 2128 octobris

229 2190 260 2234 a.
284 2166 536 2252 decimoquarto.

379 2295 452 2364 Rep.
472 2295 528 2350 100
549 2309 598 2348 ar.
615 2294 694 2363 620,·
712 2295 765 2349 Rc.
784 2295 869 2349 1383.

336 2566 459 2633 1940.
486 2567 574 2632 1330
595 2567 789 2654 September
808 2569 861 2631 16.
885 2565 1050 2654 Aoipooo.

336 2708 496 2775 lohannes
519 2708 619 2774 XXII
644 2708 779 2774 Iohanni
803 2715 881 2775 nato
897 2709 1048 2794 Symonis
1072 2707 1112 2776 de
1137 2710 1311 2795 Spaiubem
1336 2710 1462 2775 confert
1482 2709 1562 2775 eccl.

230 2816 362 2881 Trever.
397 2817 630 2897 canonicatum,
665 2815 861 2903 prebendam
892 2837 968 2881 vero
1002 2816 1104 2882 eidem
1140 2823 1293 2898 reservat,
1328 2817 1562 2883 nonobstante

230 2921 315 3006 qnod
340 2924 371 2986 in
395 2922 476 2987 eccl.
500 2922 610 2990 Colon.
636 2925 861 2989 canonicatum
885 2931 918 2988 et
941 2922 1138 3009 prebendam
1162 2924 1294 2989 obticet.

336 3028 499 3098 Nobilitas
515 3030 653 3114 generis,
678 3029 744 3096 vite
761 3079 769 3093 .
787 3078 820 3095 ..
854 3029 928 3095 Dat.
947 3030 1040 3095 Avin.
1058 3029 1137 3095 XVI
1160 3029 1205 3095 kl.
1223 3030 1363 3096 octobris
1387 3051 1417 3095 a.
1439 3031 1562 3113 quinto·

229 3136 365 3202 decimo.

199 3247 202 3251 ’
336 3246 373 3309 In
397 3264 426 3310 e.
450 3267 492 3310 m.
523 3244 768 3331 archIepiscopo
791 3244 1014 3311 Ebredunensi
1048 3251 1080 3310 et
1112 3243 1222 3311 abbati
1256 3246 1288 3309 in
1321 3244 1496 3330 Spainhcm
1530 3252 1563 3312 et

229 3351 392 3437 preposito
416 3352 448 3416 in
472 3351 688 3437 Swabeghem
711 3372 768 3436 per
791 3353 988 3438 prepositum
1011 3351 1096 3418 soliti
1120 3352 1291 3436 gubernari
1309 3351 1451 3437 Magunt.
1477 3350 1551 3418 dioc

230 3459 504 3525 monasteriorum.

378 3582 451 3652 Rep.
471 3581 551 3652 981'.
571 3583 630 3637 389
656 3598 705 3637 mr.
724 3583 788 3638 916.

337 3845 459 3913 1047.
484 3848 573 3912 1330
595 3845 790 3934 September
811 3850 866 3911 21.
894 3846 962 3913 Avi
983 3867 1060 3912 ooo.

335 3989 503 4055 Iohannes
527 3991 638 4054 XXII
668 3989 815 4055 Iohanni
836 3991 909 4076 repi
932 3991 1067 4056 Boemie
1096 3991 1245 4073 nunciat,
1279 3993 1368 4075 qood
1392 3992 1463 4056 11111
1480 4012 1562 4078 pro-

222 4097 411 4181 positiones
446 4098 492 4162 ad
528 4097 743 4163 concordiam
776 4097 866 4163 irater
895 4117 1028 4184 papam
1059 4105 1088 4162 et
1113 4098 1319 4163 Ludooiccm
1343 4099 1383 4163 de
1407 4099 1562 4164 Bovario

225 4204 424 4289 faciendam
447 4205 622 4270 tendentes
645 4205 764 4286 reiicit,
796 4225 934 4289 comque
958 4205 1055 4270 valde
1078 4207 1249 4290 vituperat
1272 4205 1313 4270 de
1337 4206 1391 4286 iis,
1415 4227 1477 4290 que
1500 4227 1563 4292 per

228 4312 369 4376 nummos
391 4311 512 4377 obtulit
537 4312 646 4376 Azoni
668 4312 710 4377 de
734 4312 984 4377 Vicecomitibus
1008 4313 1141 4377 domimo
1167 4313 1363 4378 Mediolani.

335 4459 507 4544 [lohannes
531 4461 642 4545 XXII]
668 4461 803 4528 Iohanni
826 4463 896 4548 regi
921 4461 1060 4528 Boemie.

333 4568 385 4633 De
413 4568 514 4652 regia,
547 4567 592 4633 fili
622 4569 795 4650 carissime,
828 4589 892 4635 non
925 4566 1084 4636 credimus
1117 4567 1271 4636 memoria
1293 4569 1454 4635 excidisse
1487 4589 1563 4636 suas

227 4675 321 4742 nobis
336 4675 395 4742 sub
412 4674 490 4741 data
506 4675 618 4759 vigilie
634 4682 836 4762 pentecostes
852 4674 1010 4742 direxisse
1026 4676 1150 4742 litteras
1167 4677 1377 4760 contInentes,
1402 4675 1562 4760 quomodo

327 4839 357 4901 a)
375 4852 471 4892 corr„-
496 4835 669 4893 Salmanno.
