3642 5509
650 1035 905 1136 Johunnes
939 1035 1106 1134 XXll.

761 1214 996 1284 rare-rear.

822 1363 931 1372 ...η-ι..-

313 1463 428 1531 1107.
459 1467 545 1530 1327
570 1465 710 1531 Journal·
733 1465 765 1529 9.
799 1461 963 1551 deipnos.

314 1608 482 1674 13133333
508 1608 620 1673 XXII
651 1607 768 1673 011331
795 1608 835 1673 cle
865 1608 1038 1673 Herbererr
1069 1607 1109 1673 olo
1138 1627 1223 1673 3333
1254 1607 1386 1694 confert
1413 1609 1548 1673 333331-

206 1715 419 1782 3131113331.
444 1714 480 1782 S.
508 1713 720 1782 (1331331313
746 1712 968 1801 0331333113.
1635 1795 1641 1802 ,

314 1819 488 1907 [1313333333
512 1819 591 1906 XII]
617 1819 728 1887 Ottoni
753 1819 795 1886 de
818 1820 983 1886 Herberen
1008 1819 1163 1887 canonico
1187 1820 1325 1888 ecclesie
1348 1819 1381 1886 S.
1404 1820 1546 1887 Castoris

206 1929 239 1993 in
263 1926 466 1995 Confluentis
490 1928 624 1994 Trever.
650 1926 735 1994 dioc.

310 2034 531 2118 Suffragantia
555 2035 614 2100 tibi
637 2035 774 2101 merita.
793 2083 826 2100 ..
856 2033 942 2101 Sane
965 2035 1084 2119 peticio
1108 2040 1165 2100 tua
1187 2035 1280 2102 nobis
1303 2035 1450 2101 exhibita
1474 2055 1546 2101 333-

207 2143 341 2225 tinebat‚
376 2141 461 2224 quod
495 2162 554 2208 nos
586 2143 661 2207 olim
679 2190 686 2206 .
706 2191 740 2208 ..
774 2143 997 2208 canonicatum
1022 2142 1159 2208 ecclesie
1182 2142 1216 2208 S.
1242 2141 1440 2209 0331331313
1465 2142 1545 2208 Con-

205 2248 340 2316 fluentia
356 2299 363 2314 .
382 2299 416 2315 ..
441 2251 622 2336 apostolica
651 2250 711 2316 tibi
735 2251 931 2316 auctoritate
956 2251 1225 2316 contulimus...
1248 2248 1444 2336 prebendam
1469 2270 1545 2315 vero

207 2357 371 2438 ...(tr'brl
396 2355 545 2423 duximus
570 2355 817 2424 reservandam.
838 2407 845 2422 .
865 2356 1006 2423 .Verum
1031 2358 1117 2440 3313,
1140 2357 1226 2424 sieut
1248 2358 1374 2441 asseris,
1398 2377 1455 2443 per
1474 2358 1546 2422 sim·

206 2462 384 2548 plicitatem
406 2464 440 2529 in
463 2463 601 2550 prelatis
625 2464 743 2530 litteris
766 2465 885 2530 mentio
909 2464 999 2530 facta
1021 2484 1085 2529 non
1108 2463 1181 2547 fuit,
1215 2463 1300 2547 quod
1328 2471 1471 2530 curatam
1495 2482 1545 2529 ec·

207 2568 338 2636 31331333
371 2571 403 2635 13
427 2569 527 2654 Sigen
552 2570 740 2655 Maguntine
774 2569 991 2637 diocesis...
1025 2570 1176 2637 collatam
1209 2572 1385 2657 recepisses
1414 2577 1446 2636 31
1474 2591 1544 2637 eam

205 2695 265 2761 per
288 2675 530 2760 quadriennium
553 2678 606 2744 vel
640 2677 729 2744 eirca
762 2678 930 2761 tenuisses,
963 2678 1047 2744 sicut
1075 2676 1181 2745 adbuc
1205 2683 1305 2761 13333,
1328 2677 1545 2763 fructusper·

207 2783 330 2868 cipiens
354 2803 394 2850 ex
418 2782 542 2866 eadem,
576 2783 619 2850 ad
643 2803 754 2851 saeros
777 2782 898 2850 ordinis
927 2804 991 2849 non
1019 2790 1193 2869 promotus,
1226 2783 1545 2871 dispensatione...

207 2907 271 2954 non
302 2890 444 2975 obtenta,
574 2889 751 2977 capitulum
786 2890 941 2957 eiusdem.
964 2891 1100 2956 ecclesie
1132 2890 1166 2956 S.
1193 2890 1335 2958 Castoris
1368 2898 1482 2957 contra
1513 2897 1547 2956 te

207 3002 339 3082 propter
361 2998 423 3064 boc
446 2995 490 3064 ad
514 2997 624 3064 sedem
649 2997 861 3083 apostolicam
886 2997 1100 3084 appellarunt,
1129 2998 1216 3082 11331,
1239 3004 1275 3064 ut
1298 2998 1426 3080 asseris,
1450 3017 1547 3082 super

207 3104 423 3189 appellatione
456 3104 636 3172 huiusmodi
672 3125 873 3188 nequaquam
909 3124 1094 3190 processum
1128 3107 1256 3171 3313131.
1315 3104 1422 3183 Quare
1453 3105 1546 3171 nobis

208 3209 370 3276 humiliter
392 3213 657 3298 supplicasti...
684 3213 751 3282 Nos
775 3214 948 3296 igitur...
976 3221 1012 3278 ut
1036 3215 1199 3298 premissis
1221 3232 1278 3279 seu
1301 3211 1434 3278 defectu
1457 3219 1546 3277 nata·

207 3318 295 3400 lium,
331 3338 424 3402 quem
457 3321 577 3406 pateris
612 3320 653 3386 de
685 3319 885 3387 subdiacono
919 3321 1048 3404 genitus
1071 3326 1103 3385 31
1126 3320 1242 3404 331313,
1276 3339 1374 3404 snper
1403 3339 1477 3404 quo,
1513 3325 1548 3384 ut

208 3425 335 3507 asseris,
365 3425 427 3491 luit
450 3427 532 3493 alias
555 3433 740 3495 tecum...
776 3425 1006 3513 dispensatum,
1024 3475 1032 3490 .
1050 3473 1084 3492 ..
1108 3446 1311 3510 3333333333
1334 3427 1547 3510 obstantibus,

207 3531 431 3599 ecelesiastica
448 3531 616 3618 beneficia,
642 3534 784 3600 etiamsi
802 3554 910 3600 curam
935 3533 1077 3600 habeant
1099 3535 1287 3618 animarum,
1303 3583 1310 3599 .
1329 3584 1337 3600 .
1355 3583 1363 3599 .
1379 3533 1479 3599 libere
1502 3553 1549 3598 re

209 3638 316 3723 cipere
345 3644 379 3704 et
408 3640 496 3706 licite
525 3639 664 3706 retinere
689 3641 808 3724 valeas,
836 3688 896 3705 ...
931 3639 1189 3726 dispensavimus
1213 3641 1435 3708 3113331333
1460 3638 1549 3705 dicta

209 3751 322 3812 curata
345 3747 562 3813 33313313...
591 3754 765 3833 perceptos
788 3747 847 3814 tibi
870 3749 1065 3814 remissimus
1088 3755 1121 3813 31
1144 3747 1410 3816 donavimus...
1433 3746 1547 3812 nichil-

208 3853 333 3918 ominus
357 3901 419 3919 ...
445 3856 670 3920 canonicatum
699 3855 837 3920 ecclesie
861 3855 1027 3922 antediete
1050 3855 1082 3922 S.
1107 3854 1249 3922 (13313313
1266 3905 1274 3921 .
1293 3904 1300 3921 .
1320 3905 1327 3920 .
1351 3874 1391 3921 33
1414 3856 1548 3940 preben-

208 3958 284 4025 dam
313 4009 320 4027 .
349 4009 357 4026 .
385 4009 392 4025 .
418 3960 613 4028 conferimus
637 3968 670 4026 et
693 3959 899 4046 providemus
924 3960 965 4026 de
988 3961 1044 4026 illa
1070 4011 1077 4026 .
1105 4011 1112 4026 .
1141 4011 1148 4026 .
1173 3962 1546 4030 nonobstantibus...

210 4065 297 4150 quod
318 4068 441 4152 pateris
459 4117 466 4133 .
485 4115 519 4133 ..
549 4067 712 4134 delectum
740 4068 895 4134 natalium
920 4076 952 4134 et
976 4067 1061 4151 quod
1085 4068 1183 4135 hodie
1207 4067 1249 4135 de
1272 4068 1412 4136 ecclesia
1435 4074 1548 4134 333313

210 4173 244 4239 13
269 4173 380 4260 Sygcn
403 4175 591 4260 Maguntine
621 4173 760 4241 diocesis
790 4179 954 4258 tamquam
983 4174 1024 4240 de
1047 4176 1116 4241 iure
1139 4181 1276 4242 vacante
1299 4174 1384 4241 tibi.
1403 4228 1410 4244 .
1429 4225 1437 4241 .
1460 4196 1548 4240 man·

213 4279 361 4348 davimus
384 4281 547 4368 provideri
564 4288 597 4349 et
613 4281 700 4366 quod
722 4302 818 4368 super
843 4283 1035 4349 canonicatu
1052 4289 1084 4349 et
1098 4282 1264 4368 prebenda
1289 4282 1427 4348 ecclesie
1442 4281 1548 4348 Wetn·

209 4387 357 4455 lariensis
382 4389 591 4457 Treverensis
615 4389 753 4456 diocesis
778 4390 920 4457 nosceris
942 4388 1082 4474 litigare.
1130 4390 1284 4456 Volumus
1313 4396 1431 4472 331333,
1461 4388 1546 4473 quod

211 4493 358 4580 predicte
388 4497 511 4582 priores
540 4503 648 4563 nostre
678 4497 784 4563 littere
896 4495 937 4563 de
961 4496 1153 4564 canonicatu
1176 4505 1209 4563 et
1231 4495 1397 4583 prebenda
1420 4497 1547 4582 prefate

211 4601 348 4670 ecclesie
381 4603 414 4669 S.
444 4603 587 4671 Castoris
615 4611 647 4671 et
677 4624 846 4690 processus
880 4604 982 4671 habiti
1015 4625 1073 4690 per
1104 4624 1160 4671 eas
1177 4653 1184 4671 .
1203 4653 1237 4670 ..
1269 4604 1360 4670 irrita
1383 4605 1549 4673 31133313

213 4709 354 4776 existant
372 4759 379 4776 .
399 4759 433 4775 ..
460 4711 537 4778 Dat.
561 4712 656 4778 rivin.
682 4712 710 4778 V
734 4711 807 4779 idus
830 4713 967 4778 ianuarii
991 4732 1021 4778 3.
1045 4710 1226 4778 undecimo.

370 4833 443 4905 1139.
464 4835 501 4888 84
518 4834 543 4904 f.
563 4837 622 4891 348
640 4851 686 4890 nr.
707 4835 793 4891 2903.

266 4937 385 4984 Vatlkaa
400 4939 574 4993 1133313311.
1372 4943 1387 5002 1
