3642 5509
889 418 958 480 tear
979 415 1061 482 ttsrz
1080 422 1106 482 3.

436 603 609 688 [lohannes
630 605 741 690 XXII]
766 605 890 672 decano
915 607 949 674 S.
967 607 1122 674 Gereonio
1146 614 1179 672 et
1201 607 1401 674 thesaurario
1424 607 1458 674 S.
1474 603 1601 673 Andree
1623 625 1659 672 ac

332 712 516 777 Alexandro
533 713 573 776 dc
589 713 735 799 Lincpea
760 717 914 780 canonico
931 717 1060 781 maioris
1077 714 1314 781 Coloniensium
1339 715 1557 782 ecclesiarum.

438 820 531 886 Licet
547 840 588 885 ex
604 821 747 887 iniuncto
772 822 884 888 nobis.
904 873 911 887 .
932 872 938 886 .
967 823 1121 889 Exhibita
1143 821 1302 905 siquidem
1326 822 1440 888 nobis.
1459 873 1492 888 ..
1518 823 1659 905 magistri

333 924 428 990 Bindi
441 926 483 992 dc
493 927 587 993 Senis
605 929 720 992 notarii
737 930 836 994 nostri
849 930 986 996 ecclesie
997 931 1196 996 Coloniensis
1212 929 1367 1015 prepositi
1380 923 1550 1014 peticionis
1566 929 1661 994 series

332 1033 527 1117 continebat,
552 1035 636 1117 quod
662 1036 737 1099 olim
761 1038 830 1120 ipse
854 1057 963 1102 omnes
987 1037 1111 1102 fructus
1135 1036 1281 1102 redditus
1305 1046 1478 1122 proventus
1499 1043 1531 1102 et
1547 1037 1660 1102 obven-

331 1142 434 1208 tiones
462 1143 663 1226 prepositure
696 1163 753 1208 sue
868 1143 1014 1209 Gerardo
1043 1143 1084 1210 de
1110 1144 1342 1227 Wernemburg
1366 1145 1399 1222 (l)
1432 1145 1602 1208 scolastico
1632 1149 1660 1206 ct

332 1249 488 1314 canonico
512 1247 653 1314 eiusdem
679 1250 815 1316 ecclesie
839 1271 940 1333 usque
965 1251 1005 1316 ad
1032 1251 1111 1316 certi
1136 1251 1290 1336 temporis
1314 1252 1459 1336 spacium
1483 1251 1602 1316 locavit
1623 1249 1659 1313 ad

332 1356 458 1422 firmam
482 1377 539 1441 pro
564 1363 652 1421 certa
681 1358 834 1442 pensione
864 1378 970 1422 annua
995 1357 1082 1424 dicto
1106 1365 1232 1424 notario
1257 1359 1354 1423 certis
1379 1357 1449 1422 loco
1474 1366 1507 1422 et
1530 1359 1661 1422 termino

331 1462 521 1544 exolvendo,
554 1470 587 1529 et
617 1463 703 1546 quod
732 1463 837 1530 dictus
874 1465 1063 1532 scolasticus
1093 1475 1125 1531 et
1162 1465 1322 1531 chricus
1355 1464 1534 1530 Bunncnsis
1565 1465 1662 1529 frater

332 1590 371 1635 ac
395 1569 580 1636 Eberardus
603 1569 644 1635 de
668 1570 920 1656 Tboynemburg
957 1573 1165 1638 consobrinus
1198 1570 1340 1638 eiusdem
1373 1573 1534 1638 scolastici
1558 1571 1662 1636 Mona·

332 1678 495 1742 steriensis
519 1677 718 1743 (tolonensis
751 1678 890 1745 diocesis
925 1681 1130 1744 ecclesiarum
1164 1680 1319 1766 prepositi
1349 1688 1380 1743 et
1405 1679 1550 1744 canonici
1575 1678 1662 1744 Colo·

331 1784 469 1866 nienses,
505 1785 558 1867 qui
591 1804 626 1849 sc
659 1788 893 1851 constituerunt
926 1789 1030 1852 socios
1061 1787 1094 1850 in
1120 1786 1181 1851 bac
1205 1795 1307 1870 parte,
1343 1785 1384 1850 dc
1411 1787 1566 1851 solvendo
1591 1805 1661 1870 pen-

331 1892 452 1957 sionem
476 1893 578 1974 ipsam
603 1892 730 1978 prefato
761 1895 885 1958 notario
917 1943 977 1958 ...
1005 1913 1040 1958 se
1064 1893 1256 1959 insolidum
1377 1894 1568 1978 obligarunt.
1593 1913 1662 1958 con-

331 2001 527 2082 stringentes
559 2018 595 2064 se
627 1999 668 2064 ad
702 1999 736 2063 id
772 2001 1008 2066 observandum
1045 2001 1171 2066 vinculo
1207 2001 1326 2086 proprii
1363 2002 1532 2066 iuramenti
1568 2020 1662 2083 seque

332 2125 428 2190 super
463 2105 524 2170 boc
559 2105 772 2171 iurisdictioni
808 2127 934 2172 camere
971 2107 1057 2173 dicte
1088 2107 1174 2173 sodis
1204 2110 1412 2192 (apostolice)
1436 2127 1493 2192 per
1516 2128 1663 2192 procura-

332 2220 433 2278 torem
456 2214 498 2279 ab
519 2213 564 2278 cis
589 2220 760 2298 propterea
782 2213 926 2296 legitime
950 2215 1158 2279 constitutum
1182 2215 1370 2280 submittere
1394 2221 1604 2294 curaverunt3
1627 2233 1663 2278 ac

333 2319 469 2386 dilectus
501 2319 590 2384 filius
622 2320 777 2403 magister
806 2319 920 2384 Petrus
949 2321 989 2384 dc
1019 2320 1160 2387 Verdala
1193 2322 1366 2386 canonicus
1400 2320 1663 2386 carcassonensis

333 2428 518 2513 capellanus
551 2434 659 2492 noster
692 2435 767 2491 tunc
799 2428 959 2510 generalis
989 2428 1117 2495 auditor
1141 2449 1307 2494 causarum
1334 2429 1421 2494 curie
1445 2430 1496 2494 bo.
1521 2449 1583 2493 mc.
1608 2429 1660 2493 Ar-

334 2532 422 2599 naldi
446 2533 589 2618 episcopi
607 2534 799 2599 Albanensis
816 2535 983 2599 camerarii
1003 2535 1128 2600 nostri.
1150 2537 1403 2602 ..scolasticum
1429 2542 1461 2602 et
1483 2537 1663 2621 prepositos

335 2640 497 2706 debitores
529 2641 693 2725 predictos
725 2641 767 2706 ad
795 2643 982 2708 soluendum
1013 2644 1101 2709 dicto
1125 2645 1249 2708 notario
1273 2645 1459 2728 pensionem
1484 2643 1661 2710 huiusmodi

336 2747 660 2832 ...condempnavit
684 2758 717 2813 et
739 2751 772 2813 in
795 2751 906 2834 ipsos.
927 2752 1003 2816 ..si
1028 2749 1208 2816 deficerent
1231 2752 1264 2816 in
1293 2753 1516 2816 observatione
1540 2751 1662 2837 predic·

334 2863 448 2937 mmm,
473 2857 628 2921 canonica
651 2857 825 2922 monitione
848 2859 1002 2941 premissa
1019 2859 1355 2924 excommunicationis
1380 2860 1572 2924 sententiam
1596 2878 1664 2945 pro·

335 2961 502 3046 mulgavit‚
537 2969 630 3046 prout
661 2971 710 3030 est
743 2965 774 3028 in
808 2965 926 3029 talibus
950 2971 1145 3029 consuetum.
1194 2965 1336 3047 Cumque
1360 2965 1561 3049 postmodum
1588 2965 1663 3030 dicti

334 3070 523 3135 scolasticus
547 3076 579 3134 et
602 3072 756 3155 prepositi
781 3071 943 3137 debitores
973 3092 1030 3156 per
1058 3073 1226 3138 triennium
1250 3073 1282 3136 in
1307 3072 1471 3138 solucione
1504 3074 1664 3157 pensionis

335 3174 515 3242 huiusmodi
547 3176 775 3259 cessavissent‚
889 3180 1043 3262 magister
1076 3177 1285 3263 Raymundus
1319 3180 1446 3244 Iuvenis
1478 3181 1665 3246 scolasticus
1769 3183 1770 3248 ;

335 3284 471 3348 ecclesie
487 3283 761 3366 Petragoricensis
778 3305 945 3350 causarum
962 3285 1049 3349 curie
1074 3305 1201 3350 camere
1224 3292 1333 3350 nostre
1356 3286 1516 3368 generalis
1540 3286 1665 3352 auditor
1769 3371 1770 3384 ἵ

336 3390 479 3474 prefatos
495 3441 502 3453 .
520 3436 553 3453 ..
582 3390 623 3454 ad
644 3391 829 3456 instantiam
858 3391 937 3456 dicti
969 3392 1162 3456 notarii...
1187 3391 1291 3456 fecit.
1312 3441 1345 3456 ..
1374 3395 1665 3460 excommunicatos
1769 3401 1770 3480 p

337 3496 464 3581 publice
498 3497 643 3563 nunciari
677 3517 795 3580 cosque
828 3499 968 3583 ipsorum
1001 3499 1202 3564 contumacia
1226 3505 1433 3564 excrescente
1457 3500 1497 3564 ab
1522 3501 1665 3564 omnibus
1769 3483 1770 3508 ³

334 3605 435 3668 artius
459 3605 575 3668 evitari
599 3605 682 3669 etin
707 3606 939 3689 participantes
964 3605 1084 3670 eisdem
1108 3614 1184 3671 tuno
1208 3607 1395 3671 nominatim
1419 3625 1590 3690 expressos

334 3711 470 3776 similem
505 3711 845 3776 excommunicationis
880 3714 1075 3777 sentenciam
1112 3713 1341 3798 promulgavit3
1381 3713 1438 3778 sed
1467 3713 1598 3779 iidem.
1626 3762 1663 3776 ..

334 3816 496 3883 debitores
519 3817 698 3882 huiusmodi
721 3820 927 3884 sentencias.
947 3868 954 3882 .
974 3826 1269 3905 contempnentes,
1294 3820 1476 3884 sentencias
1493 3821 1581 3905 ipsas
1598 3821 1664 3886 lere

334 3945 392 4008 per
421 3923 507 3989 alind
543 3924 710 3988 triennium
747 3926 985 3991 substinuerunt
1017 3935 1048 3990 ct
1084 3925 1191 3990 adbuc
1218 3927 1396 3992 substinere
1419 3947 1482 3990 non
1506 3935 1664 3994 verentur.
1769 3999 1770 4010 p

335 4031 441 4110 Quare
456 4032 548 4097 nobis
563 4032 740 4116 prelibatus
763 4034 906 4096 notarius
931 4032 1092 4097 humiliter
1115 4033 1308 4117 supplicavit
1325 4041 1383 4098 etc.
1417 4033 1484 4100 Nos
1501 4034 1666 4116 igitur...
1769 4027 1770 4032 ¹

334 4158 468 4223 per...
496 4139 624 4203 Petrum
649 4140 698 4203 tit.
724 4139 757 4204 S.
778 4138 935 4223 Stephani
961 4141 992 4203 in
1017 4139 1215 4220 (bellomonte
1237 4141 1448 4225 presbiterum
1473 4139 1667 4207 cardinalem

335 4294 395 4309 ...
416 4265 511 4330 super
536 4247 721 4330 premissis.
740 4294 746 4307 .
766 4295 773 4309 .
792 4247 1054 4311 informacionem
1078 4247 1178 4331 recipi
1202 4247 1337 4312 fecimus
1361 4255 1393 4312 et
1418 4296 1477 4312 ...
1503 4247 1667 4314 dilectioni
1769 4301 1770 4320 ,

335 4361 441 4418 vestre
464 4353 522 4417 sub
547 4352 886 4418 excommunicationis
911 4373 994 4436 pena
1008 4403 1015 4416 .
1031 4402 1061 4418 ..
1086 4352 1284 4436 mandamus,
1309 4355 1457 4435 quatinus
1560 4375 1668 4440 supra-

335 4459 440 4525 dictos
554 4458 715 4524 debitores
739 4480 867 4524 monere
891 4462 1019 4541 curetis,
1048 4469 1083 4524 ut
1107 4459 1191 4524 infra
1215 4460 1295 4525 duos
1318 4481 1467 4526 menses.
1487 4510 1493 4525 .
1513 4509 1521 4526 .
1544 4464 1667 4528 notario

334 4566 536 4632 satisfaciant
551 4573 734 4631 memorato.
760 4567 909 4649 Alioquin
929 4615 935 4630 .
955 4617 961 4631 .
980 4568 1077 4632 .Dat.
1097 4567 1188 4630 Avin.
1198 4567 1236 4632 V.
1253 4588 1354 4633 nonas
1378 4569 1488 4633 marcii
1503 4591 1531 4633 a.
1546 4570 1666 4651 quinto.

513 4673 584 4742 Περ.
606 4673 643 4725 70
661 4672 685 4741 f.
705 4673 765 4726 200
782 4687 830 4726 ar.
854 4675 919 4725 416.

435 4817 464 4884 a)
484 4815 592 4885 Himpe
612 4815 646 4869 irc
666 4832 728 4885 req.
