3642 5509
272 441 326 499 loc
789 437 859 496 1327
877 436 1048 495 December
1065 435 1091 493 3.

271 623 325 689 vel
357 628 561 708 personatum
589 642 646 687 scu
675 620 814 686 officium
838 626 994 701 curatum,
1027 618 1154 683 omnino
1186 615 1327 683 dimittat
1351 614 1528 701 predictam
1552 636 1602 683 ec-

271 729 402 796 clesiam
426 728 669 814 parrochialem.

377 836 502 903 Meritis
524 844 579 901 tue
602 836 772 920 probitatis
801 883 808 897 .
838 883 845 899 .
875 882 882 899 .
940 834 1015 898 Dat.
1041 832 1134 898 Avin.
1164 832 1214 896 ΙΙΙ
1240 852 1342 897 nonas
1369 829 1603 897 decembrica.

271 942 473 1010 duodecimo.

379 1051 417 1117 In
440 1070 469 1117 e.
489 1072 532 1115 m.
564 1050 599 1115 S.
623 1049 726 1115 Maric
750 1054 782 1114 et
805 1050 839 1113 S.
862 1046 1031 1114 Adalberti
1055 1046 1213 1129 Aquensis
1236 1042 1338 1111 Leod.
1361 1044 1445 1111 dioc.
1471 1044 1603 1112 decanis

271 1179 311 1224 ac
334 1158 503 1224 Ambrosio
527 1155 569 1221 de
592 1155 776 1222 Mediolano
800 1156 955 1221 canonico
979 1152 1231 1221 Mediolanensis
1254 1150 1473 1219 ecclesiarum.

420 1280 492 1352 Rep.
511 1282 550 1335 36
566 1280 591 1351 f.
609 1280 667 1335 269
683 1294 732 1334 mr.
751 1278 834 1334 1694.

378 1552 495 1618 1351.
520 1554 606 1618 1327
629 1551 814 1617 December
835 1551 868 1614 3.
891 1548 1057 1636 Auipoorr.

380 1694 539 1762 lohannes
550 1694 649 1759 XXII
674 1693 808 1759 Iohanni
822 1694 953 1758 Karsilii
977 1692 1018 1758 de
1042 1693 1164 1759 luliaco
1185 1694 1364 1778 presbitero
1380 1692 1491 1759 Oolon.
1517 1690 1601 1759 dioc.

271 1808 415 1870 reservat
437 1800 626 1869 beneficium
647 1800 900 1867 ecclesiasticum
919 1820 989 1865 cnm
1006 1820 1083 1866 cura
1100 1801 1151 1866 uel
1166 1802 1235 1867 sine
1251 1821 1338 1883 cura,
1363 1799 1454 1867 cuius
1470 1799 1602 1881 fructus,

272 1911 299 1975 si
323 1914 478 1992 curatum,
509 1907 798 1991 vigintiquinque,
831 1909 859 1973 si
884 1927 960 1973 vero
984 1908 1054 1973 sine
1079 1927 1155 1974 cura
1179 1908 1283 1990 luerit,
1317 1905 1500 1991 quindecim
1523 1926 1602 1971 mar·

272 2015 404 2082 charum
427 2016 553 2098 argenti
576 2034 601 2079 s.
619 2019 642 2079 t.
659 2012 692 2078 d.
717 2014 857 2079 valorem
881 2034 1020 2080 annuum
1044 2035 1107 2079 non
1131 2013 1301 2098 excedant,
1326 2012 1369 2079 ad
1392 2014 1546 2099 prepositi
1570 2018 1604 2077 et

273 2122 405 2208 capituli
435 2120 514 2187 eccl.
538 2120 698 2203 Aquensis
722 2119 822 2186 Leod.
855 2120 940 2187 dioc.
968 2120 1210 2207 dispositionem
1239 2121 1447 2188 communiter
1475 2120 1527 2186 vel
1555 2118 1603 2185 di-

272 2228 363 2296 visim
389 2229 561 2313 pertinens.

379 2335 429 2400 Ex
457 2340 513 2400 tue
540 2332 721 2399 devotionis
748 2342 781 2399 et
810 2335 1015 2420 probitatis.
1042 2384 1050 2401 .
1078 2384 1086 2400 .
1132 2334 1211 2401 Dat.
1235 2335 1330 2400 Avin.
1354 2335 1404 2400 IlI
1426 2354 1528 2400 nonas
1551 2332 1603 2399 de·

273 2443 410 2509 cembris
432 2463 462 2507 a.
486 2439 687 2507 duodecimo.

381 2549 417 2613 ln
440 2568 469 2614 e.
494 2569 536 2613 m.
570 2548 679 2614 abbati
712 2550 896 2614 monasterii
925 2549 1126 2615 Stabulensis
1155 2555 1188 2614 et
1217 2548 1341 2615 decano
1373 2549 1407 2615 S.
1436 2548 1603 2615 Adalberti

272 2656 432 2739 Aquensis
443 2654 545 2721 Leod.
569 2655 652 2722 dioc.
671 2674 710 2722 ac
726 2655 894 2722 Ambrosio
919 2655 960 2722 de
977 2655 1159 2722 Mediolano
1183 2658 1338 2722 canonico
1355 2654 1604 2721 Mediolanensis

272 2763 491 2831 ecclesiamm.

171 2852 175 2857 ι
433 2887 506 2956 Ray.
526 2887 565 2941 86
583 2884 608 2956 f.
627 2887 684 2942 276
701 2902 749 2942 nr.
769 2890 848 2943 1713.

377 3168 501 3237 lem.
531 3171 616 3235 1327
639 3169 823 3235 December
843 3170 877 3234 3.
910 3166 1075 3255 Avipaou.

379 3311 539 3379 lohannes
566 3312 665 3378 XXII
712 3310 785 3378 Ade
819 3310 861 3377 de
899 3312 1045 3378 Damone
1084 3312 1209 3379 confert
1250 3312 1329 3379 eccl.
1365 3312 1399 3378 S.
1435 3311 1602 3378 Adalberti

271 3420 433 3504 Aquensis
457 3417 559 3486 Leod.
593 3420 676 3485 dioc.
712 3420 947 3502 canonicatum,
979 3419 1174 3504 prebendam
1209 3440 1283 3485 vero
1312 3419 1415 3485 cidem
1451 3425 1603 3495 reservet,

272 3546 335 3593 non
364 3527 512 3592 obstante
545 3525 631 3608 quod
664 3524 897 3611 parrochialem
931 3526 1101 3592 ecclesiam
1135 3528 1167 3591 in
1196 3528 1358 3611 Scoctcng
1381 3526 1491 3592 Gelon.
1520 3525 1603 3590 dioc.

272 3632 407 3698 obtinet.

380 3739 555 3805 Probitatis
589 3745 644 3805 tue
675 3741 791 3806 merite
814 3786 823 3805 .
847 3789 889 3806 ..
936 3741 1205 3806 Dat.Avin.111
1237 3762 1338 3807 nonas
1365 3740 1544 3807 decembris
1573 3762 1603 3807 a.

273 3844 475 3913 duodecimo.

381 3955 418 4019 ln
451 3974 480 4019 e.
508 3974 549 4019 m.
589 3954 700 4020 abbati
738 3956 924 4021 monasterii
962 3956 1165 4023 stabulensis
1203 3964 1236 4022 et
1275 3956 1398 4023 decano
1437 3956 1471 4022 S.
1505 3956 1605 4021 Marie

273 4062 433 4145 Aquensis
457 4059 558 4128 Leod.
592 4060 677 4127 dioc.
711 4083 750 4128 ac
782 4062 951 4130 Ambrosio
985 4062 1027 4130 de
1052 4064 1233 4129 Mediolano
1266 4066 1422 4130 canonico
1456 4063 1603 4129 Mediola-

272 4168 380 4235 nensis
403 4168 620 4235 ecclesiarum.

422 4292 496 4362 Bep.
517 4294 555 4347 86
571 4292 596 4363 f.
616 4290 683 4347 2761
700 4310 749 4349 rar.
768 4295 849 4350 1714.

381 4557 503 4624 1353.
530 4559 616 4624 1327
640 4558 824 4625 December
845 4562 878 4625 3.
909 4559 1074 4648 Am'qoou.

377 4698 538 4767 Iohannes
571 4698 669 4767 xxn
709 4699 859 4788 Adelpho
895 4701 937 4768 de
972 4703 1059 4789 Ripa
1094 4705 1219 4771 confert
1253 4704 1332 4771 eccl.
1372 4706 1405 4771 S.
1436 4702 1605 4813 Adalbcrti

274 4806 433 4893 Aquensis
461 4807 562 4873 Leod.
596 4806 680 4873 dioc.
713 4811 948 4889 canonicatum,
980 4810 1176 4896 prebendam
1209 4832 1287 4878 vero
1315 4811 1418 4878 eidem
1451 4818 1605 4897 reservat,
