3642 5509
270 452 323 507 4⁶29
786 455 854 509 1331
875 456 1052 526 September
1072 456 1113 511 98.

271 636 444 701 Henricnm
479 636 757 721 archiepiscopum
783 637 1004 720 llaguntinum
1040 646 1229 722 receperant
1262 637 1294 701 in
1327 634 1604 723 archiepiscopum

270 743 442 808 eorundem
467 743 592 826 sibique
619 792 678 808 ...
706 743 979 810 obediebant...
1003 750 1034 808 ct
1058 744 1261 827 recusabant,
1285 744 1368 811 sicut
1393 752 1551 827 recusant,
1569 791 1603 809 ..

271 851 516 937 archiepiscopo
541 852 731 917 Trevcrensi
750 902 756 913 .
776 902 782 915 .
802 900 809 917 .
834 853 885 917 cui
910 872 967 937 per
986 900 992 915 .
1012 902 1018 916 .
1046 853 1268 937 prepositum.
1288 901 1295 917 .
1313 851 1470 917 decanum
1494 858 1527 917 et
1551 872 1603 917 ca·

272 958 405 1044 pitulum
431 958 573 1024 eiusdem
599 958 733 1024 ecclesie
757 959 948 1043 Magantine
976 959 1213 1026 administratio
1236 961 1447 1046 spiritualium
1472 968 1505 1025 et
1528 966 1605 1025 tern-

271 1067 427 1150 poralinm
463 1066 563 1152 ipsius
597 1066 731 1132 ecclesie
761 1066 952 1151 llaguntiue
982 1068 1077 1153 plena
1107 1074 1139 1132 et
1168 1068 1280 1149 libera,
1317 1087 1508 1151 quamquam
1542 1067 1604 1132 hoc

271 1172 359 1239 dicte
393 1172 463 1239 sedi
499 1174 667 1239 dumtaxat
702 1173 744 1239 de
776 1175 845 1239 iure
879 1180 1051 1260 competat,
1089 1176 1271 1241 temeritate
1299 1176 1430 1261 propria
1453 1173 1493 1239 de
1518 1174 1603 1239 sacto

272 1282 442 1347 commissa
476 1281 579 1345 fuerat
604 1288 636 1346 et
659 1280 713 1364 qui
737 1286 887 1366 pretextu
922 1282 1154 1348 commissionis
1184 1281 1364 1349 huiusmodi
1388 1281 1533 1348 similiter
1563 1282 1604 1348 de

271 1388 360 1455 facto
384 1410 442 1474 pro
466 1408 523 1454 suo
547 1389 638 1454 libito
662 1409 696 1455 se
712 1390 881 1473 ingerebat
905 1388 1177 1455 administrationi
1198 1390 1335 1474 prefate,
1360 1388 1491 1455 obedire
1508 1395 1604 1472 atque

272 1497 332 1580 ipsi
357 1495 512 1562 adherere
536 1496 688 1561 nolebant
705 1545 712 1560 .
731 1548 738 1564 .
757 1546 764 1560 .
782 1495 968 1562 Gerhardus
985 1494 1025 1562 de
1043 1496 1237 1580 Bateuborg,
1263 1496 1421 1563 lohannes
1437 1496 1479 1562 de
1495 1496 1604 1563 Fride-

271 1604 352 1687 berg
376 1610 408 1669 et
431 1602 591 1669 Iohannes
615 1602 657 1668 de
674 1602 830 1669 Fontibus
854 1604 1000 1669 canonici
1025 1603 1167 1669 eiusdem
1192 1605 1329 1671 ecclesie
1351 1604 1538 1689 Magantine
1552 1654 1559 1670 .
1574 1652 1603 1670 ..

271 1710 465 1778 adherentes
489 1711 680 1775 Treverensi
713 1710 958 1796 archiepiscopo
993 1709 1157 1777 antedicto
1191 1730 1290 1793 seque
1317 1709 1368 1791 de
1388 1711 1477 1777 facto
1507 1714 1604 1778 ctiam

271 1818 472 1886 intitulantes
506 1826 539 1884 et
573 1819 749 1884 scribentes
789 1817 913 1883 iudices
956 1818 1043 1883 curie
1084 1817 1370 1904 archiepiscopalis
1405 1818 1604 1904 Magantine

271 1928 416 2010 quamvis
449 1946 508 2010 per
532 1925 653 1990 dictum
679 1926 852 1991 Heuricum
880 1924 936 1990 alii
961 1925 1067 1990 iurent
1090 1931 1123 1991 et
1147 1926 1211 1991 sint
1241 1924 1328 1990 dicte
1361 1926 1449 1990 curie
1481 1925 1606 1993 iudices

271 2034 414 2117 legitime
447 2033 609 2119 deputati,
649 2033 987 2098 excommnuicationis
1020 2033 1163 2115 aliasque
1195 2033 1327 2117 penales
1360 2035 1540 2099 sentencias
1573 2034 1605 2099 in

272 2140 378 2206 dictos
400 2139 542 2225 prelatos
567 2148 598 2206 et
623 2141 742 2205 clerum
759 2160 798 2206 ao
820 2160 927 2206 eorum
952 2140 1095 2223 singulos
1119 2139 1160 2205 de
1184 2139 1272 2205 facto
1296 2139 1392 2206 modo
1416 2141 1510 2207 simili
1536 2162 1604 2225 pro·

271 2248 412 2313 tulerunt
435 2255 467 2313 et
491 2268 546 2313 eas
571 2248 754 2313 executioni
787 2246 934 2313 mandari
966 2248 1114 2313 fecerunt
1147 2254 1179 2312 et
1213 2247 1335 2312 faciunt
1359 2252 1470 2313 contra
1494 2267 1549 2313 eos
1573 2254 1606 2313 et

272 2356 409 2440 amplius
432 2356 530 2419 etiarn
554 2354 748 2420 excedentes
770 2354 830 2420 sub
860 2356 952 2439 penis
976 2354 1235 2421 formidabilibus
1258 2360 1439 2420 statuerunt
1463 2363 1495 2421 et
1517 2376 1605 2420 man·

272 2462 398 2545 darunt,
433 2468 585 2544 quantum
608 2462 641 2527 in
666 2462 713 2527 eis
741 2461 812 2544 luit,
845 2460 1032 2526 denunciari
1065 2461 1193 2547 publice
1226 2483 1284 2546 per
1317 2468 1417 2527 totam
1450 2460 1604 2528 diocesim

271 2571 442 2655 prefatam,
466 2589 507 2634 ne
530 2570 637 2652 alique
660 2570 765 2634 littere
789 2569 965 2654 apostolice
989 2570 1210 2653 reciperentur
1233 2569 1274 2634 ab
1298 2570 1406 2651 aliquo
1430 2576 1462 2634 et
1486 2588 1526 2633 ne
1550 2589 1608 2653 per

272 2676 345 2742 illos
360 2679 394 2758 (l)
418 2676 461 2742 ad
485 2683 577 2742 aetus
600 2676 829 2762 procederetur
852 2676 986 2760 aliquos,
1018 2677 1078 2741 uisi
1103 2676 1248 2761 primitus
1273 2696 1330 2762 per
1353 2696 1408 2742 eos
1433 2676 1607 2743 existerent

273 2786 466 2871 approbate3
494 2834 553 2850 ...
582 2786 717 2869 Insuper
740 2784 943 2849 Hermannus
967 2782 1008 2849 de
1033 2784 1157 2849 Bebera
1181 2804 1238 2868 pro
1263 2783 1386 2849 decano
1411 2783 1547 2849 ecclesie
1572 2783 1605 2848 S.

271 2892 371 2957 hlarie
395 2891 601 2958 Erfordensis
629 2889 771 2957 eiusdem
800 2890 939 2957 diocesis
963 2910 997 2955 se
1021 2910 1136 2973 gerens
1166 2910 1264 2973 seque
1294 2910 1441 2957 asserens
1465 2892 1606 2957 commis·

270 3000 391 3065 sarium
416 2999 448 3064 in
473 2998 534 3065 hae
559 3004 650 3084 parte
674 2998 863 3083 deputatum
887 3018 907 3062 a
931 2998 1059 3081 prefato
1087 2997 1332 3081 archiepiscopo
1358 2997 1547 3062 Treverensi
1572 3003 1607 3061 ut-

272 3108 313 3171 ab
338 3106 597 3172 administratore
627 3106 728 3190 ipsius
756 3104 894 3170 ecclesie
920 3104 1106 3187 llaguntiue
1130 3106 1162 3168 in
1187 3104 1406 3189 spiritualibus
1431 3110 1462 3169 et
1486 3110 1607 3189 tempo·

270 3214 393 3280 ralibus
417 3213 591 3279 antedictis
614 3212 782 3278 nonnullos
805 3210 846 3276 de
871 3210 1004 3296 prelatis
1030 3218 1061 3276 et
1084 3211 1168 3276 clero
1193 3210 1329 3296 prefatis
1352 3210 1418 3277 suis
1445 3210 1606 3277 beneficiis

271 3321 501 3387 ecclesiasticis
531 3320 572 3385 de
602 3318 691 3384 facto
721 3318 862 3403 privavit
894 3318 1039 3400 aliasque
1067 3336 1221 3402 personas
1245 3316 1332 3383 dicto
1357 3318 1495 3383 chrico
1519 3316 1605 3383 inbo-

272 3426 460 3494 bendientes
484 3433 517 3491 et
541 3426 677 3491 rebelles
703 3474 710 3489 .
734 3472 740 3487 .
767 3474 774 3489 .
803 3432 834 3489 ct
858 3425 898 3489 ob
924 3424 985 3489 hac
1009 3432 1074 3489 tam
1099 3430 1208 3490 nostra
1232 3444 1326 3507 quam
1350 3424 1450 3509 ipsius
1473 3424 1605 3490 Henrici

271 3534 435 3601 ordinaria
459 3532 652 3598 auctoritate
684 3530 1025 3597 excommunicationis
1049 3538 1082 3596 et
1106 3531 1177 3596 aliis
1201 3529 1337 3596 diversis
1360 3530 1527 3596 sententiis
1551 3551 1606 3617 pu-

271 3641 354 3706 blice
382 3638 554 3705 innodatas
671 3619 799 3704 intrusit
828 3638 862 3702 in
892 3636 1056 3703 benefieiis
1084 3640 1267 3704 memoratis
1384 3636 1491 3714 Quare
1515 3638 1606 3703 nobis

270 3746 387 3831 prelati
410 3754 443 3811 et
467 3746 570 3811 clerus
595 3743 732 3829 predicti
755 3744 918 3809 humiliter
941 3745 1186 3829 supplicarunt.
1207 3794 1213 3808 .
1233 3794 1239 3808 .
1257 3745 1324 3811 Nos
1346 3744 1520 3828 igitur...
1545 3744 1606 3811 dis-

271 3854 406 3919 cretioni
431 3861 586 3920 vestre..
607 3853 829 3935 mandamus,
856 3853 1030 3935 quatinus.
1050 3902 1056 3917 .
1077 3852 1126 3918 .si
1145 3852 1236 3918 vohis
1260 3852 1402 3935 legitime
1426 3853 1607 3918 constiterit

271 3964 319 4027 ita
342 3980 423 4037 esse,
457 3962 633 4027 sententias
663 3967 785 4025 statuta
813 3968 845 4026 ct
875 3958 1029 4025 mandata
1059 3979 1117 4044 per
1147 3960 1319 4025 canonicos
1343 3979 1381 4024 ac
1409 3960 1606 4043 privationes

271 4076 304 4134 ct
334 4068 523 4133 collationes
557 4068 779 4133 beneficiorum
815 4066 988 4132 eorundem
1021 4086 1080 4151 per
1112 4067 1330 4131 Hermannurn
1443 4065 1484 4131 de
1517 4066 1605 4132 facto

271 4183 458 4261 presumpta
481 4183 514 4240 ct
538 4172 690 4257 quicquid
716 4194 756 4239 ex
787 4173 908 4239 eisdem
941 4174 1109 4239 sententiis
1141 4175 1272 4239 statutis
1306 4172 1466 4239 mandatis
1500 4174 1603 4258 priva-

271 4282 411 4348 tionibus
435 4291 467 4348 et
492 4281 716 4347 collationibus
733 4282 784 4346 vel
808 4282 849 4346 ob
866 4302 905 4346 ea
921 4288 1065 4346 secutum
1091 4288 1149 4363 est,
1174 4283 1366 4347 auctoritate
1389 4286 1499 4346 nostra
1514 4281 1605 4345 irrita

271 4388 455 4454 decernatis
479 4395 520 4472 et,
555 4397 712 4471 quatenus
736 4387 777 4454 de
802 4388 888 4454 lacto
913 4398 1146 4473 processerunt,
1171 4390 1205 4452 in
1227 4390 1349 4453 irritum
1374 4387 1532 4453 revocetis
1551 4436 1558 4452 .
1574 4436 1603 4453 ..

270 4494 496 4562 nichilominus
519 4494 649 4560 eosdem
679 4495 820 4580 prelatos
845 4502 877 4559 et
901 4495 1020 4560 clerum
1044 4496 1077 4559 in
1101 4514 1209 4560 eorurn
1234 4494 1396 4561 benefieiis
1497 4514 1603 4559 manu-

271 4604 409 4667 teneatis
433 4612 466 4667 et
489 4601 671 4667 huiusmodi
695 4602 836 4686 prelatos
859 4608 892 4667 et
916 4600 1051 4668 clericos
1065 4650 1073 4667 .
1088 4652 1095 4667 .
1111 4652 1117 4666 .
1132 4602 1276 4688 privatos
1291 4602 1469 4667 restituatis
1485 4600 1527 4666 ad
1549 4600 1604 4665 illa

346 4707 495 4792 quodque
525 4714 638 4774 contra
668 4708 802 4774 clericos
832 4707 1085 4773 contradictores
1109 4715 1142 4773 et
1170 4709 1306 4776 rebelles
1325 4705 1506 4774 ...eadem
1531 4727 1604 4772 aue-

272 4812 402 4882 toritate
426 4834 482 4900 per
511 4834 675 4881 censuram
705 4814 959 4881 ecelesiasticam
987 4822 1020 4880 et
1050 4836 1148 4901 penas
1174 4816 1437 4901 privationis
1461 4823 1493 4881 et
1516 4814 1605 4879 inha-
