3642 5509
768 472 838 529 1318
855 474 994 530 Februsr
1011 475 1036 529 6.
1513 470 1563 529 121

229 674 342 721 vorum
377 653 429 720 dei
465 654 584 723 dilecto
618 654 683 720 lilio
717 654 816 720 nobili
851 656 921 720 viro
953 654 1122 739 Reynaldo
1156 656 1264 722 comiti
1300 654 1408 721 Gelrie
1443 653 1562 721 devoto

230 768 349 827 nostro.
396 761 539 828 Salutem
564 771 597 829 et
620 764 829 847 apostolicam
853 761 1120 828 benedictionem.
1159 764 1194 827 ln
1219 768 1328 829 tenore
1353 760 1563 845 quarumdam

230 867 407 935 litterarum
437 869 523 935 clare
551 870 703 935 memorie
726 868 888 935 Guillelmi
919 870 1005 954 regis
1025 869 1239 935 Romanorum
1263 871 1296 935 in
1320 870 1435 935 littoris
1458 869 1499 934 fe.
1517 889 1561 933 re.

230 974 406 1041 Alexandri
431 996 515 1061 pape
538 976 606 1041 lIlI
623 1024 631 1040 .
649 980 680 1040 .¹
702 977 820 1042 inserto
844 978 928 1041 inter
951 976 1016 1041 alia
1039 978 1261 1062 prospeximus
1286 976 1453 1059 contineri,
1477 974 1562 1060 quod

230 1080 316 1147 idem
349 1101 406 1148 rex
440 1082 482 1150 de
514 1081 646 1152 oonsilio
679 1083 858 1168 principum
893 1081 1052 1167 qnondam
1078 1083 1195 1150 Oetoni
1218 1084 1362 1151 Gelrensi
1393 1084 1501 1149 comiti
1530 1090 1564 1149 et

230 1188 411 1275 Sutpbanic
440 1192 523 1275 patri
547 1196 602 1256 tuo
626 1195 764 1255 castrum
789 1188 830 1255 de
855 1190 1057 1274 Novomagio
1082 1195 1114 1257 61
1137 1189 1318 1257 theloneum
1344 1189 1386 1256 de
1408 1189 1563 1257 Lobbede

231 1315 303 1361 cum
336 1296 483 1364 omuibus
514 1296 717 1383 pertinentiis
748 1297 816 1364 suis
843 1298 877 1362 11
905 1296 1035 1363 feudum
1060 1296 1256 1384 possidenda
1280 1282 1450 1363 concessit.
1495 1296 1564 1364 Nos

231 1403 330 1488 igitur
361 1405 425 1471 1116
457 1404 607 1490 precibus
639 1403 786 1469 inclinati
818 1403 985 1469 adinstar
1008 1402 1244 1490 predecessoris
1268 1403 1410 1471 eiusdem
1435 1423 1563 1469 conces·

230 1510 352 1578 sionem
375 1511 478 1596 ipsam
495 1510 537 1577 de
557 1517 663 1577 castro
680 1517 713 1575 et
729 1509 878 1577 theloneo
902 1510 1047 1596 predicto
1072 1510 1204 1597 provide
1227 1511 1349 1577 factam
1371 1510 1563 1577 auctoritate

231 1617 412 1703 apostolica
445 1617 668 1685 confirmamus
700 1624 733 1685 et
766 1620 926 1705 presentis
961 1619 1072 1704 scripti
1108 1618 1287 1704 patrocinio
1322 1618 1562 1684 communimus.

231 1722 319 1792 Nulli
342 1726 441 1809 igitur
470 1775 477 1791 .
507 1775 515 1790 .
542 1774 550 1791 .
596 1727 672 1792 Dat.
696 1726 799 1792 Rome
829 1724 916 1811 apud
942 1724 975 1791 S.
998 1726 1133 1791 Mariam
1161 1726 1314 1792 maiorem
1339 1726 1372 1789 Il
1395 1744 1495 1791 nonas
1518 1724 1563 1789 ie-

231 1831 350 1897 bruarii
373 1832 579 1917 pontificatus
601 1834 701 1898 nostri
725 1854 809 1898 anno
833 1835 977 1916 quarto2.
1024 1834 1092 1901 Nos
1115 1834 1224 1916 itaque
1247 1832 1310 1897 tuis
1333 1831 1460 1899 devotis
1482 1830 1563 1915 peti-

231 1939 371 2005 tionibus
395 1940 566 2024 benignum
590 1940 810 2026 impertientes
833 1959 997 2007 assensum
1023 1938 1167 2005 adinstar
1183 1938 1325 2005 eiusdem
1341 1938 1562 2024 pedecessoris

231 2045 359 2113 Nicolai
384 2048 621 2113 concessionem
654 2048 758 2133 ipsam
790 2046 832 2113 de
866 2054 972 2113 castro
1002 2054 1035 2112 et
1064 2046 1213 2112 theloneo
1241 2044 1396 2131 predictis
1428 2042 1563 2130 provide

231 2153 352 2219 iactam
385 2155 577 2220 auctoritate
609 2154 789 2240 apostolica
817 2154 1039 2220 confirmamus
1072 2160 1104 2219 et
1136 2155 1294 2239 presentis
1322 2151 1433 2237 scripti
1457 2158 1563 2237 patro-

232 2261 315 2326 cinio
350 2262 588 2327 communimus.
647 2261 778 2328 Dictum
812 2267 920 2327 autem
956 2268 1097 2327 tenorem
1132 2259 1348 2347 predictarum
1385 2260 1563 2325 litterarum

231 2365 311 2433 dieti
334 2368 420 2452 regis
443 2368 477 2432 in
499 2367 615 2435 litteris
638 2367 781 2435 eiusdem
814 2367 1053 2454 predecessoris
1082 2366 1258 2435 Alexandri
1288 2368 1387 2443 nobis¹
1410 2364 1563 2432 exhibitis

231 2476 384 2541 insertum
408 2474 450 2540 de
474 2476 572 2541 verbo
596 2474 786 2541 adverbum
811 2477 1013 2562 presentibus
1035 2477 1132 2541 inseri
1155 2475 1299 2558 fecimus,
1324 2477 1378 2558 qui
1402 2474 1475 2541 talis
1497 2480 1563 2539 est:

233 2581 421 2649 Guillelmus
444 2581 496 2647 dei
520 2584 626 2666 gratia
650 2582 863 2649 Romanorum
891 2604 950 2649 rex
978 2603 1103 2668 semper
1126 2588 1290 2667 augustus,
1315 2583 1470 2648 universis
1494 2600 1563 2666 pre·

231 2709 304 2754 sens
327 2691 481 2775 scriptum
505 2690 735 2776 imperpetuum
761 2690 877 2756 visuris
899 2710 1076 2774 agnoscere
1099 2690 1278 2755 veritatem.
1331 2690 1421 2756 Sicut
1445 2687 1565 2772 regalis

231 2796 346 2862 merito
370 2797 525 2862 interesse
549 2796 646 2862 debet
670 2796 869 2863 celsitudinis
884 2804 918 2863 et
942 2800 1084 2882 potentie
1108 2796 1366 2864 animadvertere
1389 2794 1564 2863 crudeliter

231 2904 263 2968 in
286 2903 496 2984 facinorosos,
521 2905 567 2970 ita
590 2903 685 2970 decet
708 2906 810 2989 ipsam
835 2906 922 2971 eirea
945 2904 1118 2971 benevolos
1139 2911 1172 2971 et
1195 2902 1402 2987 obsequiosos
1425 2903 1562 2987 gratiam

231 3010 442 3076 favorabilem
475 3030 637 3077 exercere.
683 3011 770 3078 Hinc
800 3020 849 3077 est
882 3011 967 3095 quod
1000 3032 1059 3079 uos
1092 3009 1331 3078 considerantes
1364 3015 1562 3077 constantem

232 3116 437 3184 devotionem
460 3138 501 3183 ac
528 3117 678 3184 devotam
712 3120 936 3199 constantiam,
973 3140 1052 3202 quas
1085 3118 1222 3184 dilectus
1254 3117 1357 3183 fidelis
1389 3122 1498 3183 noster
1531 3123 1564 3183 et

232 3226 487 3308 consanguineus
511 3225 593 3293 Octo
627 3246 734 3292 eomes
763 3225 927 3292 Gelrensis
959 3232 993 3292 et
1020 3225 1198 3312 Sutpbanie
1231 3223 1274 3291 ad
1305 3231 1447 3291 nostram
1479 3224 1563 3307 gerit

232 3331 438 3398 serenitatem
473 3338 505 3398 et
536 3333 716 3417 imperium,
749 3334 782 3398 in
808 3334 1096 3399 remunerationem
1120 3334 1169 3400 sui
1192 3334 1237 3418 pii
1262 3332 1341 3398 facti
1363 3330 1405 3397 de
1429 3331 1562 3398 consilio

234 3440 414 3525 principum
448 3447 587 3506 castrum
622 3438 664 3505 de
686 3440 889 3525 Novomagio
918 3460 988 3505 eum
1019 3440 1165 3506 omnibus
1187 3440 1253 3507 suis
1276 3437 1456 3504 attinentiis
1479 3437 1563 3504 villis

232 3545 414 3611 nemoribus
446 3565 600 3629 aquarum
622 3545 810 3613 decursibus
832 3548 934 3633 pratis
957 3548 1044 3630 agris
1068 3546 1162 3613 cultis
1189 3553 1222 3613 et
1249 3547 1386 3629 incultis,
1422 3545 1562 3628 vasallis,

231 3652 460 3718 ministralibus
483 3674 523 3719 ac
546 3653 692 3720 omnibus
720 3654 841 3719 iuribus
875 3653 978 3719 eidem
1008 3659 1113 3720 castro
1137 3653 1346 3719 attinentibus
1369 3673 1427 3738 pro
1451 3652 1562 3719 decem

231 3760 360 3826 milibus
385 3760 587 3827 marcharum
616 3761 742 3845 argenti
766 3766 799 3826 et
821 3781 879 3846 pro
903 3762 1049 3828 omnibus
1072 3761 1232 3848 expensis,
1262 3762 1290 3827 si
1313 3780 1375 3843 que
1398 3760 1466 3825 lieri
1490 3781 1563 3827 con·

231 3867 360 3951 tingunt
392 3869 425 3933 in
463 3873 568 3933 castro
607 3868 658 3933 vel
696 3867 774 3933 villa
813 3867 1088 3952 qualitercumque
1126 3866 1306 3935 muniendis
1344 3868 1395 3933 vel
1427 3867 1563 3933 edificiis

232 3972 351 4041 ibidem
382 3974 614 4057 construendis,
648 3973 808 4058 legittima
843 3976 1084 4061 computatione
1116 3974 1158 4041 de
1190 3974 1252 4041 hiis
1284 3974 1375 4040 facta
1407 3973 1563 4060 predictis

232 4079 344 4147 decem
377 4082 505 4148 milibus
549 4081 749 4148 marcharum
793 4080 1012 4167 superadditis
1050 4082 1142 4149 titulo
1185 4080 1274 4147 leudi
1310 4080 1562 4163 intenderimus,

232 4188 413 4255 theloneum
448 4190 578 4275 insuper
610 4188 651 4254 de
684 4187 838 4255 Lobbede
872 4210 943 4255 cum
977 4190 1122 4265 omnibus
1155 4190 1246 4255 bonis
1279 4188 1462 4254 feudalibus
1494 4188 1564 4255 sive

232 4294 314 4376 aliis,
345 4315 407 4379 que
434 4296 520 4362 idern
545 4316 652 4362 comes
675 4302 708 4361 et
731 4296 779 4362 sui
804 4302 1024 4363 antecessores
1047 4316 1148 4378 usque
1171 4294 1214 4361 ad
1238 4303 1384 4380 tempora
1406 4296 1469 4361 ista
1492 4314 1564 4381 pos·

231 4402 392 4486 sederunt,
425 4404 487 4469 sibi
514 4403 615 4469 libere
645 4412 679 4468 et
707 4404 823 4485 quiete,
856 4404 940 4469 sicut
962 4404 1034 4489 ipsa
1067 4421 1173 4468 comes
1203 4400 1288 4467 idem
1312 4402 1468 4468 hactenus
1492 4422 1563 4486 pos·

231 4509 347 4594 sedit³,
371 4510 577 4577 concedimus
600 4508 804 4596 possidenda.
853 4510 1005 4576 Preterea
1032 4510 1059 4575 si
1089 4510 1193 4595 ipsum
1224 4509 1372 4575 comitem
1397 4507 1563 4575 discedere

333 4673 360 4739 1)
380 4670 465 4727 Coni.
485 4671 569 4727 Sloet
591 4672 679 4727 Oorlc.
698 4674 732 4727 B.
752 4671 792 4739 ΙΙ,
813 4672 880 4735 757,·
901 4674 974 4741 Rep.
995 4671 1070 4741 Imp.
1092 4670 1133 4705 **
1153 4672 1236 4727 9063.

331 4762 360 4827 1)
380 4760 464 4817 conr.
484 4759 642 4830 Lenptois,
661 4762 721 4815 Les
740 4758 896 4830 aspiceres
916 4761 953 4815 de
972 4758 1097 4815 Nicolus
1116 4760 1163 4815 IV
1177 4776 1224 4814 nr.
1245 4761 1327 4816 6540.

331 4852 362 4913 a)
379 4850 516 4921 posscdis
535 4866 590 4906 ms.
