3642 5509
806 467 875 522 aaut
893 466 956 522 Juli
976 466 1020 521 ai.

413 647 487 716 ηερ.
508 648 561 699 114
588 659 635 713 ps.
656 647 690 698 ir
713 645 738 714 f.
757 649 865 700 trs-46
896 661 920 700 e.
940 646 1006 712 869,
1035 647 1099 713 861,
1127 646 1193 712 862,
1223 648 1288 714 866,
1311 647 1377 713 864,
1395 647 1462 701 865,
1481 675 1514 684 -
1535 647 1585 700 or.

412 771 534 824 memor.
555 771 604 824 uer
621 770 754 838 plumeo.
809 771 847 824 in
865 769 949 838 pilea
967 771 1010 825 aa
1029 772 1140 826 aare:
1166 735 1350 860 fflfflffih
1405 773 1441 826 m
1474 771 1585 826 corso.-

417 877 572 932 Treverca.
602 877 741 932 Kobleua.
778 878 865 932 Arclc
891 893 954 947 rep.
1001 876 1134 947 Erastift
1165 875 1261 932 Prter.
1291 878 1324 931 A.
1353 878 1442 933 Μ).
1470 877 1586 933 Stacta-

414 964 534 1021 Arabio.
553 969 587 1021 B.
607 967 643 1020 B.
664 969 725 1022 160.
746 995 779 1006 -
801 966 947 1034 Giinther,
969 967 1039 1022 (lod.
1058 964 1136 1035 cipi.
1156 967 1231 1020 111⁶.
1251 983 1299 1021 nr.
1319 969 1383 1021 143.

357 1203 480 1320 iasii.
512 1257 598 1319 1327
622 1255 699 1320 Juli
721 1256 775 1319 27.
805 1252 969 1339 Aclpooo.

359 1395 518 1463 Iohannes
534 1395 633 1462 XXII
656 1397 833 1462 Veuemaro
849 1395 890 1460 de
907 1395 1113 1481 Aldeudorpe
1137 1396 1263 1460 confert
1287 1396 1367 1461 eccl.
1384 1397 1585 1464 Susaciensis

253 1503 487 1586 canonicatum,
522 1502 717 1589 prebendam
742 1523 818 1568 vero
851 1502 957 1568 eidem
992 1509 1147 1578 reservat,
1183 1523 1246 1568 uon
1269 1503 1419 1569 obstante
1442 1503 1528 1587 quod
1552 1505 1586 1569 in

252 1610 332 1676 eccl.
357 1611 600 1677 Monasteriensi
623 1613 845 1678 canonicatum
871 1618 902 1677 et
926 1609 1123 1695 prebendam
1147 1610 1282 1680 obtinet.

354 1716 534 1784 Laudabile
564 1719 778 1784 testimonium
807 1717 894 1800 quod
919 1767 926 1780 .
952 1767 959 1781 .
987 1767 994 1782 .
1043 1719 1117 1783 Dat.
1143 1717 1237 1782 Avin.
1265 1718 1308 1783 Vl
1333 1719 1376 1782 kl.
1402 1720 1530 1803 augusti
1553 1741 1585 1785 a.

253 1822 433 1890 undecimo.

359 1930 397 1996 In
420 1951 448 1998 e.
474 1951 515 1997 m.
549 1932 712 2016 preposito
738 1931 914 2017 Kerpensis
939 1929 1050 1996 Goion.
1075 1929 1159 1996 dioc.
1185 1937 1218 1995 et
1241 1930 1441 1998 thesaurario
1465 1934 1499 1999 S.
1524 1933 1584 1999 Ge·

252 2037 335 2121 orgii
358 2036 468 2102 Color.
493 2058 533 2103 ac
555 2039 709 2121 magistro
738 2038 857 2103 Iacobo
886 2036 928 2102 de
956 2037 1080 2103 liutius
1103 2037 1273 2103 scolastico
1298 2037 1459 2105 Tullcnsis
1482 2041 1586 2125 capel·

252 2143 327 2209 lano
350 2150 458 2210 nostro
482 2144 700 2210 ecclesiarum.

402 2286 473 2357 Bcp.
494 2288 532 2340 84
549 2286 573 2357 f.
593 2287 652 2340 428
668 2302 716 2342 rvr.
736 2289 818 2342 3100.

360 2550 483 2616 1266.
515 2554 600 2617 1327
626 2552 703 2618 Joii
725 2555 779 2618 29.
812 2552 978 2639 Aoipmu.

359 2693 527 2759 Iobaaces
552 2695 662 2759 XXII
690 2695 848 2776 decernit,
879 2696 969 2779 quod
991 2696 1039 2760 od
1061 2697 1259 2763 solvendum
1281 2699 1470 2763 subsidium
1495 2699 1587 2762 Heo-

254 2801 324 2864 ra'eo
348 2801 598 2886 archiepiscopo
617 2799 807 2868 Coloniensi
826 2822 892 2887 pro
916 2802 1119 2868 relevatione
1144 2804 1333 2870 debitorum
1350 2825 1373 2869 o
1390 2825 1489 2889 popo
1511 2824 1586 2868 cou-

254 2927 382 2971 ccacum
409 2914 564 2973 leuentur
593 2909 695 2974 ella-m
726 2910 933 2974 monasterio
958 2907 1228 2976 Ciatevcieueium
1251 2915 1282 2976 et
1305 2913 1424 2979 domuc
1454 2911 1587 2975 ordinis

259 3013 534 3079 lbeotooicorurn
557 3017 593 3080 lo
616 3015 740 3080 diocesi
763 3021 794 3080 et
814 3017 994 3099 procincta
1019 3013 1218 3082 Coloniensi.

358 3155 528 3240 [Iohannes
551 3156 662 3241 XXII]
687 3157 827 3223 Heurico
851 3157 1095 3243 archiepiscopo
1119 3159 1311 3225 Coloniensi.

360 3262 493 3328 Sincere
516 3262 703 3330 devocionis
727 3263 863 3330 affectus
879 3312 886 3326 .
902 3312 932 3329 ..
965 3265 1051 3330 Sanc
1075 3264 1195 3331 dudum
1219 3287 1277 3351 pro
1300 3273 1392 3351 parte
1416 3274 1472 3332 tua
1494 3265 1587 3330 nobis

254 3370 410 3455 exposito,
445 3368 531 3452 quod
560 3376 692 3455 propter
719 3370 913 3456 multiplices
936 3391 1080 3454 guerras,
1115 3391 1194 3454 quas
1218 3372 1464 3457 predecessores
1487 3375 1584 3438 tui..

254 3483 287 3541 et
309 3475 448 3540 maxime
474 3476 556 3541 bone
579 3478 731 3543 memorie
755 3475 944 3542 Wicboldus
974 3477 1235 3565 archiepiscopus
1258 3479 1458 3547 Coloniensis
1480 3482 1586 3545 imme

253 3580 361 3649 diatm
383 3579 591 3667 predecessor
608 3591 681 3648 tuus
700 3604 742 3648 ex
762 3585 857 3649 certis
873 3583 1118 3651 rationabilibus
1141 3586 1247 3652 causis
1271 3592 1383 3651 contra
1407 3594 1511 3653 certos
1534 3606 1586 3652 no·

252 3687 334 3754 biles
356 3687 495 3754 movisse
518 3695 552 3754 et
575 3689 726 3756 babuisse
749 3690 974 3772 noscebantur,
1003 3711 1041 3758 ac
1065 3692 1161 3756 etiam
1186 3699 1317 3777 propter
1339 3713 1482 3776 guerras,
1507 3713 1587 3776 quas

253 3800 289 3861 tu
321 3795 461 3861 movisse
494 3815 535 3861 ex
568 3797 675 3862 causis
707 3796 863 3862 similibus
887 3803 920 3862 ct
943 3797 985 3863 ab
1015 3797 1089 3864 aliis
1112 3797 1172 3863 tibi
1194 3808 1298 3864 motas
1329 3799 1518 3866 sustinuisse
1540 3798 1586 3863 di·

252 3902 446 3983 noscebaris,
477 3923 627 3985 maguam
650 3901 892 3968 diminutionem
916 3902 1127 3969 munitionum
1151 3905 1288 3970 ecclesie
1313 3913 1366 3970 tue
1390 3914 1423 3971 et
1446 3905 1587 3991 dampna

253 4008 368 4094 gravia
399 4009 554 4090 subieras,
589 4016 721 4095 propter
753 4009 839 4094 quod
867 4009 957 4077 dicta
986 4011 1124 4077 ecclesia
1152 4019 1209 4077 tua
1239 4012 1394 4096 gravibus
1417 4032 1587 4098 pregrava-

254 4115 348 4181 batur
371 4117 520 4182 oneribus
543 4116 733 4200 debitorum,
767 4116 917 4200 quodque
941 4125 976 4183 tu
999 4117 1181 4201 attendens,
1215 4118 1301 4202 quod
1332 4119 1464 4202 quidam
1491 4119 1587 4185 comi-

254 4226 357 4289 tatu8¹
392 4222 516 4289 civitati
550 4231 582 4290 et
614 4225 687 4290 aliis
719 4224 812 4291 terris
842 4231 896 4290 tue
924 4225 1062 4291 ecclesie
1091 4226 1277 4292 convicinus
1300 4226 1365 4292 iam
1388 4225 1508 4292 dudum
1532 4246 1585 4291 es-

253 4329 432 4416 ponebatur
467 4329 644 4396 venditioni
673 4338 705 4396 et
729 4330 814 4414 quod
847 4329 937 4399 dicta
971 4331 1111 4399 ecclesie
1145 4332 1399 4418 irreparabiliter
1433 4332 1587 4417 depressa

254 4435 422 4518 subimet,
457 4436 484 4502 si
517 4435 622 4502 dictus
657 4438 827 4504 comitatus
858 4437 901 4503 ad
934 4458 1046 4505 manns
1077 4439 1200 4505 abenas
1232 4439 1369 4505 forsitan
1408 4438 1586 4520 deveniret,

254 4540 374 4607 dictum
410 4543 596 4608 comitatum
632 4564 689 4630 pro
726 4544 915 4627 quibusdam
952 4546 1077 4629 magnis
1112 4547 1320 4630 pecuniarum
1355 4547 1587 4630 quantitatibus

254 4655 409 4735 perpetuo
434 4669 680 4736 comparaveras
703 4671 761 4736 pro
785 4650 925 4718 ecclesia
947 4659 1134 4729 memorata,
1158 4672 1217 4738 pro
1241 4654 1356 4736 quibus
1379 4654 1586 4738 pecuniarum

357 4827 384 4895 1)
403 4828 464 4882 scil.
485 4826 650 4882 Hilkerode
670 4827 887 4897 (Hiilcberatb).
