3642 5509
267 388 321 446 290
797 389 867 446 1329
886 385 1057 448 November
1076 389 1118 446 24.

267 570 353 636 modi
377 571 593 656 deponantur,
633 572 680 637 ita
704 571 856 639 videlicet
889 572 974 656 quod
1003 595 1087 656 mox,
1123 594 1193 638 cum
1224 595 1322 658 penes
1346 574 1450 659 ipsum
1474 570 1516 636 de
1539 569 1601 636 illis

267 697 390 743 summa
423 679 564 761 quinque
596 678 717 744 milium
746 678 934 745 florenorum
960 682 1028 745 auri
1053 680 1104 746 vel
1129 682 1215 746 circa
1237 681 1345 764 fuerit,
1369 682 1439 767 ipse
1462 680 1525 745 hoc
1549 679 1601 744 de·

266 786 342 851 beat
375 785 521 870 predicte
555 806 681 852 camere
705 786 826 869 absque
849 788 1055 852 cunctatione
1081 788 1224 870 qualibet
1247 789 1396 853 intimare
1419 809 1458 853 ac
1483 786 1601 852 deinde

265 893 497 959 mercatoribus
521 900 576 957 aut
606 893 651 958 illi
676 894 728 957 vel
756 893 830 976 illis,
864 914 957 976 quem
987 895 1039 959 vcl
1073 915 1152 977 quos
1186 894 1227 960 ad
1261 895 1295 960 id
1328 896 1599 980 deputaverimus,

267 1000 435 1084 pecuniam
454 1000 644 1084 huiusmodi,
668 1020 730 1083 que
745 1021 845 1085 penes
862 1003 965 1086 ipsum
984 1002 1090 1084 fucrit,
1116 1002 1304 1068 mittendam
1320 1024 1377 1069 scu
1394 1002 1600 1068 deserendam

267 1105 309 1170 ad
333 1127 492 1172 cameram
526 1107 705 1192 predictam
738 1107 846 1173 iacere
879 1107 1017 1174 fideliter
1049 1110 1209 1194 assignari
1240 1111 1301 1194 vel,
1331 1113 1357 1175 si
1389 1109 1600 1195 expedentius

266 1220 298 1278 et
326 1215 469 1279 securius
502 1235 572 1280 csse
603 1215 816 1298 credideritis,
850 1215 882 1279 in
907 1217 1054 1282 manibus
1081 1266 1087 1280 .
1116 1265 1123 1279 .
1149 1217 1302 1284 Iohannis
1326 1217 1439 1284 decani
1464 1217 1600 1282 ecclesie

265 1320 445 1386 Bonnensis
478 1321 677 1387 Ooloniensis
711 1322 850 1388 diocesis
889 1323 985 1388 modo
1019 1331 1051 1388 et
1088 1324 1193 1390 forma
1232 1325 1387 1410 predictis
1419 1324 1599 1410 depositum

266 1425 448 1494 huiusmodi
472 1429 539 1494 fieri
563 1430 701 1495 faciatIs.
749 1429 871 1495 Rursus
906 1429 1062 1515 predictis
1101 1431 1344 1517 archiepiscopo
1380 1439 1413 1497 et
1448 1432 1598 1516 episcopo

264 1534 400 1618 aliisque
423 1536 583 1602 nonnullis
607 1537 740 1620 prelatis
764 1535 851 1602 dicte
874 1538 1039 1621 provincie
1063 1557 1187 1603 necnon
1211 1537 1334 1604 decano
1358 1538 1503 1624 predicto
1525 1539 1599 1604 scri·

263 1641 367 1707 bimus
391 1643 482 1708 iuxta
506 1642 651 1726 formam,
676 1662 771 1726 quam
794 1643 910 1709 cedula
935 1645 1078 1710 eontinet
1102 1647 1302 1730 presentibus
1326 1647 1508 1729 interclusa,
1534 1646 1598 1728 qui·

263 1749 322 1814 bus
346 1749 537 1833 presentetis
560 1770 617 1816 seu
641 1751 818 1834 presentari
842 1751 973 1816 faciatis
997 1752 1131 1836 litteras,
1157 1754 1240 1819 sicut
1264 1753 1409 1819 videritis
1434 1751 1596 1838 expedire.

264 1857 417 1922 Preterea
441 1857 661 1923 collectionem
686 1856 811 1923 decime
835 1858 1018 1924 sexennalis
1041 1879 1080 1924 ac
1099 1859 1298 1926 residuorum
1321 1861 1479 1926 fructuum
1504 1860 1596 1926 benc-

263 1962 406 2029 ficioruur
431 1965 613 2030 vacantium
648 1964 768 2029 dudum
800 1965 833 2028 in
868 1965 915 2031 eis
947 1965 1092 2050 partibus
1125 1986 1182 2051 per
1210 1987 1268 2033 nos
1298 1975 1530 2034 reservatorum
1555 1967 1597 2032 ad

263 2070 433 2136 triennium
458 2092 579 2137 necnon
604 2092 719 2138 census
742 2073 877 2142 ecclesie
901 2073 1046 2138 Romane
1070 2073 1171 2138 debiti
1197 2074 1417 2141 collectionem
1434 2077 1465 2141 in
1483 2074 1596 2141 eadem

263 2177 431 2260 provincia
464 2179 554 2244 vobis
587 2179 826 2263 committimus,
861 2181 945 2246 sicut
978 2181 1010 2244 in
1040 2180 1154 2246 litteris
1183 2180 1258 2246 inde
1288 2182 1444 2248 confectis
1473 2183 1597 2268 plenius

260 2284 409 2366 poteritis
431 2286 555 2352 Intuere
689 2287 765 2352 Dat.
790 2288 883 2352 Avin.
907 2288 987 2352 VIII
1011 2287 1056 2352 kl.
1082 2287 1266 2356 decembris
1291 2311 1320 2355 a.
1346 2289 1596 2374 quartodecimo.

422 2457 494 2526 Ray.
515 2459 569 2511 115
584 2472 633 2526 ps.
654 2457 728 2526 Ilf.
749 2460 802 2513 161
821 2475 868 2513 nr.
890 2460 973 2515 1909,
994 2491 1026 2499 -
1049 2461 1098 2514 Or.
1118 2463 1242 2516 membr.
1262 2459 1328 2515 siae
1344 2459 1438 2530 pltea,
1461 2460 1527 2516 aitte
1544 2461 1595 2530 filo

420 2584 633 2653 foraminum
652 2588 679 2640 et
694 2588 830 2656 plumeo.
873 2587 937 2643 eun
958 2590 1042 2643 imru
1060 2591 1103 2644 aa
1123 2591 1222 2646 ueaerr.
1252 2553 1407 2681 Βξξζζῗ
1472 2589 1595 2643 nasset-

421 2710 504 2780 dorf.
532 2711 621 2767 Aret.
642 2728 704 2783 req.
724 2713 755 2768 S.
775 2712 911 2770 Severum.
934 2713 1034 2770 Colore.
1053 2731 1101 2769 ar.
1121 2716 1192 2770 9οα.

367 3112 492 3181 1807.
519 3116 605 3180 1329
629 3117 816 3184 November
840 3121 893 3183 24.
920 3118 1084 3208 Aotpaon.

364 3257 525 3324 Iohannes
542 3259 640 3324 XXII
664 3260 799 3326 Iohanni
816 3261 857 3327 de
874 3262 972 3329 Cleve
994 3263 1117 3330 decano
1135 3266 1271 3332 ecclesie
1288 3267 1467 3334 BonnensIs
1481 3267 1591 3334 Color.

259 3363 342 3429 dloc.
369 3363 511 3431 destinat
534 3365 669 3450 litteras,
694 3369 903 3451 quibuscum
929 3371 1084 3456 hortatur,
1110 3373 1260 3456 quatinus
1283 3396 1378 3460 super
1402 3375 1591 3442 collectione

258 3465 419 3531 fructuum
444 3469 536 3551 primi
566 3470 640 3534 anni
664 3470 890 3537 beneficiorum
915 3474 1206 3540 ecclesiasticorum
1231 3477 1414 3543 vacantium
1441 3485 1472 3543 et
1497 3499 1590 3544 vaca-

257 3579 398 3637 turorum
423 3575 455 3637 in
479 3574 611 3640 civitate
635 3575 756 3643 diocesi
780 3598 820 3643 ac
843 3580 1010 3663 provincia
1027 3582 1209 3648 Coloniensi
1234 3604 1333 3667 usque
1358 3584 1400 3650 ad
1422 3586 1591 3650 triennium

256 3679 464 3763 Heydenrico
488 3684 651 3767 proposIto
676 3684 709 3749 S.
734 3684 879 3750 Severini
911 3686 1021 3753 Colon.
1047 3696 1079 3753 et
1103 3689 1326 3757 Godcschalco
1358 3691 1398 3756 de
1423 3693 1589 3776 Barberglr

141 3835 145 3842 .
254 3785 427 3852 scolastico
451 3788 631 3855 Bonnensis
663 3789 741 3862 eccl.
776 3791 1001 3860 collectoribus
1034 3794 1197 3880 deputatis
1231 3817 1355 3863 necnon
1368 3781 1496 3884 “Js‘riper
1519 3799 1591 3864 aliis

257 3891 376 3958 eisdem
400 3896 577 3962 commissis
600 3897 740 3982 negotiis
770 3899 817 3964 sic
840 3902 992 3967 assistere
1016 3903 1144 3970 studeat
1169 3905 1309 3971 consiliis
1333 3906 1519 3994 auxillissset
1543 3909 1590 3973 fa·

256 4000 386 4065 voribus
418 4003 593 4086 oportunis,
630 4004 715 4087 quod
749 4009 885 4091 pecunie
917 4007 1073 4075 dictorum
1103 4011 1264 4076 fruetuum
1298 4019 1331 4078 et
1364 4015 1496 4079 aliorum
1520 4036 1589 4100 pro·

256 4113 406 4173 ventuum
440 4131 600 4177 cameram
633 4113 843 4198 apostolicam
868 4118 1131 4200 contingentium,
1165 4120 1192 4184 si
1217 4118 1296 4186 dicti
1321 4122 1509 4188 collectores
1533 4143 1589 4189 eas

254 4233 354 4298 penes
377 4217 553 4284 Iohannem
582 4219 790 4305 deponendas
814 4223 1024 4306 providerint,
1056 4225 1097 4289 ad
1123 4225 1243 4293 dictam
1268 4248 1426 4294 cameram
1451 4228 1590 4295 fideliter

255 4327 288 4385 et
312 4322 513 4407 integraliter
535 4329 803 4394 transmittantur.

359 4429 410 4496 Dc
433 4438 476 4514 te,
500 4432 555 4516 lili,
583 4433 733 4503 fiduciam
761 4487 768 4504 .
798 4487 805 4502 .
835 4487 843 4503 .
893 4439 969 4506 Dat.
994 4447 1030 4506 ut
1054 4462 1151 4527 supra
1175 4446 1226 4524 (=
1244 4444 1337 4510 Avin.
1364 4445 1442 4511 VIII
1466 4445 1511 4512 kl.
1536 4445 1588 4512 de·

254 4535 392 4604 cembris
415 4559 445 4603 a.
469 4539 735 4625 quartodecimo).

405 4693 479 4766 sep.
497 4697 553 4748 115
565 4712 617 4767 ps.
637 4698 673 4752 II
684 4698 711 4768 f.
730 4702 783 4756 161
801 4717 849 4756 ar.
869 4701 952 4756 1912.
