3642 5509
782 435 852 494 1330
871 435 1047 510 September
1065 437 1109 494 30.
1547 435 1600 496 etl

263 619 396 687 stitutus
418 626 451 686 et
474 619 654 686 clericalem
679 626 842 686 tonsuram
866 641 931 686 non
956 619 1078 686 hahens
1101 619 1322 685 canonicatum
1348 626 1380 686 et
1404 621 1600 705 prehendam

265 726 403 793 ecclesie
426 726 627 793 coloniensis
650 734 727 793 tunc
752 734 907 793 vacantes
930 727 1011 794 alias
1035 727 1188 793 canonice
1213 727 1269 793 tibi
1295 727 1428 793 collatos
1451 729 1600 815 recepisti

266 840 299 900 et
321 834 451 901 tenuisti
485 841 518 900 et
541 833 647 899 adhuc
680 840 771 900 tenes
794 855 834 900 ac
857 836 1088 918 subsequenter
1117 834 1299 900 clericalem
1322 841 1485 900 tonsuram
1518 835 1600 903 alias

265 941 408 1025 legitime
441 941 594 1026 recepisti
627 947 660 1006 et
693 940 831 1024 demum,
872 948 1042 1027 postquam
1077 941 1262 1007 vicesimum
1294 942 1424 1007 tertium
1457 943 1600 1010 eiusdem

264 1050 361 1116 etatis
384 1068 501 1114 annum
525 1047 680 1131 attegisti,
705 1049 938 1135 preposituram
967 1049 999 1114 S.
1022 1049 1162 1114 Servatii
1188 1049 1405 1117 Traiectensis
1428 1050 1498 1116 sine
1522 1071 1601 1117 eura

263 1155 365 1222 Leod.
390 1155 497 1240 dyoo.,
529 1163 635 1220 tecum
660 1176 756 1241 super
779 1156 923 1222 eiusdem
947 1158 1044 1221 etatis
1068 1155 1197 1221 delectu
1227 1176 1284 1242 per
1313 1156 1375 1222 loci
1404 1156 1599 1223 ordinarium

264 1261 462 1348 dispensato,
498 1269 531 1328 et
561 1262 794 1330 thesaurariam
830 1263 917 1328 dicte
947 1262 1156 1338 Coloniensis
1192 1283 1255 1347 que
1289 1264 1425 1349 simplex
1460 1263 1598 1331 officium

265 1370 385 1454 existit,
420 1369 479 1436 tibi
505 1370 587 1436 alias
619 1373 775 1436 canonice
804 1370 939 1438 collatos
970 1390 1095 1437 necnon
1119 1369 1244 1435 demum
1278 1371 1312 1435 in
1336 1377 1422 1438 etate
1455 1371 1599 1456 legitima

265 1477 458 1545 constitutus
481 1477 715 1564 preposituram
740 1485 884 1544 curatam
907 1497 948 1544 ac
972 1478 1196 1544 canonicatum
1220 1484 1253 1544 et
1275 1468 1471 1564 prebendam
1495 1477 1595 1544 Leod.

264 1586 344 1652 eccl.
378 1584 463 1672 apud
487 1584 599 1652 sedem
621 1586 834 1670 apostolicam
856 1592 933 1651 tunc
957 1591 1111 1651 vacantes
1139 1605 1178 1650 ex
1203 1584 1373 1653 collatione
1406 1593 1438 1651 et
1470 1585 1598 1672 dispen-

263 1694 387 1760 satione
410 1698 520 1761 uostra
542 1692 633 1760 suisti
661 1693 797 1778 pacifice
826 1699 992 1759 assecutus
1015 1694 1166 1778 ipsasque
1190 1700 1308 1759 extunc
1331 1694 1460 1759 tenuisti
1489 1680 1522 1758 et
1545 1692 1599 1759 ud-

266 1800 329 1866 huc
352 1809 443 1868 tenes
465 1800 653 1883 fructusque
669 1800 843 1885 percepisti
867 1807 901 1867 et
917 1800 1059 1886 percipis
1081 1799 1123 1866 de
1139 1801 1285 1867 omuibus
1310 1799 1472 1867 beneficiis
1487 1821 1597 1887 supra-

263 1907 371 1974 dictis.
419 1907 526 1985 Quare
548 1907 642 1974 uobis
665 1906 826 1972 humiliter
853 1908 1122 1993 supplicasti...
1169 1908 1236 1974 Nos
1260 1907 1388 1992 igitur.
1412 1957 1420 1971 .
1443 1957 1451 1972 .
1473 1926 1596 1972 omnem

263 2014 479 2080 inhabilitatis
503 2013 661 2079 maculam
687 2063 694 2078 .
716 2064 722 2079 .
748 2064 755 2079 .
777 2014 905 2099 penitus
929 2014 1093 2081 abolemus
1117 2019 1214 2098 teque
1239 2063 1245 2079 .
1273 2063 1280 2077 .
1306 2065 1313 2080 .
1337 2014 1543 2081 habilitamur
1566 2020 1599 2079 et

265 2120 404 2186 hahilem
429 2120 624 2186 reddimus.
648 2169 654 2182 .
680 2171 687 2185 .
710 2127 743 2186 et
765 2119 991 2187 nichilominus
1015 2120 1202 2186 collationes
1226 2120 1389 2206 predictas
1411 2121 1453 2187 de
1476 2120 1597 2188 eisdem

262 2228 472 2313 preposituris
495 2248 535 2292 ac
560 2226 759 2293 thesauraria
783 2247 907 2293 necnon
932 2227 973 2293 de
997 2229 1187 2294 canonicatu
1211 2233 1243 2294 et
1266 2226 1430 2313 prebenda
1453 2227 1596 2294 eiusdem

262 2335 342 2400 eccl.
366 2333 468 2400 Leod.
486 2383 494 2398 .
513 2383 520 2398 .
540 2384 547 2398 .
564 2342 652 2400 ratas
676 2334 829 2400 habemus
860 2341 894 2400 et
917 2340 1027 2418 grat-as
1051 2335 1239 2419 lnuctusque
1262 2334 1426 2420 predictos
1447 2384 1454 2400 .
1478 2381 1485 2398 .
1509 2384 1516 2400 .
1538 2335 1597 2401 tibi

261 2442 485 2507 remittimus.
512 2490 520 2505 .
546 2490 553 2505 .
575 2461 615 2506 ac
642 2441 773 2527 iusuper
802 2441 908 2508 dictos
932 2442 1155 2506 canonicatum
1186 2448 1218 2506 et
1240 2441 1436 2527 prebendam
1461 2442 1597 2510 ecclesie

262 2546 493 2614 coloniensis.
519 2598 525 2612 .
547 2595 554 2611 .
578 2547 619 2613 de
642 2548 712 2613 iure
735 2554 889 2613 vacantes
913 2599 920 2612 .
946 2597 954 2612 .
979 2597 986 2612 .
1009 2548 1187 2632 apostolica
1210 2547 1270 2614 tibi
1301 2550 1493 2615 auctoritate
1526 2570 1597 2617 con·

261 2654 393 2720 ferimus
410 2705 417 2719 .
437 2704 470 2720 ..
519 2656 594 2720 Dat.
619 2654 714 2720 Arin.
739 2654 772 2719 II
796 2655 841 2721 kl.
867 2655 1009 2721 octobris
1032 2675 1052 2720 a
1075 2653 1324 2738 quintodecimo.

410 2780 482 2848 Rep.
502 2779 560 2833 100
578 2793 625 2833 nr.
645 2780 690 2834 18.

368 3067 488 3136 1972.
515 3071 603 3135 1330
626 3066 820 3154 September
841 3071 895 3134 30.
930 3067 1095 3156 Aotpaoa.

367 3211 526 3278 Iohannes
549 3212 649 3277 XXII
673 3211 816 3279 Waltero
852 3211 893 3278 de
918 3212 1040 3278 Iswilre
1068 3215 1184 3280 rectori
1218 3213 1428 3298 parrochialis
1461 3215 1597 3280 ecclesie

261 3320 293 3385 in
318 3320 402 3384 Here
425 3316 528 3385 Leod.
558 3319 642 3384 dioc.
673 3325 817 3385 reservat
847 3319 1036 3385 beneficium
1061 3321 1314 3386 ecclesiasticum
1345 3341 1416 3386 cum
1445 3341 1522 3387 cura
1545 3323 1597 3387 vel

261 3429 329 3493 sine
354 3447 441 3510 cura,
466 3429 557 3492 cuius
580 3426 714 3510 fructus,
738 3428 765 3492 si
789 3447 861 3492 cum
885 3447 972 3509 cura,
997 3429 1122 3512 viginti,
1147 3431 1173 3494 si
1197 3448 1273 3496 vero
1296 3430 1385 3495 siuec
1407 3449 1466 3494 ura
1488 3430 1596 3513 luerit,

261 3533 444 3617 quindecim
467 3532 671 3599 marcharum
698 3533 826 3618 argenti
850 3553 876 3600 s.
902 3541 925 3599 t.
950 3533 981 3600 d.
1008 3534 1148 3601 valorem
1177 3554 1314 3604 aunuum
1338 3555 1401 3600 nou
1425 3535 1596 3620 excedunt,

261 3639 304 3706 ad
326 3639 570 3726 dispositionem
593 3639 751 3726 prepositi
783 3639 899 3706 decani
933 3647 965 3706 et
989 3641 1123 3726 capituli
1153 3643 1232 3708 eccl.
1258 3642 1368 3710 Colou.
1393 3643 1597 3708 communitei

260 3748 314 3813 vel
348 3747 476 3814 divisim
512 3747 685 3832 pertinens.
743 3748 866 3812 Tamen
902 3747 1013 3831 vigere
1051 3747 1232 3816 huiusmodi
1267 3749 1373 3834 gratie
1408 3749 1596 3816 heneficium

261 3861 407 3921 curatum
431 3861 606 3936 assecutus,
631 3853 759 3919 omniuo
783 3853 926 3920 dimittat
949 3854 1071 3920 dietam
1094 3855 1328 3940 parrochialem
1352 3856 1531 3922 ecclesiam.

368 3959 443 4026 Vite
466 3980 506 4026 ac
528 3981 649 4027 morum
665 3960 818 4027 honestas
836 4011 843 4026 .
861 4009 868 4023 .
889 4011 896 4026 .
944 3962 1020 4028 Dat.
1039 3963 1132 4029 Asin.
1150 3964 1183 4028 ΙΙ
1200 3962 1244 4028 kl.
1269 3963 1410 4029 octobris
1426 3985 1455 4029 a.
1473 3963 1596 4047 quinto·

261 4067 398 4134 decimo.

288 4198 301 4216 ·
368 4175 406 4239 In
429 4194 456 4240 e.
480 4195 522 4240 m.
546 4174 579 4241 S.
604 4175 751 4242 Severini
780 4182 813 4241 et
836 4175 895 4242 SS.
921 4177 1147 4262 Apostolorum
1173 4175 1285 4246 Oolon.
1311 4176 1443 4246 decanis
1467 4201 1506 4246 ac
1530 4200 1596 4246 seo·

261 4282 375 4348 lastico
398 4282 560 4348 Tulleusis
583 4283 803 4350 ecclesiarum.

410 4407 484 4478 aaa.
504 4406 584 4477 99f.
605 4409 662 4462 305
681 4424 727 4462 nr.
747 4410 831 4464 1736.

367 4676 491 4744 1973.
518 4680 606 4744 1330
629 4679 822 4765 September
843 4681 898 4745 30.
933 4679 1097 4768 Aaipaoa.

367 4821 528 4888 Iohannes
551 4821 650 4887 XXII
675 4820 797 4891 Oououi
821 4822 862 4890 de
886 4824 998 4891 Bolein
1020 4825 1084 4906 (vel
1107 4826 1231 4909 Bolcm)
1261 4833 1337 4895 nato
1362 4826 1530 4895 Godelridi
1553 4825 1595 4894 de
