3642 5509
822 399 985 457 1sasJan1
1005 399 1047 456 14.
1528 399 1579 457 155

245 579 414 664 prebenda
443 601 483 647 ac
510 578 776 648 archidiaconatu
811 583 948 649 ecclesie
971 580 1213 667 Herbipolensis
1246 582 1459 667 competebat,
1493 602 1579 648 man·

244 689 338 756 davit
361 691 539 775 subrogari.

355 798 542 885 Apostolice
574 797 662 864 sedis
695 799 960 884 circumspecta.
986 847 994 863 .
1020 846 1027 861 .
1075 796 1151 861 Dat.
1175 797 1271 862 Avin.
1296 796 1376 863 VIII
1405 797 1479 864 idus
1501 799 1579 864 iunii

244 928 275 976 a.
300 906 501 974 duodecimo.

397 1036 469 1102 Περ.
491 1033 528 1087 87
544 1031 571 1102 s.
591 1034 647 1092 137
665 1048 713 1088 nr.
733 1033 832 1102 24005
853 1035 905 1092 Ra.
925 1036 1005 1090 1035.

355 1335 479 1404 arasa.
505 1340 592 1404 1328
604 1339 691 1406 Just
730 1338 781 1401 14.
819 1333 983 1421 raphon.

355 1481 514 1550 Iohannes
539 1481 639 1548 XXII
673 1480 852 1564 Margarita
884 1477 1036 1565 priorisse
1063 1484 1095 1543 et
1124 1474 1293 1540 conventui
1321 1471 1506 1536 monasterii
1533 1491 1582 1537 so

246 1610 355 1656 rorum
379 1589 420 1656 de
444 1590 537 1657 Valle
560 1590 594 1657 S.
619 1589 720 1656 Maria
743 1609 802 1675 per
824 1586 1009 1674 priorissam
1033 1586 1119 1653 soliti
1142 1586 1315 1671 gubernari
1338 1585 1513 1653 secundum
1536 1586 1582 1652 in·

247 1698 363 1764 stitnta
396 1706 429 1765 ct
461 1699 520 1766 snb
554 1720 631 1766 cura
663 1699 797 1764 fratrum
831 1695 953 1762 ordinis
974 1695 1217 1762 Predicatomm
1244 1695 1421 1762 viventium
1450 1695 1581 1761 Trever.

248 1805 334 1871 dioc.
358 1805 514 1891 indulget,
548 1812 584 1872 nt
606 1806 821 1892 predictarum
851 1803 977 1888 singule
1004 1803 1145 1888 aliquem
1168 1803 1341 1870 discretum
1366 1810 1399 1868 et
1420 1801 1582 1888 ydoneum

247 1914 460 1997 presbiterum
497 1915 680 1998 religiosum
714 1915 765 1980 vel
798 1912 975 1980 secularem
1007 1913 1039 1977 in
1072 1932 1163 1978 snum
1199 1911 1323 1996 possint
1355 1911 1476 1995 eligere
1508 1930 1582 1975 con-

247 2021 415 2105 fessorem,
449 2025 502 2106 qni
535 2025 673 2089 omnium
704 2028 908 2110 peccatorum
937 2020 1064 2106 plenam
1088 2021 1306 2085 remIssioncm
1330 2018 1428 2086 semel
1452 2019 1485 2084 in
1508 2017 1583 2083 arti·

248 2130 323 2195 culo
346 2131 458 2196 mortis
481 2131 528 2197 eis
551 2138 584 2196 et
607 2151 715 2197 earnm
739 2129 874 2214 singulis
898 2127 1075 2193 concedere
1099 2127 1217 2194 valeat.

358 2237 546 2304 Deuotionis
570 2244 602 2303 ct
625 2237 699 2303 fidei
724 2237 923 2323 paritas...
955 2235 1033 2301 Dat.
1050 2234 1146 2302 hvin.
1162 2234 1277 2302 XVIII
1292 2233 1338 2299 hl.
1362 2233 1429 2299 iulii
1454 2254 1485 2298 a.
1506 2231 1583 2299 dno·

247 2343 386 2415 decimo.

411 2473 484 2543 Περ.
503 2475 540 2528 87
556 2471 582 2542 f.
601 2473 665 2528 120¹
684 2487 730 2524 nr.
751 2471 835 2526 2350.

356 2757 476 2825 148⁷.
509 2761 597 2825 1328
621 2760 708 2827 Joot
725 2759 777 2823 14.
805 2755 971 2842 Avipcoc.

361 2902 529 2968 Iohannes
550 2903 663 2968 XXII
687 2903 882 2969 Wcrnercm
914 2901 956 2966 dc
983 2898 1145 2964 Bochcim
1169 2898 1367 2962 cononicam
1391 2897 1524 2962 ecclesie
1548 2895 1584 2962 S.

254 3007 407 3076 Castoris
428 3011 466 3075 in
491 3007 702 3096 Confluentis
724 3010 890 3076 habilitat.

361 3181 534 3266 [lohannes
555 3182 666 3268 XXII]
701 3183 855 3249 Wernero
885 3179 927 3246 de
950 3179 1103 3246 Bacheim
1128 3180 1284 3247 canonico
1307 3177 1442 3244 ecclesie
1466 3175 1499 3241 S.
1524 3176 1584 3242 Ca·

251 3291 349 3356 storia
372 3290 404 3355 in
429 3290 630 3356 Confluentis
652 3291 784 3357 Trever.
808 3288 894 3356 dioc.

361 3399 436 3463 Vite
460 3418 641 3464 acutorum
666 3398 817 3464 honestas
843 3447 851 3462 .
878 3444 885 3459 .
913 3444 921 3461 .
967 3395 1054 3462 Sane
1076 3396 1190 3480 petitio
1218 3415 1277 3479 pro
1299 3398 1391 3478 parte
1414 3397 1471 3456 tua
1493 3389 1585 3455 nohis

253 3505 404 3589 exposita
437 3506 632 3586 continebat,
669 3504 752 3588 quod
782 3511 817 3569 tn
845 3503 920 3569 olim
945 3505 1089 3569 existens
1112 3503 1145 3568 in
1168 3500 1306 3568 ecclesia
1329 3501 1362 3564 S.
1386 3498 1529 3564 (lactoris
1552 3497 1585 3561 in

253 3611 457 3678 Continentia
480 3610 613 3678 Trever,
638 3611 722 3679 dioc.
752 3612 924 3678 canonicus
951 3608 1170 3695 prebendatns
1199 3615 1233 3674 et
1259 3608 1292 3672 in
1320 3604 1509 3672 diaconatus
1538 3623 1585 3667 or·

253 3718 329 3784 dinc
354 3717 546 3784 constitutus
573 3718 807 3804 parrochialem
830 3718 1001 3784 ccclesiam
1029 3719 1061 3781 in
1085 3706 1301 3800 Baz'zinheym
1324 3711 1401 3778 date
1425 3711 1508 3776 dioc.
1533 3729 1586 3774 ca·

253 3827 369 3892 nonice
402 3832 569 3892 assecutus
601 3826 690 3893 fuisti
722 3827 889 3911 ipsamque
917 3823 1114 3910 perdecem
1137 3842 1239 3889 annos
1261 3821 1401 3901 tenuisti,
1434 3818 1477 3883 ad
1500 3837 1586 3902 pres-

253 3935 411 4000 biteratus
435 3932 580 3999 ordinem
603 3953 666 3999 non
690 3939 863 4016 promotus,
900 3930 1049 4015 qnodque
1078 3931 1112 3996 in
1136 3928 1250 3995 eodem
1273 3926 1399 3993 decimo
1423 3944 1506 3991 anno
1529 3921 1585 3986 de·

255 4046 405 4106 canatum
441 4039 586 4106 eiusdem
621 4041 757 4107 ecclesie
793 4039 826 4105 S.
851 4040 993 4105 Castoris
1025 4038 1107 4104 alias
1141 4034 1295 4102 canonice
1327 4031 1464 4116 adeptus
1495 4027 1584 4094 fuisti

254 4147 435 4230 codemque
459 4167 542 4213 anno
571 4153 604 4212 tc
626 4146 732 4212 fecisti
760 4147 793 4210 in
817 4145 1029 4231 presbiterum
1052 4141 1233 4229 promoveri
1258 4161 1298 4205 ac
1320 4137 1489 4204 ecclesiam
1512 4152 1585 4218 par·

255 4255 429 4322 rochialem
453 4261 486 4319 et
509 4251 701 4319 decanatum
733 4252 896 4339 predictos
928 4272 993 4317 una
1025 4271 1096 4316 curn
1130 4248 1321 4314 canonicatu
1350 4250 1382 4307 et
1409 4237 1585 4326 prebenda,

255 4383 335 4445 quas
358 4360 391 4427 in
415 4361 545 4447 prefata
568 4359 707 4426 ecclesia
730 4359 763 4426 S.
781 4360 924 4426 Castoris
946 4365 1023 4423 tnnc
1045 4353 1198 4438 temporis
1222 4351 1400 4430 obtinebas,
1424 4346 1508 4412 sicut
1530 4342 1586 4408 ad-

256 4467 318 4534 huc
342 4467 480 4550 obtines,
514 4475 633 4533 extunc
661 4468 753 4532 annis
775 4466 920 4553 pluribus
942 4462 1069 4530 insimul
1096 4460 1226 4527 tenuisti
1249 4463 1281 4523 et
1305 4455 1429 4520 detines
1452 4449 1589 4535 pacifice

256 4582 289 4640 et
312 4575 430 4658 quiete,
455 4574 579 4641 fructus
602 4573 783 4660 percipiens
806 4593 847 4638 ex
874 4569 1005 4651 eisdem,
1029 4566 1313 4652 dispensatione..
1331 4578 1416 4624 ‚non
1443 4557 1591 4624 obtenta.

256 4681 363 4759 Quare
386 4687 540 4767 proparte
564 4687 619 4747 tua
642 4680 704 4746 init
726 4681 819 4746 nobis
842 4677 1004 4744 humiliter
1025 4672 1250 4760 supplicatum,
1277 4674 1314 4730 nt
1334 4661 1508 4749 providere
1531 4663 1595 4730 tibi

347 4789 566 4875 dignaremur.
623 4788 692 4856 Nos
721 4789 819 4872 igitur
851 4803 976 4852 omnem
1002 4777 1214 4847 inhabilitatis
1236 4769 1392 4839 maculam
1422 4819 1430 4836 .
1461 4815 1469 4830 .
1500 4814 1509 4830 .
1538 4771 1601 4838 ah·
