3642 5509
754 450 823 505 luas
841 449 963 520 August
980 449 1005 504 4.
1527 449 1562 504 61

230 651 322 714 quem
347 633 417 716 ipsa
441 630 569 697 duxerit
592 629 786 714 eligendum,
811 632 949 696 omnium
971 637 1176 715 peccatorum
1198 631 1325 715 plenam
1342 628 1560 696 remissionem

229 739 327 803 semel
353 745 473 804 tantum
499 737 532 803 in
557 740 668 803 mortis
691 737 828 803 articulo
853 736 1030 803 concedere
1054 737 1171 802 valeat.

335 847 487 911 Provenit
511 866 551 910 ex
582 852 636 911 tue
660 844 840 910 devotionis
868 892 928 909 ...
976 844 1051 909 Dat.
1077 845 1172 910 Avin.
1198 844 1231 908 Il
1254 864 1355 910 nonas
1378 844 1506 928 augusti
1529 865 1560 908 a.

229 952 407 1019 undecimo.

390 1085 461 1155 Περ.
481 1087 519 1139 84
539 1085 563 1154 f.
584 1085 640 1139 199
659 1101 707 1138 ar.
726 1085 821 1151 2521,·
843 1087 892 1140 Ra.
911 1087 967 1139 892
984 1101 1014 1139 a.
1033 1087 1058 1138 1.

335 1355 450 1422 1241.
477 1360 562 1423 1327
587 1355 719 1443 August
741 1359 773 1421 4.
811 1356 977 1442 Acignon.

338 1498 495 1565 lohannes
519 1499 618 1564 XXII
652 1499 836 1582 Margarete
860 1500 1020 1567 comitisse
1045 1497 1086 1563 de
1110 1497 1243 1564 Marcha
1265 1496 1378 1563 relicte
1401 1494 1561 1580 quondam

229 1603 364 1670 Gerardi
390 1605 515 1672 comitis
539 1604 580 1670 de
597 1605 887 1690 Katzenelrlbegen
912 1604 1068 1689 indulget,
1093 1612 1128 1670 ut
1148 1605 1177 1670 ei
1202 1604 1298 1670 liceat
1321 1604 1461 1686 aliquem
1483 1602 1561 1688 ydo-

228 1731 321 1776 neum
345 1711 547 1778 sacerdotem
572 1711 605 1776 in
629 1731 718 1778 suum
744 1712 865 1797 eligere
889 1712 1116 1794 confessorem,
1147 1712 1201 1794 qui
1225 1711 1426 1776 confessione
1449 1708 1561 1775 audita

232 1820 444 1902 ,auctoritate
467 1826 576 1884 nostra
601 1820 754 1901 quociens
777 1827 968 1904 oportunum
992 1818 1097 1901 fuerit,
1122 1817 1294 1884 dummodo
1310 1817 1391 1883 talia
1405 1838 1468 1882 non
1485 1815 1558 1898 sint,

228 1945 323 2010 super
347 1927 462 2009 quibus
485 1926 569 1991 foret
591 1925 685 1993 sedes
709 1926 887 2011 apostolica
912 1924 1118 2006 consulenda,
1151 1933 1184 1990 et
1212 1925 1311 1991 semel
1335 1923 1504 1989 dumtaxat
1528 1925 1559 1988 in

229 2031 356 2098 casibus
379 2032 448 2098 sedi
474 2033 651 2118 apostolice
676 2033 866 2099 reservatis*
894 2033 1103 2098 absolutionis
1126 2031 1315 2096 beneficium
1339 2030 1505 2115 impertiri.

334 2139 404 2205 'Fue
428 2139 609 2207 devotionis
632 2140 878 2206 sinceritas...
910 2141 982 2204 Dat.
1000 2140 1095 2204 Ario.
1120 2137 1153 2203 Il
1176 2158 1278 2203 nonas
1301 2139 1428 2222 angusti
1452 2158 1482 2202 a.
1506 2157 1560 2202 un-

228 2243 361 2312 decimo.

377 2371 448 2442 Ray.
465 2373 503 2426 84
520 2372 545 2442 f.
564 2371 623 2427 200
641 2387 688 2425 ar.
708 2371 801 2437 252&
821 2373 874 2427 Rc.
893 2372 952 2426 892
970 2387 999 2426 rr.
1019 2374 1044 2426 l.

332 2626 453 2693 1242.
480 2629 566 2693 1327
590 2625 723 2715 August
746 2631 778 2694 4.
811 2628 976 2715 Acipnon.

333 2769 493 2834 lohannes
516 2768 616 2835 XXII
649 2768 832 2854 Margarete
861 2777 936 2835 nate
962 2770 1144 2854 Margarete
1171 2771 1332 2837 comitisse
1361 2769 1402 2835 de
1425 2768 1559 2834 Marcha

228 2875 339 2941 relicte
363 2874 523 2958 quondam
547 2875 685 2941 Gerardi
710 2877 835 2943 comitis
859 2875 900 2942 de
925 2877 1216 2962 Kataenelribegen
1240 2877 1401 2961 indulget,
1433 2889 1468 2941 ut
1492 2877 1559 2941 eius

228 2982 391 3049 confessor
412 2982 570 3068 ydoneus,
604 3001 697 3067 quern
730 2983 773 3048 ad
806 2982 867 3049 hoc
896 2983 1025 3049 duxerit
1053 2983 1247 3069 eligendum,
1279 2984 1420 3049 omnium
1448 3003 1561 3067 pccca-

229 3105 330 3155 torum
361 3090 488 3174 plenam
519 3089 737 3158 remissionem
761 3091 859 3156 semel
884 3096 1007 3156 tantum
1032 3093 1063 3156 in
1088 3091 1198 3157 mortis
1221 3091 1357 3156 articulo
1381 3089 1559 3156 concedere

229 3196 344 3278 valeat,
369 3196 417 3263 sic
440 3203 547 3262 tamen
572 3195 657 3279 quod
681 3195 765 3262 idem
791 3197 955 3263 confessor
971 3197 1012 3263 de
1037 3198 1108 3280 lriis,
1134 3197 1175 3262 de
1198 3198 1313 3280 quibus
1336 3198 1442 3263 fuerat
1465 3196 1559 3261 alteri

228 3302 406 3369 satislactio
429 3301 656 3389 impendenda,
690 3323 760 3370 eam
785 3303 981 3390 peripsam,
1015 3305 1042 3370 si
1070 3305 1286 3391 supervixerit
1313 3305 1394 3389 ipsa,
1427 3304 1477 3369 vel
1502 3324 1560 3388 por

228 3409 370 3476 eiusdem
394 3409 540 3494 heredes,
564 3412 590 3476 si
614 3410 686 3496 ipsa
709 3419 785 3477 tuuc
809 3413 893 3477 forte
917 3414 1088 3495 transierit,
1113 3412 1295 3478 faciendam
1320 3411 1475 3494 iniungat.

333 3518 486 3584 Provenit
514 3537 555 3583 ex
586 3525 640 3583 tue
663 3517 928 3586 devocionis...
975 3520 1051 3585 Dat.
1076 3521 1170 3585 Avin.
1195 3519 1228 3584 ΙΙ
1251 3538 1352 3584 nonas
1376 3518 1503 3601 augusti
1528 3539 1558 3582 a.

228 3623 405 3693 undecimo.

394 3747 466 3820 ch.
486 3750 525 3802 84
541 3748 565 3818 s.
585 3749 642 3805 200
659 3764 708 3804 nr.
726 3749 819 3814 acca·
840 3749 892 3808 aa.
911 3749 971 3805 892
989 3765 1018 3805 a.
1038 3753 1062 3804 1.

334 4032 455 4100 1248.
482 4036 568 4101 1327
594 4033 725 4121 August
745 4037 777 4102 5.
801 4033 967 4123 [leignon.

334 4176 494 4244 lohannes
522 4177 621 4242 XXII
654 4177 806 4244 Ottonem
828 4177 1061 4262 Lantgravium
1086 4179 1127 4245 de
1151 4180 1268 4246 Hassis
1291 4179 1446 4256 hortatur,
1484 4200 1560 4264 qua·

231 4283 314 4350 tinus
337 4304 452 4368 pacem
476 4284 527 4349 vel
558 4291 689 4368 treugas
717 4284 819 4350 faciat
842 4304 914 4350 curn
939 4285 1061 4351 llatlria
1086 4286 1333 4372 archiepiscopo
1357 4286 1558 4371 Magantino,

228 4389 269 4455 ad
293 4411 388 4474 quem
412 4391 533 4458 similes
557 4411 592 4457 se
616 4390 778 4457 destinare
802 4392 927 4458 litteras
950 4391 1126 4478 profitetur.
1182 4393 1234 4459 Ad
1259 4394 1317 4460 lras
1340 4415 1392 4460 res
1414 4393 1559 4477 agendas

227 4496 325 4562 mittit
357 4496 399 4562 ad
434 4497 583 4564 Ottonem
609 4497 784 4582 Rutgerum
818 4497 859 4563 de
883 4499 1072 4585 Aldendorp
1104 4501 1308 4566 scolasticum
1336 4503 1415 4567 eccl.
1440 4501 1473 4565 S.
1499 4501 1558 4568 Ge·

227 4605 331 4670 teonis
355 4604 465 4670 Goion.

333 4711 491 4778 Perduxit
506 4732 609 4797 nuper
625 4712 668 4778 ad
683 4714 803 4779 nostri.
818 4759 826 4780 .
841 4761 848 4777 .
873 4715 951 4779 Dat.
963 4714 1056 4782 Ario.
1070 4736 1170 4781 nonas
1186 4717 1314 4801 augusti
1331 4737 1361 4782 a.
1378 4715 1558 4784 undecimo.

378 4836 450 4906 ch.
472 4839 525 4893 114
543 4853 589 4905 ps.
608 4836 644 4891 11
657 4837 682 4908 f.
695 4841 733 4892 68
751 4853 796 4891 ar.
817 4837 883 4892 925.
