3642 5509
798 471 1051 544 tuouuguec.
1528 473 1580 528 cer

246 655 443 741 prebendam
460 661 612 740 expectat
628 652 748 720 ibidem
765 702 773 719 .
791 707 799 724 .
817 707 825 723 .
844 674 954 721 nassau
978 661 1010 719 et
1026 653 1143 734 irritas,
1168 661 1263 738 prout
1285 661 1368 736 sunt,
1393 653 1581 722 nunciamus

338 764 414 829 Dat.
440 763 534 828 Arin.
560 763 627 827 IIII
649 783 752 828 nonas
776 762 904 847 augusti
929 783 958 828 a.
984 760 1234 844 quartodecimo.

393 895 467 964 Bag.
486 895 524 948 94
541 908 589 950 etr.
609 894 675 948 369.

353 1127 476 1193 1939.
510 1129 598 1192 1330
625 1127 756 1214 August
781 1132 812 1193 2.
844 1127 1010 1215 Aeipaoa.

353 1271 513 1337 lohannes
544 1272 643 1337 XXII
677 1272 774 1336 Petro
816 1271 856 1337 dc
895 1272 1067 1356 Dusborgh
1105 1274 1259 1338 canonIce
1298 1272 1376 1338 eccl.
1411 1272 1447 1336 B.
1481 1271 1581 1335 lllarie

246 1380 406 1462 Aquensis
429 1378 531 1444 Leod.
565 1377 649 1444 dioc.
682 1376 842 1462 indulget,
875 1384 911 1444 ut
944 1380 1093 1446 insistens
1128 1379 1306 1446 scolasticis
1340 1377 1516 1464 disciplinis
1549 1379 1581 1442 in

246 1487 328 1570 Ioco,
352 1487 406 1552 ubi
429 1485 569 1551 studium
593 1487 703 1570 vigeat
727 1487 889 1571 generale,
920 1507 1020 1570 usque
1045 1487 1086 1552 ad
1110 1487 1280 1553 triennium
1304 1487 1428 1552 fruetus
1452 1485 1580 1550 canoni-

246 1600 338 1661 catus
368 1587 403 1659 et
426 1592 589 1679 prebende
622 1595 655 1658 in
678 1593 817 1660 ecclesia
844 1594 994 1680 predicta
1026 1603 1058 1660 et
1082 1595 1216 1660 aliorum
1251 1593 1485 1676 beneficiorum,
1519 1612 1580 1675 que

248 1721 320 1767 eunr
356 1701 482 1766 iuterim
518 1701 662 1766 obtinere
698 1703 886 1786 contigeret,
926 1704 1061 1786 integre,
1098 1701 1269 1768 cotidianis
1304 1700 1581 1770 distributionibus

246 1808 416 1874 dumtaxat
439 1810 595 1892 exeeptis,
619 1809 786 1894 percipere
810 1809 929 1876 valeat.

246 2003 267 2070 d
310 2007 316 2018 η
352 1915 495 2001 Exigunt
518 1922 571 1982 tue
595 1917 710 1982 merita
727 1965 734 1981 .
753 1966 787 1983 ..
820 1918 895 1984 Dat.
914 1919 1007 1984 Avin.
1032 1919 1099 1983 IIII
1122 1938 1223 1984 uenas
1247 1917 1375 2000 augusti
1399 1937 1428 1981 a.
1454 1920 1579 1999 quarto·

269 2026 382 2072 carme.

353 2113 390 2177 In
414 2131 441 2177 e.
466 2132 507 2178 nr.
533 2112 567 2179 S.
585 2111 717 2197 Georgii
742 2113 852 2183 Gelon.
877 2120 910 2179 et
933 2114 966 2180 S.
984 2113 1096 2180 Crucis
1115 2113 1217 2179 Leod.
1242 2113 1374 2180 decanis
1398 2132 1437 2178 ae
1460 2112 1579 2178 Iacobo

246 2218 288 2285 de
311 2219 435 2284 Mutina
458 2219 627 2286 scolastico
651 2219 812 2287 Tullensis
836 2220 915 2288 eccl.
940 2221 1107 2306 capellano
1131 2220 1251 2306 papali.

405 2344 478 2413 Rep.
497 2345 535 2399 34
552 2359 601 2398 ar.
620 2346 685 2398 343.

350 2614 472 2682 ledo.
507 2617 595 2681 1330
621 2614 754 2703 August
778 2619 811 2682 3.
839 2620 1005 2704 Aoipuea.

353 2758 524 2843 [Iohannes
539 2757 651 2842 XXII]
676 2758 814 2825 Gerlace
839 2761 948 2824 comiti
973 2758 1014 2826 de
1037 2761 1204 2826 Nassawe.

352 2864 422 2931 Etsi
447 2872 517 2931 etas
541 2864 652 2930 dilecti
685 2865 741 2929 lilii
775 2866 892 2934 nobilis
925 2867 984 2932 viri
1009 2867 1143 2952 Reperti
1177 2868 1302 2934 comitis
1326 2867 1464 2932 Palatini
1497 2866 1578 2931 Reni

245 2971 338 3038 ducis
368 2973 505 3038 BavarIe
538 2972 667 3058 culpam
700 2980 864 3056 extenuet,
898 2980 986 3039 tuam
1020 2983 1126 3040 tomen
1159 2980 1333 3040 extenuare
1366 2995 1428 3040 non
1462 2980 1578 3058 potest.

245 3081 332 3146 Sane
356 3081 432 3162 quia
455 3099 517 3162 que
540 3080 629 3145 facta
652 3087 736 3162 sunt,
761 3079 872 3145 haberi
897 3086 1060 3163 nequeunt
1084 3101 1141 3166 pre
1165 3079 1303 3164 infectis,
1334 3101 1396 3145 non
1421 3089 1469 3146 est
1493 3080 1580 3144 circa

245 3186 307 3253 hec
330 3185 551 3270 insistendum,
580 3185 638 3252 sed
666 3194 716 3252 est
739 3185 846 3269 quoad
870 3207 920 3270 ea,
953 3207 1014 3270 que
1038 3207 1187 3273 perverse
1211 3194 1286 3254 acta
1308 3192 1393 3270 sunt,
1417 3186 1507 3251 iuxta
1530 3205 1578 3251 sa·

245 3295 363 3379 picatis
379 3293 546 3360 consilium
567 3293 751 3359 iacIendum
768 3293 922 3360 dicentis:
948 3294 1023 3379 Fili,
1047 3296 1189 3380 peccasti
1202 3303 1232 3377 ⁸3
1257 3315 1297 3360 ne
1313 3293 1437 3360 adicias
1453 3293 1579 3375 iterum,

245 3400 304 3467 sed
327 3401 369 3466 de
392 3400 534 3486 pristinis
558 3399 744 3484 deprecare,
778 3407 812 3465 ut
842 3401 1023 3466 dimittatur
1055 3402 1122 3467 tibi.
1170 3402 1219 3469 Ne
1249 3400 1380 3467 differas
1409 3400 1508 3484 igitur
1531 3421 1580 3466 sa·

246 3509 363 3594 pientis
394 3506 570 3592 adimplere
607 3508 782 3591 consilium,
819 3528 859 3573 ne
894 3509 1013 3592 forsan,
1050 3509 1076 3575 si
1113 3508 1284 3592 distuleris,
1320 3508 1425 3574 subite
1454 3507 1492 3590 ia,
1528 3506 1578 3571 cui

246 3617 356 3682 subest
378 3634 483 3700 posse,
508 3633 579 3679 curn
597 3615 745 3698 veluerit,
770 3622 803 3681 te
826 3615 995 3700 dIsperdat
1012 3636 1072 3682 nec
1096 3616 1175 3682 illud
1200 3637 1309 3700 queas,
1334 3637 1405 3682 cum
1429 3614 1578 3697 volueris,

246 3722 433 3807 adimplere.
490 3721 566 3786 Dat.
608 3731 644 3787 nt
682 3742 782 3807 supra
814 3725 865 3803 (=
892 3723 987 3788 rivin.
1016 3724 1065 3788 Ill
1101 3745 1202 3790 nonas
1237 3725 1365 3808 augusti
1393 3745 1421 3790 a.
1453 3729 1579 3806 quarto·

245 3827 384 3909 decime)
394 3831 415 3892 ¹.

394 3944 467 4011 Ray.
486 3943 539 3996 115
555 3957 603 4011 po.
621 3943 657 3996 II
671 3943 695 4012 f.
715 3945 769 3998 171
790 3959 837 3998 nr.
858 3944 951 4012 1966;
975 3945 1027 4000 Ra.
1047 3945 1132 3999 1373.

352 4213 468 4281 1941.
494 4216 582 4279 1330
605 4213 736 4300 August
758 4216 790 4280 4.
811 4213 977 4303 Acipaoa.

350 4356 509 4423 Iohannes
532 4357 632 4422 XXII
656 4356 791 4422 Iohanni
816 4357 904 4424 dicte
929 4357 1016 4444 Snap
1046 4367 1122 4424 uate
1148 4357 1308 4441 quondam
1330 4358 1468 4425 Conradi
1499 4358 1578 4424 dieti

244 4462 332 4548 Snap
357 4463 482 4529 confert
506 4464 586 4530 eccl.
611 4462 873 4531 Padeburuensis
897 4466 1130 4549 canonicatum,
1161 4465 1359 4564 prebendam
1383 4485 1459 4532 vero
1483 4486 1577 4531 unam

353 4624 382 4692 a)
402 4627 516 4695 peceati
536 4622 571 4679 ia
589 4641 652 4694 reg.

354 4751 381 4818 l)
402 4749 447 4821 Cf.
467 4752 518 4806 Ra.
531 4751 620 4806 1372:
641 4750 774 4808 Litterae
793 4769 812 4807 a
828 4768 915 4823 papa
928 4754 1060 4823 lioperto
1074 4752 1252 4822 destinatae,
1272 4752 1384 4824 quibas
1404 4769 1471 4808 eune
1490 4753 1578 4808 valde

245 4839 406 4909 vituperat,
427 4842 509 4912 quod
528 4841 674 4897 adhereat
691 4839 848 4897 Ludoor'ca
865 4843 999 4897 Bavaro.
