3642 5509
748 457 816 514 1331
836 457 1005 514 December
1024 455 1049 512 5.
1508 449 1561 509 425

229 650 383 708 vacantes
410 662 467 727 per
491 641 701 707 Hellemberti
732 641 874 727 episcopi
899 639 1107 706 Slesvisensis
1136 639 1366 724 promotionem
1396 644 1428 704 et
1452 657 1561 706 conse·

230 752 405 818 orationem
430 749 517 836 apud
540 749 650 815 sedem
673 749 882 835 apostolicam
906 748 981 814 huie
1006 749 1193 834 impensam,
1216 769 1280 814 non
1303 749 1451 814 obstante
1476 745 1562 831 quod

230 857 450 925 Theodericus
482 859 515 923 in
539 858 770 925 Wormaciensi
802 857 836 923 S.
861 856 991 925 Andree
1016 857 1127 922 Oolon.
1161 858 1322 922 Bonnensi
1356 855 1561 941 Hugardensi

230 973 263 1032 et
286 965 455 1032 Zeflicensi
480 965 590 1032 Golon.
621 971 654 1031 et
681 963 782 1030 Leod.
817 963 901 1029 dioc.
937 965 1145 1030 canonicatus
1177 970 1210 1030 et
1242 963 1423 1048 prehendas
1457 985 1496 1030 ac
1527 964 1560 1028 in

230 1073 320 1140 dicta
342 1074 376 1140 S.
403 1073 532 1139 Andree
555 1071 767 1154 scolastriam,
792 1092 854 1155 que
877 1072 1014 1158 simplex
1038 1071 1175 1138 officium
1200 1072 1321 1156 existit,
1345 1074 1433 1138 etin
1458 1092 1564 1136 mona·

229 1183 318 1248 sterii
343 1183 379 1250 B.
397 1181 498 1247 Maria
520 1181 553 1246 in
577 1180 738 1266 Capitolio
763 1179 874 1245 Colon.
899 1177 967 1245 ord.
993 1179 1026 1246 S.
1050 1178 1182 1262 senen,
1207 1181 1322 1264 inqua
1346 1180 1492 1246 canonici
1516 1199 1563 1245 se·

229 1290 355 1356 culares
378 1291 531 1372 existunt,
556 1288 634 1355 eccl.
666 1287 890 1355 canonicatum
914 1289 973 1354 snb
997 1288 1224 1374 expectatione
1252 1287 1416 1375 prebende
1440 1286 1564 1353 obtinet

230 1404 263 1463 et
286 1397 475 1464 beneficium
509 1397 762 1464 ecclesiasticum
797 1417 867 1462 cum
902 1416 979 1461 cura
1003 1396 1053 1462 vel
1082 1397 1151 1462 sine
1181 1416 1259 1461 eura
1287 1395 1329 1462 ad
1359 1396 1562 1461 collationem

228 1504 393 1572 abbatisse
416 1505 495 1571 dieti
519 1505 706 1571 monasterii
729 1510 879 1590 spectans
902 1505 1097 1570 anctoritate
1119 1503 1296 1569 litterarum
1313 1503 1562 1589 apostolicarum

229 1619 382 1699 expectat
415 1633 455 1678 ac
489 1633 585 1698 snper
619 1612 757 1678 eeclesia
791 1610 986 1696 parrochiali
1021 1611 1053 1676 in
1090 1609 1277 1676 Bacharaco
1311 1610 1442 1676 Trever.
1477 1608 1561 1675 dioc.

229 1719 346 1805 litigat.
393 1720 516 1785 Tamen
541 1720 651 1804 vigore
684 1719 842 1804 presentis
870 1720 977 1802 gratie
1008 1718 1207 1786 scolastriam
1231 1725 1406 1799 assecutas,
1442 1716 1562 1783 dictam

228 1827 464 1914 parrochialem
488 1828 657 1895 ecclesiam
681 1827 809 1893 omnino
833 1825 985 1892 dimittat.

336 1937 441 2002 Extue
465 1935 646 2001 devotionis
665 1985 672 2000 .
691 1984 699 1999 .
718 1984 725 1999 .
749 1935 826 1999 Dat.
844 1933 939 2001 Avin.
956 1953 1057 2001 nonas
1081 1933 1261 1999 decembris
1285 1954 1313 1998 a.
1332 1930 1560 1999 sextodecimo.

335 2046 373 2109 In
398 2064 426 2112 e.
450 2065 492 2109 m.
528 2042 769 2126 Osnaburgensi
798 2047 830 2107 et
859 2039 1100 2107 Padehnmensi
1131 2040 1291 2126 episcopis
1323 2059 1362 2104 ae
1390 2037 1560 2124 Radulpho

229 2150 270 2218 de
294 2151 387 2238 Rupe
411 2151 566 2217 canonico
590 2148 785 2215 Zamorensi.

393 2275 467 2346 Req.
486 2274 544 2330 102
561 2289 611 2328 ar.
629 2274 713 2328 1661.

334 2547 464 2615 208⁰.
491 2551 576 2615 1331
600 2550 785 2614 December
806 2549 839 2614 5.
864 2546 1029 2634 Aoiqaon.

336 2694 505 2760 Iohannes
522 2694 633 2758 XXII
652 2693 798 2758 Iohanni
821 2699 901 2757 nato
924 2691 1072 2757 Gerardi
1095 2692 1270 2777 harpruoii
1292 2691 1330 2755 in
1346 2689 1561 2754 Homersteia

228 2801 407 2866 constituto
431 2802 468 2865 iu
490 2808 586 2866 secato
611 2800 736 2865 decimo
761 2800 860 2865 etatis
883 2820 973 2863 anno
998 2801 1129 2884 confert
1148 2799 1403 2883 preposituram
1427 2797 1560 2862 ecclesie

228 2909 263 2975 S.
287 2908 423 2973 Floriai
445 2909 482 2972 in
508 2904 728 2993 Confluentis.

335 3031 506 3116 [lohannes
529 3031 641 3116 XXII]
677 3030 813 3097 Iohanni
842 3038 919 3096 nato
947 3031 1065 3097 nobilis
1096 3031 1155 3096 viri
1179 3029 1315 3096 Gerardi
1339 3029 1502 3113 burgravii
1527 3029 1559 3093 in

229 3140 432 3205 Hamerstein
446 3189 453 3204 .
469 3189 476 3205 .
491 3189 498 3203 .

334 3246 495 3314 Nobilitas
517 3246 645 3330 generis
668 3253 786 3329 tueque
799 3295 807 3310 .
822 3294 851 3310 ..
877 3243 1006 3311 Dudum
1027 3245 1185 3329 siqnidem
1205 3244 1407 3330 prepositura
1424 3241 1559 3308 ecclesie

228 3355 262 3419 S.
287 3354 408 3419 Florini
438 3353 471 3418 in
495 3352 698 3420 Confluentis
720 3353 852 3418 Trever.
881 3352 977 3432 dioc,
1012 3373 1107 3436 quam
1140 3351 1300 3436 quondam
1334 3349 1486 3416 Iohannis
1518 3348 1559 3414 de

227 3456 384 3525 Nassowe
409 3505 469 3521 ...
493 3455 582 3522 sedis
604 3456 782 3542 apostolice
812 3455 1007 3542 capellanus,
1038 3455 1115 3522 dum
1138 3456 1271 3539 viveret,
1302 3456 1478 3539 obtinebat,
1502 3476 1560 3542 per

228 3563 296 3628 eius
324 3562 456 3646 obitum,
490 3565 555 3647 qui,
588 3569 758 3649 postquam
790 3584 860 3630 eum
890 3564 1120 3648 bambergensi
1155 3564 1292 3630 ecclesie
1325 3573 1400 3630 tune
1429 3563 1558 3629 vacanti

227 3670 464 3755 prefeceramus
482 3721 489 3736 .
508 3721 514 3735 .
533 3720 541 3736 .
558 3672 656 3736 etiam
680 3673 931 3738 consecrationis
955 3673 996 3738 ab
1020 3673 1091 3758 ipso
1114 3693 1244 3738 munere
1267 3693 1331 3737 non
1354 3677 1504 3756 suscepto
1527 3670 1559 3735 in

227 3779 372 3864 partibus
395 3778 459 3844 illis
483 3777 567 3844 diem
592 3786 767 3844 extremum
792 3779 964 3861 clauserat,
988 3785 1137 3862 vacante,
1162 3799 1219 3845 nos
1237 3830 1244 3843 .
1263 3835 1269 3847 .
1289 3829 1296 3844 .
1314 3779 1473 3865 prefatam
1489 3798 1558 3864 pre·

227 3885 403 3969 posituram
426 3887 474 3952 sic
497 3893 743 3951 vacantem...
765 3885 952 3952 Audeberto
980 3885 1033 3970 [de
1059 3887 1155 3952 Viens
1182 3907 1266 3952 nunc
1290 3888 1452 3972 preposito
1477 3885 1556 3952 eecl.

227 3992 449 4077 Vapincensis]
474 3993 741 4059 contulimus...
768 3993 885 4059 Verum
910 3993 1105 4060 venerahilis
1129 3993 1228 4059 irater
1251 4001 1359 4060 noster
1383 3990 1558 4059 Balduinus

227 4098 489 4185 archiepiscopus
512 4100 720 4166 Treverensis
754 4099 936 4166 huiusmodi
969 4101 1088 4185 gratie,
1123 4103 1206 4167 sient
1239 4102 1400 4184 asseritur,
1436 4119 1471 4166 se
1504 4120 1557 4185 op-

227 4225 358 4290 ponens,
383 4206 424 4272 de
447 4208 651 4294 prepositura
674 4208 820 4293 predicta
836 4208 877 4274 de
899 4209 986 4274 sacto
1010 4206 1137 4274 cuidam
1162 4208 1256 4274 alteri
1275 4217 1307 4274 et
1322 4208 1426 4274 minus
1441 4206 1558 4274 idoneo

227 4310 345 4378 dicitnr
367 4312 556 4399 providisse.
603 4313 744 4393 Quarum
779 4317 990 4402 oppositionis
1024 4323 1056 4382 et
1088 4315 1280 4401 provisionis
1313 4322 1460 4400 pretextu
1488 4335 1558 4400 pre·

226 4420 313 4487 fatus
336 4420 540 4488 Audebertus
562 4421 736 4508 impeditus
759 4426 879 4507 extitit,
903 4425 1071 4507 quominus
1095 4423 1236 4490 eiusdem
1261 4425 1462 4510 prepositure
1485 4443 1557 4510 pos·

226 4529 398 4594 sessionem
423 4529 665 4614 apprehendere
689 4533 829 4616 potuerit
853 4538 886 4597 et
908 4531 1038 4597 habere.
1092 4531 1170 4597 Cum
1196 4539 1301 4596 autem
1327 4532 1471 4616 prefatus
1495 4533 1556 4597 llu-

226 4635 378 4702 debertus
401 4656 502 4723 nuper
525 4639 759 4725 preposituram
783 4640 919 4706 ecclesie
943 4639 1159 4724 Vapincensis
1176 4688 1183 4703 .
1201 4691 1208 4706 .
1228 4689 1235 4704 .
1259 4641 1452 4706 auctoritate
1476 4640 1556 4705 litte·

225 4763 330 4810 rarum
354 4752 532 4811 nostrarum
557 4746 707 4813 collatam
731 4747 834 4814 cidem
859 4748 993 4833 pacifice
1018 4747 1114 4813 luerit
1139 4755 1304 4815 assecutus
1330 4755 1363 4813 et
1385 4753 1557 4834 propterea

226 4851 315 4918 dicta
337 4853 540 4939 prepositura
563 4854 698 4922 ecclesie
715 4855 748 4922 S.
766 4855 887 4921 Florini
911 4854 953 4921 de
976 4856 1043 4922 iure
1060 4875 1177 4923 vacare
1197 4863 1348 4922 noscatur
1364 4856 1406 4922 ad
1425 4875 1557 4941 presens
