3642 5509
291 349 346 404 660
852 349 923 404 1339
940 349 1023 405 Mllru
1042 349 1067 404 2.

293 546 411 632 degere
443 548 592 632 debeant,
620 547 728 614 dotem
752 549 917 632 assignare
940 554 1130 632 proponunt.
1178 548 1245 616 Nos
1274 547 1372 632 igitur
1400 566 1508 613 eorum
1538 548 1626 633 pium

292 657 490 741 propositum
514 657 547 721 iu
570 657 632 721 hac
655 662 748 740 parte
772 656 883 720 favore
907 655 1083 740 apostolico
1107 656 1258 739 prosequi
1281 655 1456 740 cupientes,
1486 656 1626 740 ipsorum

291 763 557 848 suplicatiouibus
587 764 741 845 inclinati,
775 763 970 827 fraternitati
1005 770 1068 844 tue,
1102 760 1143 826 de
1176 782 1239 844 qua
1271 763 1399 848 plenam
1432 764 1465 827 in
1498 761 1625 827 domino

291 870 445 937 fiduciam
469 872 658 952 obtinemus,
686 891 744 955 per
772 870 951 954 apostolica
978 870 1098 954 scripta
1122 869 1347 935 committimus
1371 878 1403 936 ct
1425 869 1626 953 mandamus,

293 979 452 1061 quatinus,
475 979 502 1044 si
526 979 621 1058 bona,
646 998 708 1061 que
731 976 810 1042 dicti
827 977 950 1043 nobiles
974 996 1031 1062 pro
1055 975 1220 1042 dotatione
1236 975 1315 1042 dicti
1338 978 1523 1044 monasterii
1547 975 1626 1041 dare

291 1093 483 1170 proponunt,
521 1085 689 1152 sufficiant
726 1105 784 1170 pro
823 1103 953 1149 numero
991 1083 1186 1169 supradicto,
1220 1091 1351 1168 recepta
1384 1086 1473 1170 prius
1505 1105 1560 1168 per
1593 1091 1626 1149 te

289 1192 463 1258 donatione
486 1192 688 1258 irrevocabili
713 1191 871 1257 dictorum
892 1192 1044 1258 bonorum
1069 1189 1112 1256 ad
1136 1211 1216 1276 opus
1240 1193 1423 1256 monasterii
1448 1193 1625 1272 memorati,

290 1301 337 1366 eis
371 1301 563 1366 auctoritate
595 1306 705 1364 nostra
737 1299 806 1364 sinc
839 1299 917 1365 iuris
952 1297 1047 1364 alieni
1087 1297 1264 1383 preludicio
1297 1298 1440 1364 faciendi
1471 1300 1627 1383 premissa

290 1408 449 1474 concedas
477 1409 612 1475 liberam
639 1407 837 1473 facultatem.
889 1408 965 1472 Dat.
990 1407 1084 1472 Arin.
1117 1407 1182 1470 llll
1200 1393 1257 1470 ¹kl.
1286 1407 1391 1472 martii
1419 1429 1449 1472 a.
1481 1408 1601 1488 quinto.

452 1552 524 1620 Bag.
545 1551 600 1605 127
617 1567 665 1605 rer.
685 1551 740 1604 116
745 1566 758 1616 ,·
776 1551 828 1604 Ra.
847 1549 934 1603 2022.

395 1877 521 1945 235⁷.
553 1879 639 1943 1339
663 1879 761 1943 Mdrz
785 1881 812 1941 2.
843 1874 1036 1963 (deipnos.)

393 2019 592 2087 Benedictus
624 2020 689 2085 XII
722 2021 906 2085 Hermanno
939 2027 1014 2084 nato
1048 2018 1210 2102 quondam
1243 2019 1417 2085 Hermanni
1450 2018 1548 2083 Fabri
1582 2016 1624 2083 de

289 2129 425 2194 Xanctis
456 2127 712 2194 consideratione
736 2127 886 2191 Anibaldi
911 2127 1055 2212 episcopi
1085 2127 1269 2208 Tusculani,
1300 2126 1390 2192 cuius
1419 2127 1560 2192 notarius
1592 2132 1624 2192 et

289 2237 457 2301 familiaris
481 2234 673 2300 domesticus
697 2241 729 2299 et
754 2236 923 2299 continuus
947 2233 1170 2300 commensalis
1199 2233 1261 2298 fuit
1284 2234 1486 2299 Hermannus
1510 2234 1625 2314 cuique

290 2343 375 2408 idem
400 2363 458 2431 per
480 2341 629 2408 undecim
652 2362 753 2406 anuos
777 2347 809 2405 et
832 2340 917 2406 ultra
940 2347 1005 2406 tam
1018 2341 1155 2426 Neapoli
1180 2348 1213 2406 et
1235 2341 1449 2406 inAlamania
1473 2360 1567 2422 quam
1590 2339 1625 2403 in

265 2445 435 2516 'Romana
468 2451 556 2515 coria
585 2448 728 2513 fideliter
760 2448 893 2513 servivit
926 2449 1079 2530 cuiusque
1111 2450 1237 2514 nomine
1270 2448 1355 2513 idem
1391 2447 1624 2533 preposituram

290 2557 425 2622 ecclesie
450 2556 691 2621 Darentriensis
721 2555 861 2620 Traiect.
896 2554 979 2620 dioc.
1012 2575 1069 2640 per
1102 2555 1210 2638 aliqua
1243 2561 1386 2640 tempora
1419 2554 1625 2622 laudabiliter

289 2664 491 2748 gubernavit,
516 2662 639 2728 confert
660 2662 795 2727 ecclesie
811 2661 956 2747 predicte
972 2663 1193 2727 canonicatum
1219 2668 1251 2728 et
1269 2662 1465 2748 prebendam
1489 2683 1528 2728 ac
1551 2682 1624 2747 sup·

289 2772 484 2857 plementum
520 2769 671 2834 vacantia
708 2788 766 2853 per
800 2768 922 2834 obitum
957 2768 1097 2853 Rcyneri
1137 2767 1178 2834 de
1213 2769 1455 2854 Godelinchcm,
1492 2790 1623 2852 quorum

289 2878 413 2944 fructus
437 2878 533 2943 annui
557 2877 666 2942 valent
682 2875 851 2941 residendo
875 2877 907 2939 in
925 2877 970 2940 cis
995 2881 1120 2941 centum
1138 2882 1170 2940 et
1185 2876 1300 2960 viginti
1325 2877 1465 2943 florenos
1488 2876 1622 2961 regales,

291 3006 422 3068 quorum
440 2985 635 3050 florenorum
658 2984 814 3067 regalium
831 2983 918 3049 valet
935 2983 1068 3065 quilibet
1093 2983 1274 3066 quindecim
1295 2991 1481 3050 turonenses
1497 2983 1624 3067 argenti

290 3113 428 3177 grossos,
453 3093 689 3158 nonobstante
713 3091 1024 3174 quodHermannus
1054 3094 1277 3157 canonicatum
1305 3100 1338 3157 et
1367 3092 1563 3178 prebendam
1590 3093 1623 3155 in

290 3201 430 3266 ecclesia
453 3199 631 3264 Xancteusi
656 3199 767 3267 Colon.
792 3196 875 3263 dioc.
910 3199 1033 3263 obtinet
1066 3205 1098 3264 et
1131 3219 1227 3284 super
1259 3199 1381 3264 ferculo
1415 3219 1470 3265 seu
1496 3199 1622 3284 supple-

290 3313 396 3373 mento
420 3305 521 3392 ipsius
545 3307 680 3372 ecclesie
706 3307 821 3390 litigat.

396 3413 589 3479 Laudabilia
618 3421 671 3480 tue
701 3413 964 3498 probitatis...
1015 3414 1093 3480 Dat.
1122 3414 1216 3480 Avin.
1249 3416 1292 3480 Vl
1322 3435 1422 3480 nonas
1452 3412 1558 3478 martii
1591 3435 1621 3478 a.

288 3523 408 3606 quinto.
928 3607 929 3614 ἵ

396 3631 432 3694 ln
456 3650 484 3694 e.
509 3651 550 3695 m.
575 3628 731 3694 Verdensi
755 3636 788 3695 et
811 3630 1002 3695 Warmieusi
1027 3630 1186 3715 episcopis
1210 3651 1250 3696 ac
1273 3629 1395 3696 decano
1420 3630 1498 3696 eccl.
1516 3630 1621 3694 Xanc-

288 3737 386 3802 teusis
409 3736 518 3802 Colon.
544 3736 627 3802 dioc.

440 3861 513 3930 Rep.
534 3861 590 3914 127
607 3876 655 3914 ur.
676 3862 737 3915 189.

392 4161 522 4228 2358.
547 4163 633 4227 1339
656 4161 754 4229 Mdrz
776 4166 831 4230 27.
855 4163 1020 4253 deipnos.

395 4304 602 4389 [Benedictus
636 4306 714 4391 Xll]
750 4309 847 4393 priori
886 4311 1029 4392 generali
1071 4309 1191 4376 ordinis
1227 4311 1262 4376 B.
1300 4309 1401 4377 Marie
1437 4308 1478 4376 de
1513 4309 1621 4375 Monte

289 4413 435 4479 Carmeli.

394 4521 446 4586 Ad
480 4522 676 4587 audientiam
708 4525 906 4609 apostolatus
931 4523 1108 4591 nostri...
1137 4533 1336 4611 pervenerat,
1371 4526 1457 4609 quod
1480 4527 1622 4592 Iulianus

288 4626 329 4693 dc
352 4629 496 4696 Bononia
534 4637 567 4695 ct
605 4629 722 4696 Daniel
763 4631 963 4698 Coloniensis
1002 4631 1140 4698 diocesis
1178 4635 1224 4698 tui
1264 4633 1384 4700 ordinis
1412 4635 1620 4720 professores,

287 4735 400 4822 quise
433 4736 544 4803 dicunt
573 4737 615 4803 ad
646 4737 797 4804 honorem
829 4739 1041 4824 pontificatus
1074 4748 1263 4826 assumptos,
1294 4739 1414 4806 dudum
1446 4743 1563 4809 clerum
1589 4748 1622 4807 et
