3642 5509
772 444 945 518 caoapm
963 445 1006 503 aa.
1490 445 1543 506 am

208 632 341 697 Trever.
366 629 449 695 dioc.
475 629 710 712 canonicatum,
745 626 944 713 prebendam
977 646 1053 692 vcro
1086 623 1192 690 eidem
1216 633 1369 710 reservat,
1402 649 1465 694 non
1489 632 1543 696 ob·

208 746 316 805 stante
340 736 425 821 qnod
450 735 685 822 parrochialem
710 734 882 801 ecclesiam
906 733 948 799 de
971 731 1142 798 Ellinbach
1167 731 1253 798 dicte
1285 733 1379 820 dica,
1409 756 1481 818 que,
1510 745 1545 803 ut

210 846 371 926 asseritur,
395 843 513 909 modici
538 843 656 908 valorIs
679 843 800 925 existit,
824 841 958 907 obtinet.

317 950 498 1017 Laudabile
520 949 748 1032 testimonium,
773 946 859 1031 quod
889 997 896 1012 .
926 997 933 1011 .
963 997 970 1012 .
1023 948 1096 1012 Dat.
1123 947 1217 1012 Avin.
1243 947 1322 1012 VIII
1346 949 1390 1014 kl.
1414 953 1545 1019 maiia.

212 1057 464 1143 quartodecimo.

317 1165 356 1230 In
379 1185 406 1230 e.
431 1186 473 1229 m.
509 1163 633 1230 decano
656 1169 690 1228 et
713 1163 837 1228 cantori
872 1163 906 1230 S.
932 1161 1033 1227 Marie
1067 1160 1108 1227 de
1131 1162 1234 1244 Aquis
1265 1163 1367 1229 Leod.
1398 1165 1482 1232 dioc.
1506 1189 1546 1234 ac

212 1273 352 1338 Henrico
375 1270 417 1336 de
440 1271 563 1336 luliaco
587 1269 743 1336 canonico
768 1269 910 1334 Traiect.

371 1395 444 1465 Ray.
463 1395 501 1450 96
517 1411 566 1448 ar.
584 1397 647 1448 418.

320 1680 460 1747 *1882.
487 1681 576 1746 1330
605 1678 707 1764 April
730 1681 784 1744 24.
815 1677 981 1765 Aviocoa.

321 1824 482 1890 Iohannes
504 1824 604 1888 XXII
637 1821 773 1889 Iohanni
797 1828 873 1888 nato
897 1822 1037 1888 Henrico
1065 1821 1143 1887 dicti
1174 1822 1295 1889 Muditz
1323 1823 1364 1891 de
1388 1827 1546 1911 'I'raynre

214 1930 298 1998 bach
322 1931 440 1996 elerico
464 1931 596 1999 Trever.
629 1937 773 1996 reservat
803 1929 992 1995 beneficium
1021 1929 1274 1996 ecclesiasticum
1300 1951 1371 1996 cum
1396 1953 1473 1999 cura
1496 1935 1547 2000 vel

214 2039 283 2104 sine
307 2057 384 2103 cura
400 2043 585 2104 consuetum
601 2037 643 2103 ab
659 2037 735 2103 olim
759 2037 885 2102 clericis
899 2037 1097 2102 secularibus
1113 2037 1282 2122 assignari,
1307 2039 1398 2106 cuius
1415 2040 1547 2125 fructus,

215 2146 242 2211 si
267 2152 423 2221 curatum,
452 2145 568 2227 viginti
592 2143 742 2226 quinque,
775 2143 803 2208 si
827 2163 903 2209 vero
927 2143 995 2208 sine
1024 2163 1101 2208 cura
1128 2143 1237 2221 fuerit,
1261 2145 1445 2227 quindecim
1469 2169 1550 2213 mar-

216 2253 347 2317 charum
380 2250 507 2334 argenti
530 2251 671 2315 valorem
703 2269 843 2315 annuum
866 2268 931 2314 non
954 2248 1124 2331 excedant,
1157 2248 1199 2314 ad
1228 2248 1471 2336 dispositionem
1495 2256 1550 2321 ab·

216 2359 301 2424 batis
324 2364 357 2423 et
380 2363 556 2423 conventus
582 2357 767 2422 monasterii
791 2355 825 2424 S.
849 2355 1018 2421 Maximini
1051 2357 1143 2422 iuxta
1171 2377 1278 2423 muros
1309 2357 1440 2426 Trevcr.
1466 2380 1551 2426 com·

217 2466 354 2530 munitor
378 2463 429 2530 vel
454 2462 582 2529 divisim
607 2463 779 2548 pertinens.

323 2569 543 2654 suffragantia
566 2570 625 2635 tibi
649 2570 764 2635 merita
781 2618 788 2633 .
807 2618 841 2634 ..
889 2569 964 2634 Dat.
990 2569 1082 2636 Avin.
1108 2571 1188 2636 VIII
1213 2571 1257 2637 kl.
1282 2571 1357 2637 maii
1382 2593 1412 2638 a.
1439 2574 1551 2640 XIIII.

324 2679 361 2742 In
385 2697 414 2742 e.
431 2698 471 2742 m.
496 2677 609 2742 abbati
631 2676 817 2743 monasterii
841 2676 875 2743 S.
892 2675 1099 2742 Pantaleonis
1123 2683 1156 2742 ct
1179 2680 1343 2768 preposito
1367 2679 1401 2747 S.
1419 2680 1549 2747 Andree

218 2785 327 2851 Goion.
353 2805 392 2850 ac
417 2785 555 2849 Hearico
578 2781 619 2849 de
645 2783 766 2848 luliaco
789 2783 944 2848 canonico
968 2783 1109 2849 Traiect.
1135 2784 1353 2850 ecclesiarum.

378 2927 450 2996 Rey.
470 2925 509 2978 95
526 2941 575 2979 aar.
595 2926 663 2978 323.
683 2952 717 2962 -
751 2923 801 2978 Or.
822 2925 945 2978 mentor.
966 2939 1035 2979 ctam
1051 2924 1178 2993 plumbo
1193 2926 1286 2994 pand.
1326 2925 1390 2981 Sub
1404 2927 1491 2996 plica
1509 2930 1552 2984 ad

379 3047 520 3106 sicima.-
551 3083 587 3138 Α.
607 3029 749 3139 (1614νίΗῶ
776 3049 815 3101 In
832 3046 921 3116 pcica
940 3048 982 3102 cd
1001 3049 1117 3103 demta:
1137 3047 1264 3102 Braneh.
1292 3051 1328 3104 In
1347 3050 1456 3106 dorso:
1475 3053 1551 3107 Pon·

378 3175 506 3229 sardius.
545 3173 677 3229 Cottam
697 3172 786 3228 Arell.
800 3187 862 3243 req.

322 3471 449 3539 nasa.
480 3473 570 3538 1330
591 3467 694 3557 Ipse
717 3473 772 3536 24.
807 3467 973 3556 Aequos.

326 3615 486 3682 Iohannes
508 3613 609 3679 XXII
641 3613 777 3678 Iohanni
808 3619 884 3678 nato
915 3611 1030 3678 nobilis
1060 3613 1120 3678 viri
1149 3611 1302 3680 Iohannis
1331 3614 1410 3681 dicti
1441 3615 1552 3683 Beiszc

219 3721 261 3789 de
290 3721 453 3788 Waldnlnc
488 3721 598 3786 militis
633 3719 757 3785 confert
793 3720 872 3785 eccl.
908 3719 943 3784 S.
979 3718 1101 3784 Florini
1129 3720 1162 3784 in
1190 3719 1391 3788 Continentia
1421 3723 1553 3789 Trevcr.

220 3828 304 3895 dioc.
329 3829 563 3909 canonicatum,
588 3825 787 3912 prebendam
810 3845 887 3891 vero
911 3825 1016 3892 eidem
1040 3834 1192 3893 reservat.

326 3935 488 4003 Nobilitas
510 3934 649 4019 generis,
673 3934 739 3998 vite
876 3933 952 3998 Dat.
979 3933 1073 3998 Avin.
1099 3934 1176 3999 VIII
1201 3935 1246 3999 kl.
1270 3935 1346 4001 maii
1370 3957 1400 4002 a.
1425 3942 1553 4020 quarto·

219 4043 357 4110 decimo.

328 4151 364 4215 ln
389 4169 417 4216 e.
441 4170 483 4214 m.
516 4149 627 4213 abbati
660 4148 846 4213 monasterii
878 4144 920 4212 de
948 4145 1204 4233 Sprenkirspach
1236 4148 1368 4217 Trever.
1403 4148 1487 4217 dioc.
1522 4159 1555 4217 ct

219 4257 344 4323 decano
360 4257 493 4322 Trevcr.
518 4276 557 4320 ac
574 4255 714 4320 chrico
738 4253 779 4319 de
803 4254 925 4318 luliaco
950 4252 1105 4320 canonico
1129 4253 1270 4320 Traiect.
1295 4257 1514 4323 ecclesiarum.

260 4369 265 4378 ’
381 4381 453 4450 Req.
473 4379 510 4433 95
528 4395 569 4432 nr
596 4378 659 4433 199.

326 4674 452 4746 1884.
478 4675 566 4742 1330
589 4675 692 4762 Aprs‘l
715 4677 768 4745 24.
798 4673 964 4763 Aviones.

327 4819 486 4886 Iohannes
508 4818 608 4884 XXII
643 4819 779 4888 Nicolao
808 4826 884 4884 nato
917 4818 1069 4904 Hugelini
1097 4816 1139 4884 dc
1169 4819 1404 4904 Swamcnberg
1433 4817 1557 4885 confert

256 4941 314 4986 vat.
330 4941 456 4994 sacam
470 4941 503 4986 11.
1321 4923 1358 4980 21
