3642 5509
755 459 826 515 1329
844 459 1014 517 December
1033 459 1075 516 12.
1526 457 1579 516 297

354 643 477 710 Meritis
497 647 551 710 tue
572 641 769 729 probitatis.
788 692 795 708 .
814 642 926 709 .Sane
949 663 1007 730 pro
1032 649 1123 728 parte
1147 649 1202 709 tua
1225 641 1339 729 petitio
1362 643 1455 711 nobis
1478 663 1579 730 nuper

248 753 394 820 exhibita
419 752 614 834 continebat,
645 749 731 834 qood
759 770 818 817 noa
842 749 963 817 dudum
1070 752 1293 817 canonicatum
1318 752 1454 818 ecclesie
1478 751 1577 818 Osna·

248 862 467 946 burgensis..
486 911 494 926 .
512 859 571 925 tibi
596 859 785 926 contulimus
812 908 871 925 ...
896 859 1093 946 prebendam
1117 880 1193 925 vero
1219 909 1226 924 .
1247 911 1280 926 ..
1308 859 1456 926 duximus
1478 879 1578 926 reser-

247 969 398 1053 vandam,
417 1019 424 1034 .
443 989 627 1053 ..quarum
651 969 828 1034 litterarum
851 969 1045 1034 auctoritate
1068 968 1101 1032 in
1117 967 1245 1052 prefata
1269 969 1407 1034 ecclesia
1429 975 1578 1053 receptus

246 1077 333 1143 luisti
357 1075 391 1141 in
415 1077 679 1143 canonicum...
704 1075 820 1141 Verum
845 1076 922 1160 quia
951 1075 982 1140 in
1007 1074 1121 1141 eadem
1145 1075 1284 1142 eeclesia
1308 1075 1445 1143 maiores
1468 1082 1501 1141 et
1523 1078 1579 1142 mi·

247 1205 341 1252 nores
364 1184 528 1271 prebende
551 1184 694 1252 existunt
717 1190 749 1251 et
773 1205 813 1250 ex
836 1189 958 1250 statuto
981 1203 1037 1250 seu
1062 1182 1294 1250 consuetudine
1316 1185 1417 1269 ipsius
1441 1185 1577 1252 ecclesie
1699 1205 1704 1216 ’

246 1295 280 1359 in
303 1313 343 1360 ea
366 1299 501 1361 cavetur
522 1313 684 1379 expresse,
715 1290 801 1376 quod
824 1292 930 1358 nullus
958 1293 1036 1358 inibi
1065 1292 1216 1358 maiorem
1245 1291 1442 1378 prebendam
1470 1292 1578 1358 valeat

247 1400 385 1488 adipisci
417 1402 478 1468 nisi
511 1402 599 1488 prius
632 1420 688 1485 per
717 1399 846 1467 easdem
870 1400 1009 1467 minores
1033 1399 1214 1486 prebendas
1236 1399 1397 1484 gradatim
1422 1399 1578 1467 ascendat

247 1506 291 1575 ad
312 1509 379 1591 illa,
409 1515 445 1576 tu
473 1507 631 1575 diotamm
660 1509 837 1574 litterarum
861 1509 973 1592 vigore
998 1507 1178 1573 huiusmodi
1205 1507 1358 1574 maiorem
1381 1507 1578 1593 prebendam

247 1615 394 1702 adipisci,
419 1637 482 1683 non
505 1623 609 1703 potes,
632 1616 694 1682 nisi
717 1615 807 1703 prius
830 1614 873 1681 ad
889 1615 974 1680 illam
993 1635 1049 1700 per
1065 1617 1202 1681 minores
1217 1614 1399 1701 prebendas
1415 1616 1576 1700 gradatim

246 1723 414 1792 ascendas.
461 1724 569 1802 Quare
600 1745 658 1810 pro
690 1729 783 1808 parte
816 1730 872 1789 tua
899 1723 991 1789 nobis
1014 1723 1077 1788 luit
1099 1721 1261 1788 humiliter
1284 1723 1507 1809 supplicatum,
1541 1731 1577 1790 ut

247 1837 279 1896 te
302 1830 335 1896 in
359 1829 421 1897 hoc
444 1837 537 1917 parte
563 1831 704 1898 uberiori
733 1831 840 1915 gratia
862 1831 1013 1916 prosequi
1037 1829 1252 1912 dignaremur.
1299 1830 1367 1898 Noa
1390 1831 1499 1914 itaque
1523 1851 1576 1896 ro-

246 1937 349 2005 lentes
372 1945 415 2023 te,
438 1959 498 2025 pro
521 1958 584 2022 quo
607 1939 705 2004 etiam
723 1987 730 2003 .
749 1986 756 2003 .
775 1986 783 2002 .
801 1935 999 2004 Godetriduo
1015 1938 1184 2023 episcopus
1200 1937 1466 2022 Osnaburgenaia,
1488 1937 1578 2004 ouius

246 2046 347 2112 frater
370 2045 493 2130 existis,
517 2045 610 2110 nobis
638 2094 646 2110 .
676 2094 683 2109 .
714 2094 721 2109 .
749 2045 955 2131 supplicavit,
990 2043 1096 2128 gratia
1123 2044 1273 2129 prosequi
1297 2042 1454 2130 ampliori,
1490 2043 1575 2128 quod

246 2154 343 2219 etiam
367 2173 462 2219 unam
495 2153 536 2219 de
568 2151 743 2219 maioribus
775 2150 948 2235 prebendis
977 2148 1119 2216 eiusdem
1144 2151 1280 2218 ecclesie
1304 2173 1324 2217 a
1347 2151 1425 2218 data
1448 2172 1577 2238 presen-

246 2261 334 2342 tium,
364 2262 391 2327 si
420 2280 484 2344 qua
510 2261 544 2325 in
567 2279 607 2326 ea
630 2266 727 2326 vacat
750 2259 792 2325 ad
815 2279 948 2346 presens
972 2258 1023 2325 vel
1053 2278 1124 2325 eum
1148 2259 1324 2342 vacaverit,
1347 2308 1353 2321 .
1374 2309 1407 2325 ..
1436 2280 1499 2326 non
1523 2262 1577 2327 ob·

245 2373 351 2434 stante
375 2366 460 2451 quod
483 2367 517 2432 in
540 2366 678 2433 ecclesia
697 2366 729 2432 S.
747 2367 885 2432 Mauritii
911 2372 1003 2432 extra
1027 2386 1133 2432 muros
1157 2365 1424 2432 Monaaterienses
1449 2369 1572 2433 eanoni-

246 2481 353 2540 catum
377 2475 503 2540 obtines
526 2479 559 2540 et
582 2473 744 2557 quandam
776 2474 973 2560 prebendam
1006 2472 1126 2540 ibidem
1150 2481 1319 2541 vacantem
1349 2474 1492 2540 nosceris
1519 2494 1577 2560 per

244 2587 370 2648 nostras
402 2581 527 2648 litterae
550 2587 750 2667 acceptasse,
867 2580 977 2647 valeas
1005 2579 1112 2648 lacere
1136 2578 1307 2666 provideri,
1333 2580 1392 2646 tibi
1421 2629 1481 2647 ...
1504 2601 1576 2646 oon-

245 2687 390 2756 cedimus
414 2737 474 2755 ...
513 2689 589 2755 Dat.
613 2688 708 2755 Avin.
732 2689 767 2754 Il
788 2688 861 2755 idus
884 2686 1065 2754 decembris
1088 2709 1117 2754 a.
1142 2686 1393 2771 quartodecimo.

404 2831 477 2902 Beq.
496 2832 534 2887 94
551 2847 599 2886 nr.
619 2830 702 2886 1027.

351 3106 468 3174 lala.
501 3111 587 3174 1329
611 3110 794 3175 December
819 3111 870 3173 12.
896 3107 1062 3195 Avipnoa.

347 3251 508 3319 Iohannes
523 3252 622 3317 XXII
647 3250 789 3318 Arnoldo
806 3251 847 3317 de
866 3251 1060 3318 Brunchorst
1076 3251 1203 3317 confert
1227 3250 1363 3316 ecclesie
1379 3249 1576 3317 Suaatiensis

244 3359 355 3425 Colon.
380 3359 465 3426 dioo.
489 3360 723 3443 canonicatum,
741 3350 744 3354 ⁴
759 3358 955 3445 prebendam
990 3376 1065 3425 vero
1099 3357 1203 3424 eidem
1236 3362 1389 3439 reservat,
1424 3376 1486 3422 non
1521 3357 1574 3422 ob-

242 3471 350 3532 stante
377 3467 461 3550 quod
492 3466 526 3531 in
556 3465 670 3533 eadem
700 3466 779 3532 eccl.
804 3464 967 3549 quandam
991 3471 1178 3551 perpetuam
1205 3465 1417 3550 capellaniam
1441 3463 1565 3530 obtinet

244 3573 367 3639 Tamen
391 3575 501 3657 vigore
534 3576 691 3659 presentis
724 3574 828 3657 gratie
860 3572 1078 3658 predictorum
1113 3573 1321 3639 canonicatus
1351 3580 1382 3638 et
1412 3569 1575 3657 prebende

243 3681 476 3765 possessionem
500 3688 665 3747 assecutus
688 3679 831 3746 dimittat
854 3681 983 3746 omnino
1008 3680 1128 3746 dictam
1153 3679 1375 3765 capellaniam.

350 3786 516 3854 Attributa
539 3787 598 3854 tibi
621 3789 810 3854 merita...
837 3787 913 3853 Dat.
931 3788 1025 3854 Avin.
1042 3788 1075 3853 Il
1098 3785 1172 3854 idus
1196 3786 1374 3853 decembris
1398 3807 1428 3853 a.
1449 3794 1575 3871 quarto

243 3893 379 3965 decimo.

349 4003 387 4068 ln
420 4022 449 4068 e.
482 4025 524 4068 m.
557 4003 720 4088 preposito
757 4004 837 4070 ecel.
872 4003 907 4070 S.
940 4002 1182 4086 Walburgensia
1215 4009 1309 4069 extra
1340 4021 1446 4067 muros
1481 4000 1575 4068 Susa-

243 4108 362 4177 tienses
384 4115 418 4175 et
440 4109 563 4176 decano
587 4109 826 4176 Meschedeusis
850 4109 961 4178 Colon.
992 4109 1077 4177 dioc.
1110 4130 1149 4177 ac
1177 4110 1331 4196 magistro
1355 4106 1503 4175 Rolando
1532 4107 1574 4174 de

243 4215 428 4302 Scarampis
452 4217 606 4283 canonico
630 4216 775 4284 detensis
799 4217 1018 4284 ecelesiarum.

392 4341 465 4412 Rep.
484 4341 523 4396 93
540 4357 588 4397 nr.
608 4342 671 4397 511.

349 4613 473 4683 lsao.
505 4615 592 4679 1329
615 4615 799 4680 December
824 4616 876 4679 19.
901 4613 1066 4700 Aoipnoa.

348 4756 508 4824 Iohannes
533 4757 632 4822 XXII
664 4755 800 4822 Iohanni
828 4756 917 4823 dieto
947 4757 1048 4822 Fusor
1081 4757 1206 4823 confert
1235 4758 1313 4824 eool.
1347 4758 1380 4825 S.
1406 4755 1573 4824 Adalberti

246 4862 405 4948 Aquensis
428 4861 530 4930 Leod.
563 4863 647 4930 dioc.
681 4864 915 4947 canonicatum,
948 4862 1144 4950 prebendam
1178 4885 1254 4932 vero
1286 4864 1389 4932 eidem
1419 4871 1572 4950 reservat,
