3642 5509
277 432 331 488 202
793 432 863 488 1329
882 431 1001 488 Januar
1021 433 1063 488 10.

383 613 504 680 luat.
531 615 856 680 1329Januar10.
885 611 1052 699 Aviquoa.

384 737 557 822 [lohannes
580 737 690 823 XXII]
715 738 867 823 episcopo
892 746 925 802 et
948 737 1175 804 archidiacono
1199 736 1383 804 Leodiensi.

383 845 586 931 Significavit
610 846 701 910 nobis
726 845 911 911 carissimus
935 845 968 910 in
985 844 1112 911 Christo
1136 844 1219 911 filius
1242 851 1350 909 noster
1373 845 1533 911 lohannes
1553 865 1610 910 ren

277 953 407 1020 Boemie
435 953 568 1019 illustris
597 972 703 1018 comes
732 952 1033 1036 Lucemburgensis,
1062 951 1148 1036 quod
1176 952 1329 1018 officiales
1357 953 1514 1018 curiarum
1543 973 1612 1018 ves-

277 1068 395 1126 trarum
419 1080 482 1124 non
506 1060 606 1125 solum
632 1066 781 1144 pretextu
805 1058 1095 1143 transgressionum
1120 1059 1383 1126 constitutionum
1407 1057 1610 1144 synodalium

276 1167 333 1233 scd
359 1167 456 1232 etiam
476 1187 534 1251 pro
550 1167 746 1250 singularum
771 1185 978 1251 personarum
1003 1165 1121 1232 debitis
1137 1172 1170 1230 et
1186 1166 1313 1231 delictis
1337 1186 1399 1232 non
1424 1165 1609 1232 habentium

276 1276 307 1339 in
331 1274 477 1359 partibus
500 1273 563 1338 illis
591 1272 721 1356 aliquod
752 1273 927 1338 dominium
950 1273 1128 1357 principale
1155 1280 1257 1339 terras
1280 1280 1313 1337 et
1336 1272 1491 1339 ecclesias
1514 1272 1610 1339 comi-

276 1387 361 1447 tatus
391 1381 440 1446 sui
463 1379 753 1463 Lucemburgeusis
782 1381 1003 1446 ecclesiastico
1033 1381 1194 1446 subiciunt
1222 1379 1405 1464 interdicto,
1430 1401 1470 1446 cx
1495 1379 1610 1463 quibus

275 1486 400 1553 infinita
423 1486 568 1571 pericula
591 1487 765 1553 animarum
791 1488 960 1571 insurgunt
983 1495 1016 1552 ct
1040 1508 1102 1552 non
1126 1488 1226 1552 solum
1251 1487 1398 1552 ecclesiis
1420 1489 1490 1553 siue
1514 1487 1609 1572 culpa

276 1615 385 1662 earum
409 1595 563 1676 obsequia
596 1592 706 1659 debita
737 1594 796 1659 sed
830 1596 927 1659 etiam
960 1593 1100 1659 fidelium
1125 1594 1252 1679 populis
1276 1593 1387 1659 divina
1410 1594 1516 1660 officia
1538 1595 1610 1660 sub-

275 1701 444 1767 trabuntur
460 1708 503 1784 et,
521 1699 605 1784 quod
623 1699 764 1767 deterius
781 1707 839 1783 cst,
854 1722 911 1786 pro
927 1702 1126 1767 relaxatione
1142 1703 1300 1766 sententie
1316 1694 1498 1767 huiusmodi
1514 1701 1609 1766 inter·

277 1807 356 1874 dieti
380 1809 420 1873 ab
445 1808 625 1874 bominibus
647 1808 710 1872 loci
741 1807 849 1873 taliter
881 1807 1045 1873 interdicti
1079 1829 1215 1892 magnas
1247 1813 1438 1890 extorquent
1473 1808 1609 1893 pecunie

277 1916 485 1998 quantitates.
533 1913 691 1992 Quocirca
716 1913 901 1979 discretioni
932 1921 1038 1980 vestre
1145 1913 1343 1997 mandamus,
1368 1914 1517 1998 quatinus
1540 1933 1609 1999 pre·

277 2021 366 2088 dicta
399 2023 445 2086 sie
479 2021 640 2104 corrigere
673 2027 705 2085 et
737 2041 832 2106 snper
861 2022 923 2088 hiis
953 2023 1017 2086 tale
1046 2029 1332 2107 temperamentum
1361 2040 1522 2107 opponere
1545 2028 1609 2088 stn-

278 2128 393 2210 deatis,
418 2128 503 2211 quod
528 2126 728 2193 cessantibus
751 2127 905 2213 predictis
929 2129 1169 2212 gravaminibus
1193 2135 1297 2194 cesset
1320 2127 1475 2214 deinceps
1497 2127 1610 2194 similis

277 2254 341 2300 vox
364 2234 502 2318 querele.
550 2234 700 2318 Alioquin
725 2235 881 2319 premissa
904 2236 1084 2301 substinere
1114 2235 1204 2300 salva
1232 2235 1429 2300 conscientia
1452 2254 1515 2300 non
1539 2253 1609 2319 pos·

277 2361 392 2425 semus,
417 2343 493 2425 quin
516 2361 611 2426 super
635 2341 697 2408 hiis
720 2340 961 2426 provideremus
985 2343 1026 2408 de
1048 2341 1189 2409 remedio
1213 2349 1379 2428 oportuno.
1411 2341 1487 2406 Dat.
1512 2339 1608 2407 Avin.

277 2448 345 2515 llll
367 2447 440 2514 idus
463 2447 600 2514 ianuarii
623 2469 652 2513 a.
678 2447 908 2514 tertiodecimo.

437 2573 509 2642 Req.
530 2573 568 2627 89
584 2571 609 2642 f.
628 2573 695 2628 328‘
713 2588 761 2626 rvr.
781 2574 838 2627 868
845 2589 857 2640 ;
875 2574 928 2629 Ra.
949 2575 1029 2628 1115.

384 2842 508 2954 1595.
534 2845 621 2908 1329
645 2846 784 2910 Juuaar
809 2844 861 2907 11.
892 2841 1058 2929 Auiquoa.

381 2985 552 3071 [lohannes
575 2986 686 3071 XXII]
710 2986 881 3053 Guillelmo
906 2987 1015 3052 comiti
1038 2987 1222 3053 Iuliacensi.

383 3094 571 3162 Nobilitatis
586 3101 639 3161 tue
660 3095 794 3178 litteras,
818 3115 876 3179 per
899 3115 980 3178 quas
1003 3094 1096 3161 nobis
1119 3101 1207 3161 tuum
1230 3094 1404 3160 adventum
1427 3095 1608 3180 proximum

276 3199 318 3266 ad
342 3208 483 3267 nostram
517 3201 711 3286 presentiam
744 3203 897 3267 intimasti
931 3203 1110 3286 recepimus
1133 3202 1199 3267 leta
1221 3222 1328 3278 manu,
1352 3209 1440 3268 tuam
1464 3202 1608 3268 volentes

276 3307 513 3393 providentiam
547 3330 609 3374 non
644 3309 760 3390 latere,
802 3307 887 3392 quod
923 3328 995 3374 cum
1031 3311 1072 3374 sit
1107 3308 1265 3375 adventus
1300 3308 1481 3375 huiusmodi
1515 3309 1608 3376 nobis

275 3421 398 3500 gratus,
422 3423 455 3481 te
470 3416 605 3482 libenter
623 3415 802 3481 videbimus
818 3422 850 3481 et
870 3415 934 3481 iam
951 3421 1026 3481 ante
1043 3418 1260 3501 receptionem
1282 3416 1459 3480 litterarum
1482 3423 1606 3481 tuarum

276 3521 493 3607 predictarum
526 3543 585 3608 per
614 3570 620 3583 .
651 3571 657 3586 .
686 3523 826 3588 nobilem
860 3523 962 3588 virum
996 3523 1150 3588 Poneium
1185 3521 1227 3588 de
1256 3522 1385 3606 Ungula
1416 3522 1607 3588 familiarem

276 3636 418 3695 nostrum
451 3630 509 3695 tibi
544 3628 819 3695 destinaveramus
851 3635 977 3695 nostras
1013 3630 1171 3714 speciales
1203 3631 1328 3696 litteras
1361 3628 1402 3694 de
1435 3627 1607 3695 conductu.

276 3736 351 3800 Dat.
377 3734 470 3800 Avin.
494 3735 545 3799 Ill
569 3733 643 3800 idus
665 3733 800 3800 ianuarii
824 3756 853 3800 a.
878 3733 1117 3801 terciodecimo.

439 3861 512 3929 ch.
532 3859 586 3912 115
604 3873 650 3926 ps.
670 3858 727 3928 lf.
747 3859 785 3913 94
805 3875 850 3913 nr.
871 3861 944 3915 531.-
964 3860 1016 3914 Rz.
1036 3862 1113 3914 1117.

383 4130 504 4198 1596.
532 4133 618 4196 1329
641 4133 779 4197 Juuuur
804 4134 854 4196 11.
878 4130 1041 4218 Aviqnou.

383 4273 542 4340 Iohannes
566 4274 665 4339 XXII
701 4273 900 4340 Ysembardo
935 4272 975 4339 de
1008 4273 1165 4358 Autringa
1198 4274 1354 4341 canonico
1386 4275 1464 4341 eccl.
1490 4275 1524 4342 S.
1549 4275 1608 4360 Sy·

275 4379 398 4447 meonis
420 4381 552 4446 Trever.
586 4389 730 4446 reservat
759 4380 950 4448 beneficium
977 4381 1232 4449 ecclesiasticum
1262 4402 1333 4448 eum
1363 4401 1440 4448 cura
1463 4381 1515 4447 vel
1538 4383 1607 4448 sine

276 4507 363 4569 cura,
387 4486 430 4552 ad
454 4486 697 4572 dispositionem
722 4488 835 4554 decani
860 4495 893 4553 et
917 4488 1049 4573 capituli
1073 4487 1210 4554 ecclesie
1222 4487 1375 4554 Metensis
1398 4489 1607 4555 communiter

276 4594 328 4660 vel
353 4593 480 4660 divisim
504 4602 653 4679 spectans
681 4595 714 4660 in
745 4594 878 4661 civitate
902 4594 955 4661 vel
979 4594 1099 4661 diocesi
1124 4595 1269 4677 Metensi,
1299 4596 1389 4662 cuius
1411 4595 1546 4679 fructus,
1579 4595 1606 4662 si

276 4702 344 4768 sine
374 4721 451 4766 cura
479 4701 584 4783 fuerit,
618 4704 851 4786 quinquaginta
880 4701 1032 4768 librarum
1056 4703 1273 4768 turonensium
1298 4722 1467 4786 parvorum
1490 4722 1517 4768 s.
1533 4708 1556 4767 t.
1574 4702 1606 4767 d.

276 4807 415 4876 valorem
450 4828 589 4874 annuum
624 4829 686 4875 non
722 4809 891 4891 excedant,
926 4830 989 4874 non
1025 4810 1173 4875 obstante
1208 4807 1294 4892 quod
1330 4810 1363 4874 in
1390 4810 1424 4875 S.
1457 4809 1607 4895 Symonis
