3642 5509
262 446 315 502 392
786 445 854 499 1331
874 443 1010 499 Febrnar
1029 441 1072 498 16.

262 629 419 715 portione,
455 648 496 693 en
520 647 584 710 qua
612 627 713 712 possit
737 623 902 690 commode
926 623 1110 708 sustentari,
1146 623 1216 688 iura
1240 624 1437 709 episcopalia
1471 623 1595 689 solvere

264 744 297 803 et
320 735 385 802 alia
418 736 479 801 sibi
502 733 721 800 incumbentia
754 753 852 798 onera
875 738 1089 818 supportare.
1109 781 1116 796 .
1135 732 1235 797 ‚Dat
1260 731 1354 796 Avin.
1380 731 1429 796 IlI
1457 729 1530 796 idus
1553 729 1596 796 se·

267 843 386 910 bruarii
409 865 441 928 p.
465 863 497 906 n.
521 863 551 908 a.
576 839 825 924 quintodecimo.

428 1037 477 1093 Or.
496 1038 620 1093 membr.
648 1052 717 1092 calm
740 1037 870 1106 plumbo
897 1036 990 1105 pond.
1039 1035 1102 1091 Sub
1117 1032 1204 1104 plica
1217 1035 1259 1090 ud
1272 1032 1412 1090 sinister
1435 1105 1463 1161 Α
1496 923 1587 1160 ΞΜ

1465 1147 1471 1160 .
1520 1122 1539 1160 a
1561 1123 1596 1160 r.

1258 1179 1410 1235 Iohannes
1429 1179 1468 1234 de
1487 1175 1597 1247 Siberg

423 1255 461 1308 In
491 1251 575 1322 plica
603 1253 645 1307 ad
670 1252 791 1306 dextra
827 1249 862 1305 A.
891 1251 990 1306 Fabri.
1046 1251 1084 1304 In
1114 1251 1221 1306 dorso:
1278 1251 1360 1320 Rey.
1380 1291 1387 1304 .
1407 1290 1413 1302 .
1433 1249 1472 1304 de
1490 1249 1579 1318 Reys.
1637 1263 1641 1270 ·

1254 1321 1287 1378 R.
1298 1319 1597 1379 MDCOCCLXXIIII

423 1396 618 1465 Ddsecldorf.
642 1393 731 1452 Areb.
751 1410 814 1467 req.
835 1392 1031 1464 Caeciusctist
1049 1410 1097 1448 nr.
1118 1394 1162 1449 70.

368 1687 500 1753 2006.
530 1687 616 1751 1331
640 1687 794 1751 Febrnar
814 1687 866 1750 16.
893 1682 1059 1771 Aot'qnon.

372 1830 532 1896 Iohannes
554 1829 654 1895 XXII
686 1829 848 1914 Phylippo
884 1827 972 1893 dieto
1009 1825 1049 1894 de
1085 1827 1218 1893 Treveri
1255 1825 1410 1893 canonico
1446 1824 1525 1891 ecel.
1562 1825 1596 1891 S.

264 1939 395 2022 Georgii
421 1937 530 2002 Colon.
556 1935 714 2020 indulget,
750 1942 785 2000 nt
807 1932 980 2000 residendo
1004 1935 1036 1999 in
1070 1933 1178 2017 aliquo
1212 1933 1437 2000 beneficiorum
1472 1952 1598 1998 suorum

264 2044 566 2126 ecclesiasticorum,
602 2063 664 2126 qne
687 2063 771 2108 nunc
794 2042 917 2107 obtinet
943 2041 992 2107 vel
1017 2042 1222 2126 imposterum
1247 2041 1414 2123 obtinebit,
1450 2041 1546 2106 etiarn
1571 2039 1598 2105 si

264 2152 440 2236 dignitates
468 2158 658 2235 personatus
682 2150 732 2215 vel
757 2148 862 2215 officia
885 2149 1027 2214 existant
1050 2155 1082 2213 et
1109 2167 1217 2213 curam
1249 2147 1388 2214 habeant
1412 2149 1598 2228 animarum,

264 2260 388 2325 fruetus
404 2255 578 2324 eorundem
597 2258 732 2340 integre,
758 2255 930 2321 cotidianis
955 2254 1235 2322 distributionibus
1252 2254 1419 2320 dumtaxat
1443 2255 1599 2339 exeeptis,

265 2385 324 2451 per
347 2364 519 2430 triennium
542 2363 708 2447 percipere
731 2362 849 2428 valeat.

372 2471 495 2537 Meritis
519 2477 572 2535 tne
595 2470 838 2555 probitatis...
884 2471 962 2535 Dat.
987 2472 1082 2537 Avin.
1099 2470 1200 2535 XIIII
1225 2469 1269 2534 kl.
1294 2471 1398 2535 martii
1423 2491 1452 2534 n.
1478 2474 1599 2552 quinto·

266 2578 402 2645 decimo.

373 2686 410 2751 Iu
434 2705 462 2751 e.
486 2706 528 2750 m.
552 2684 585 2751 S.
610 2685 756 2751 Severini
787 2692 819 2750 et
843 2685 876 2751 S.
902 2684 1030 2750 Andree
1058 2685 1168 2751 Oolou.
1199 2684 1330 2750 decanis
1359 2704 1399 2749 ac
1431 2684 1600 2750 scolastico

266 2793 426 2860 Tullensis
449 2793 528 2859 eccl.

415 2918 487 2987 Rey.
507 2916 546 2971 99
564 2915 654 2986 1164‘
672 2931 720 2970 nr.
741 2915 821 2971 1119.

372 3201 498 3268 2007.
528 3205 615 3268 1331
639 3203 793 3269 Febroar
819 3205 870 3268 16.
895 3200 1063 3288 Aoipnon.

373 3327 532 3395 Iohannes
555 3328 655 3393 XXII
691 3327 816 3393 decano
849 3327 1029 3392 Bunnensis
1052 3324 1161 3392 Oolon.
1197 3324 1281 3391 dioc.
1315 3333 1348 3390 et
1372 3324 1531 3390 'Iullensis
1562 3342 1603 3389 ac

265 3436 300 3501 S.
326 3435 458 3519 Georgii
483 3435 682 3501 Coloniensis
704 3433 884 3500 scolasticis
908 3431 1116 3499 ecclesiarum
1140 3433 1341 3518 supplicante
1358 3430 1602 3517 archiepiscopo

266 3541 449 3610 Coloniensi
483 3540 627 3614 mandat.
664 3542 813 3624 quatinus
847 3541 1002 3624 magistro
1034 3540 1178 3607 Gerardu
1211 3538 1252 3606 de
1281 3539 1419 3605 Xanetis
1448 3536 1602 3604 canonico

266 3649 346 3715 eecl.
370 3648 568 3715 Xanetensis
591 3647 702 3712 Oolon.
728 3646 811 3712 dioc.
837 3645 969 3728 (denuo)
1005 3647 1223 3732 parrochiales
1258 3647 1395 3714 ecclesie
1433 3643 1473 3710 de
1503 3645 1603 3709 Huse·

266 3753 397 3822 werden
421 3760 454 3821 et
477 3755 510 3819 in
533 3753 703 3837 Werbede,
740 3774 873 3837 quarum
896 3775 961 3820 nna
985 3753 1146 3840 dependet
1169 3755 1211 3820 ab
1235 3755 1347 3835 altera,
1371 3753 1480 3819 Golon.
1506 3751 1602 3834 dice,

268 3882 330 3946 que
354 3867 444 3928 tanto
468 3868 612 3945 tempore
635 3869 841 3944 vacaverunt,
867 3860 952 3944 quod
978 3881 1086 3928 eorum
1110 3860 1239 3927 collatio
1263 3861 1354 3926 iuxta
1376 3859 1604 3927 Lateranensis

267 3969 396 4036 concilii
419 3973 541 4035 statuta
564 3965 606 4033 ad
629 3966 739 4034 sedem
756 3969 966 4053 apostolicam
984 3966 1136 4034 devoluta
1160 3975 1239 4051 crat,
1263 3969 1493 4034 nonobstante
1517 3965 1603 4050 quod

267 4074 431 4144 Gerardns
465 4076 498 4140 in
534 4075 565 4141 S.
589 4075 718 4142 Andree
754 4075 865 4142 Colon.
901 4083 935 4141 et
958 4076 991 4142 S.
1017 4075 1168 4142 lobannis
1197 4074 1298 4141 Leod.
1334 4083 1367 4141 et
1400 4075 1433 4140 in
1456 4074 1604 4160 predicta

267 4184 444 4249 Xanctensi
468 4202 507 4247 ac
523 4181 728 4268 Ilugardensi
746 4182 848 4249 Leod.
874 4181 956 4248 dioc.
981 4182 1125 4248 ecclesiis
1142 4184 1349 4249 canonicatus
1374 4190 1406 4248 et
1422 4182 1604 4268 prebendas

267 4290 401 4355 obtinet.
424 4327 469 4334 —
491 4289 662 4355 Predictas
696 4288 918 4375 parrochiales
954 4289 1109 4355 ecclesias
1144 4289 1302 4356 Henricus
1341 4289 1603 4374 archiepiscopus

267 4396 467 4462 Coloniensis
490 4397 682 4462 auctoritate
717 4396 897 4482 apostolica
932 4415 1028 4481 super
1052 4394 1255 4462 conferendis
1279 4396 1474 4479 quibuslibet
1508 4397 1602 4462 bene·

266 4503 347 4569 ficiis
371 4503 601 4570 ecclesiasticis
634 4503 824 4569 incivitate
858 4510 891 4568 et
916 4502 1038 4569 diocesi
1063 4502 1244 4569 Coloniensi
1277 4504 1385 4569 taliter
1414 4505 1604 4569 vacantibus

267 4609 372 4677 eidem
396 4610 639 4696 archiepiscopo
664 4630 818 4676 concessa
842 4610 1024 4676 contulerat
1047 4609 1202 4676 Gerardo.
1243 4609 1361 4676 Verum
1385 4611 1461 4693 quia
1484 4610 1525 4675 ab
1549 4611 1605 4676 ali-

267 4719 383 4802 quibus
406 4724 577 4802 asseratur,
614 4717 699 4800 quod
723 4716 882 4801 quondam
907 4717 1067 4783 Iohannes
1100 4715 1141 4783 de
1166 4717 1309 4801 Hoporte
1337 4717 1466 4784 ultimus
1489 4735 1602 4782 earun-

268 4824 343 4892 dem
365 4812 619 4912 parrochianum
642 4828 747 4889 rector·
771 4822 900 4891 easdem
934 4830 1045 4890 contra
1078 4831 1219 4889 tenorem
1251 4824 1485 4890 constitutionis
1507 4842 1605 4908 super
