3642 5509
297 469 351 525 218
849 470 919 528 1329
936 469 1055 526 199999
1072 470 1116 526 24.

401 651 440 715 19
463 671 492 716 9.
517 671 558 716 m.
595 652 628 718 S.
653 651 860 718 Pantaleonis
883 659 916 718 et
940 650 973 717 S.
997 651 1130 717 Martini
1163 651 1426 717 monasteriorum
1459 649 1631 717 abbatibus

297 777 337 824 ae
360 756 588 825 archidiacono
611 760 821 825 Nannetensi.

456 902 530 973 nep.
549 901 587 956 90
602 902 628 972 f.
648 902 716 956 999
734 917 781 957 nr.
800 902 883 957 1699.

399 1190 522 1258 1640.
554 1194 640 1256 1329
663 1193 802 1258 Jamtar
825 1194 879 1258 24.
904 1190 1070 1279 91919999.

401 1333 561 1400 lohannes
583 1335 682 1400 XXII
718 1336 901 1401 Hermanno
935 1334 1023 1400 dieto
1056 1333 1098 1400 de
1123 1334 1258 1400 Colonia
1286 1333 1412 1400 confert
1436 1334 1516 1401 9991.
1540 1331 1628 1398 1199·

294 1440 403 1509 densis
426 1441 636 1508 (1919991199.
662 1445 894 1524 canonicatum,
919 1441 1117 1529 prebendam
1141 1461 1217 1507 vero
1240 1441 1346 1507 eidem
1369 1447 1523 1507 reservat.

400 1549 586 1634 Apostoliee
609 1549 696 1615 sedis
719 1550 1030 1636 circumspecta...
1068 1549 1145 1615 Dat.
1165 1549 1260 1615 Avin.
1278 1549 1374 1614 VIIII
1398 1548 1444 1617 kl.
1473 1548 1627 1614 februarii

293 1677 323 1722 9.
347 1655 581 1723 tertiodecimo.

399 1764 437 1829 In
460 1784 545 1830 em.
581 1763 614 1830 S.
642 1763 849 1830 Pantaleonis
871 1772 904 1829 et
928 1765 961 1831 S.
989 1764 1120 1829 Martini
1144 1762 1254 1829 Colon.
1282 1766 1547 1830 monasteriorum
1570 1762 1626 1829 ab·

292 1871 420 1938 batibus
443 1891 483 1937 99
506 1870 735 1937 archidiacono
758 1872 966 1940 Nannetensi.

452 2000 524 2070 1199.
544 1999 624 2070 901.
644 1999 704 2055 260
724 2015 771 2054 nr.
791 1999 875 2054 1698.

395 2289 516 2355 11141.
547 2290 635 2354 1329
658 2290 797 2356 Jaouar
820 2291 873 2353 24.
909 2288 1075 2377 Aoipaoo.

397 2429 557 2497 Iohannes
585 2429 683 2496 XXII
718 2431 861 2498 Waltero
895 2432 937 2498 de
970 2432 1087 2498 Billioh
1120 2432 1246 2497 confert
1278 2431 1356 2496 9991.
1390 2428 1423 2495 S.
1457 2427 1624 2495 cuniberti

293 2537 642 2622 Colonoanonieatnm,
665 2537 861 2624 prebendam
885 2559 962 2605 vero
991 2538 1096 2605 eidem
1119 2545 1273 2604 reservat.

394 2643 613 2726 Suffragantia
635 2646 694 2711 tibi
718 2647 831 2712 merita
859 2695 866 2709 .
896 2694 904 2712 .
934 2697 941 2712 .
988 2646 1064 2712 Dat.
1092 2646 1185 2715 Ario.
1213 2645 1311 2711 VIIII
1335 2644 1381 2709 kl.
1410 2642 1564 2710 februarii
1592 2663 1623 2706 a.

293 2751 524 2818 tertiodecimo.

397 2842 434 2906 19
458 2859 486 2907 9.
510 2862 551 2906 m.
587 2841 621 2907 S.
645 2842 852 2909 Pantaleonis
876 2850 908 2909 91
933 2844 967 2910 S.
992 2843 1120 2909 Martini
1145 2842 1255 2908 (tolon.
1279 2841 1543 2908 monasteriorum
1566 2840 1623 2906 ab·

290 2947 420 3015 batibus
443 2967 482 3013 99
504 2947 734 3015 archidiacono
757 2951 966 3017 Nannetensi.

448 3090 521 3160 Rep.
541 3088 621 3159 991.
641 3090 701 3144 260
719 3106 766 3146 ar.
786 3091 867 3146 1697.

395 3392 517 3458 1642.
555 3395 642 3459 1329
665 3395 804 3461 999991·
826 3395 878 3459 24.
902 3393 1067 3481 91919999.

397 3533 556 3602 Iohannes
577 3534 675 3600 XXII
710 3535 846 3602 Iohanni
870 3535 911 3603 de
935 3536 1086 3622 Hatphen
1122 3542 1267 3603 reservat
1300 3533 1490 3601 beneficium
1523 3534 1622 3599 eoele-

290 3641 453 3708 siastienm
478 3661 549 3706 oum
574 3661 651 3708 9999
667 3642 716 3707 991
742 3644 921 3725 sinopem,
946 3645 1044 3710 etiam
1068 3644 1095 3710 91
1121 3642 1263 3727 dignitas
1279 3643 1329 3708 991
1354 3647 1544 3727 personatus
1567 3647 1623 3707 ant

290 3747 427 3812 officium
452 3749 580 3829 existat,
605 3747 647 3814 ad
671 3749 912 3834 dispositionem
938 3751 1080 3836 episcopi
1106 3750 1325 3817 Traieetensis
1347 3756 1509 3836 spectans,
1533 3749 1622 3814 99199

290 3853 421 3939 fruetus,
456 3855 663 3938 mperatum,
699 3859 882 3941 sexaginta,
917 3859 945 3924 si
970 3876 1046 3923 vero
1070 3859 1141 3922 sine
1165 3877 1241 3923 eura
1265 3856 1372 3939 inerit,
1407 3855 1622 3940 quadraginta

289 3959 440 4027 librarum
465 3963 697 4029 Turonensinm
725 3983 896 4050 parvorum
929 3986 963 4032 s.⁴
980 3972 1003 4030 1.
1028 3963 1059 4029 d.
1095 3965 1235 4030 valorem
1269 3983 1407 4030 annuum
1438 3984 1500 4029 non
1529 3982 1621 4029 exee-

289 4066 379 4150 dant,
414 4088 478 4134 999
510 4068 657 4136 obstante
690 4070 776 4154 quod
808 4073 840 4137 in
874 4071 953 4140 9991.
979 4071 1015 4137 Β.
1043 4072 1144 4137 Mario
1170 4071 1312 4138 Traieet.
1336 4070 1562 4137 canonicatum
1588 4075 1621 4134 et

289 4174 486 4261 prebendam
509 4177 641 4243 obtinet.

396 4283 518 4350 Meritis
542 4291 595 4350 tue
619 4285 866 4370 probitatis...
914 4285 989 4352 Dat.
1013 4286 1107 4351 Avin.
1134 4285 1232 4352 VIIII
1255 4285 1301 4352 kl.
1326 4285 1480 4352 februarii
1503 4305 1534 4350 a.
1559 4290 1619 4350 199-

289 4389 472 4457 tiodeoimo.

396 4497 433 4563 In
457 4518 485 4564 9.
508 4520 549 4564 m.
578 4497 612 4564 S.
637 4499 816 4566 Salvatoris
839 4506 872 4567 et
895 4499 930 4568 S.
955 4500 1042 4568 Petri
1066 4500 1210 4567 Traieet.
1233 4499 1366 4567 donanis
1388 4519 1430 4566 99
1452 4498 1619 4565 Ambrosio

289 4604 330 4671 de
353 4603 549 4690 Lamayrola
572 4607 727 4673 99999199
751 4606 923 4674 Mediolon.
948 4607 1167 4675 ecelesiarum.

438 4755 511 4826 nep.
531 4753 611 4824 eof.
631 4755 692 4811 999
709 4770 756 4809 nr.
777 4756 857 4810 1871.
