3642 5509
254 441 308 498 989
785 444 855 500 1399
874 443 1005 500 October
1023 443 1066 501 29.

255 627 463 712 appellatum.
511 624 617 703 Quare
641 647 698 710 pro
714 633 807 710 parte
831 634 887 693 tua
910 627 1003 692 nobis
1026 627 1086 692 fuit
1110 625 1271 692 humiliter
1294 626 1518 711 supplicatum,
1540 630 1586 702 ut,

257 757 327 801 enm
361 737 401 801 ab
436 735 596 817 aliquibus
628 744 798 816 asseretur,
832 733 918 818 quod
948 755 1006 800 nos
1036 736 1142 800 omnia
1171 733 1327 800 beneficia
1356 733 1586 814 ecclesiastica,

256 864 319 926 que
352 842 457 907 dietus
490 840 692 923 Fredericus,
726 840 801 906 dum
826 843 958 924 viveret,
993 842 1170 925 obtinebat,
1195 839 1358 906 collationi
1382 845 1520 907 nostre.
1546 887 1586 904 ..

256 949 449 1014 duxeramus
472 946 656 1032 specialiter
678 948 883 1030 reservanda,
917 967 957 1013 ne
981 950 1163 1033 acceptatio
1188 955 1220 1013 et
1244 949 1383 1033 provisio
1407 946 1586 1014 huiusmodi

256 1055 363 1121 valeat
386 1061 557 1140 propterea
581 1054 772 1138 impugnari,
803 1054 973 1140 providere
997 1055 1055 1120 tibi
1079 1075 1174 1140 super
1198 1054 1259 1119 hoe
1373 1054 1586 1140 dignaremur.

256 1164 323 1229 Nos
346 1163 445 1246 igitur
467 1212 473 1226 .
493 1210 526 1226 ..
554 1161 754 1228 decernimus
777 1163 1035 1248 acceptationem
1059 1212 1118 1228 ...
1146 1169 1178 1228 et
1202 1162 1492 1247 provisionem...
1519 1182 1586 1247 per·

257 1269 332 1334 inde
355 1270 461 1335 valere
480 1320 486 1334 .
504 1318 538 1334 ..
563 1269 640 1334 Dat.
665 1272 758 1336 Avin.
784 1271 846 1336 Vll
870 1271 915 1335 kl.
939 1271 1121 1336 novembris
1145 1292 1174 1336 a.
1200 1268 1451 1366 quartodecimo.

405 1403 478 1472 Rep.
497 1403 534 1458 95
559 1418 606 1457 ar.
621 1405 684 1458 581.

363 1643 484 1711 1798.
516 1647 602 1709 1399
627 1647 767 1710 October
790 1647 843 1710 29.
875 1644 1040 1732 Aoipaoa.

363 1787 522 1854 Iohannes
545 1789 645 1853 XXII
677 1788 811 1855 Iohanni
846 1788 933 1853 dicto
962 1787 1164 1872 Mulrepeseh
1194 1788 1235 1853 de
1259 1787 1379 1853 Werda
1412 1787 1588 1872 presbitero

257 1896 366 1961 Calon.
392 1896 475 1962 dioc.
500 1903 643 1962 reservat
667 1896 854 1961 beneficium
880 1896 1132 1961 ecclesiasticum
1158 1915 1229 1960 eum
1254 1915 1332 1961 eura
1347 1896 1401 1960 vel
1417 1896 1485 1960 sine
1502 1915 1587 1977 cura,

258 2005 347 2069 cuius
370 2004 501 2086 frusino,
526 2006 553 2069 si
578 2023 648 2068 cum
674 2023 760 2084 cura,
785 2003 913 2086 viginti,
938 2003 1058 2068 sivero
1082 2003 1150 2068 sine
1174 2023 1251 2068 cura
1274 2002 1382 2084 fuerit,
1407 2000 1588 2085 quindecim

257 2111 456 2177 marcharum
469 2113 594 2194 argenti
607 2131 631 2176 s.
643 2118 665 2175 t.
677 2109 709 2174 d.
721 2111 861 2176 valorem
878 2131 1015 2175 annuum
1032 2131 1094 2175 non
1108 2109 1277 2192 excedunt,
1292 2110 1333 2175 ad
1348 2109 1587 2194 dispositionem

257 2218 411 2302 prepositi
432 2218 546 2283 decani
564 2225 596 2282 et
613 2218 748 2302 capituli
765 2217 844 2282 ecel.
858 2218 969 2283 Colon.
987 2217 1196 2283 communiter
1212 2217 1264 2283 vel
1286 2217 1412 2282 divisim
1429 2223 1588 2302 spectans.

365 2325 508 2407 Enigunt
531 2331 585 2390 tue
608 2325 747 2390 merita.
767 2373 799 2389 ..
847 2325 923 2389 Dat.
941 2325 1037 2389 Avin.
1057 2325 1122 2389 llll
1138 2324 1184 2389 kl.
1211 2325 1393 2390 novembris
1417 2345 1446 2388 a.
1465 2329 1590 2406 quarto-

259 2431 393 2497 decimo.

365 2540 401 2603 Iu
426 2559 453 2604 e.
479 2560 519 2603 m.
550 2538 673 2604 decano
698 2539 731 2604 S.
756 2539 857 2604 hlarie
887 2537 929 2603 ad
954 2537 1075 2623 gradus
1099 2538 1209 2603 Calon.
1236 2544 1267 2603 et
1290 2539 1446 2621 magistro
1470 2537 1588 2602 Iacobo

259 2645 299 2711 de
323 2647 446 2712 Mutina
470 2647 630 2713 Tullcnsis
659 2647 826 2732 capellano
856 2653 964 2713 nostro
989 2667 1028 2712 ac
1052 2645 1194 2712 eiusdem
1219 2646 1253 2712 S.
1278 2647 1380 2710 Maria
1403 2644 1445 2710 ad
1469 2642 1589 2728 gradus

258 2754 429 2820 scolastico
454 2753 670 2818 eeclesiarum.

419 2878 492 2948 aeq.
511 2878 551 2931 93
568 2893 615 2930 ar.
636 2877 701 2932 205.

363 3150 484 3216 1799.
516 3153 602 3215 1329
626 3152 812 3216 November
835 3152 866 3214 4.
891 3149 1057 3236 Aaipaoa.

365 3296 532 3360 Iobaaaee
556 3295 665 3358 XXII
693 3296 799 3358 tribas
823 3295 1057 3359 eaecatorr‘bas
1080 3294 1231 3375 mavadat,
1262 3294 1421 3377 peratiaaa
1445 3291 1590 3355 Iohanni

260 3403 301 3466 de
325 3401 508 3466 Moate'calo
534 3401 710 3486 conferaat
735 3402 905 3465 ecclesiam
929 3401 1177 3485 parrochialem
1201 3401 1241 3465 de
1267 3399 1478 3484 Puffeadorf.

369 3542 539 3625 [lohannes
555 3541 665 3625 XXII]
689 3542 812 3607 decano
837 3550 868 3608 et
894 3543 1093 3608 thesaurario
1117 3545 1149 3608 S.
1168 3541 1314 3608 Severini
1332 3541 1530 3607 Coloniensis
1552 3559 1591 3604 ae

262 3651 416 3714 canonico
439 3650 626 3714 Surrentine
650 3648 728 3713 eccl.

369 3755 543 3821 Probitatis
560 3758 683 3835 merita,
708 3777 770 3838 que
794 3758 913 3824 dilecto
937 3759 1002 3823 filio
1027 3758 1162 3824 Iohanni
1180 3757 1220 3822 de
1238 3755 1412 3822 hlonticulo
1437 3753 1591 3820 conculco

262 3863 416 3929 secularis
440 3863 577 3928 ecclesie
601 3863 635 3928 S.
653 3863 821 3929 Gertrndis
845 3866 1037 3931 Nivellensis
1060 3864 1161 3929 Leod.
1188 3864 1272 3930 dioc.
1291 3912 1297 3926 .
1318 3912 1350 3928 ..
1375 3863 1459 3928 Sane
1484 3861 1593 3926 oblata

262 3970 354 4036 nobis
386 3991 443 4055 pro
477 3978 568 4054 parte
596 3990 654 4035 sua
677 3972 842 4055 petitionis
866 3976 965 4038 series
990 3973 1185 4052 continebat,
1221 3970 1307 4055 quod
1330 3991 1389 4036 nos
1501 3969 1592 4034 bene·

262 4079 367 4143 ficium
392 4078 643 4143 ecelesiastIcum
673 4098 743 4143 curn
769 4099 845 4144 cura
869 4081 921 4145 vel
949 4081 1018 4145 sine
1046 4100 1123 4144 eura
1147 4087 1332 4144 consuetum
1357 4078 1481 4143 clericis
1505 4094 1593 4142 seon-

262 4186 381 4250 laribas
410 4186 567 4268 assignari
595 4192 745 4270 spectans
769 4186 811 4252 ad
834 4235 892 4252 ...
916 4186 1416 4272 dispositionem...abbatisse
1440 4182 1593 4248 secularis

262 4292 399 4358 ecclesie
423 4291 627 4358 Assindensis
650 4292 760 4357 Calon.
790 4291 873 4356 dioc.
902 4339 960 4355 ...
988 4287 1214 4354 conferendum
1248 4286 1336 4352 dicto
1370 4285 1505 4352 Iohanni
1532 4333 1592 4348 ...

263 4399 411 4465 duximus
434 4398 661 4464 reservandum
773 4397 923 4483 quodque
947 4395 1150 4482 postmodum
1178 4445 1184 4458 .
1208 4444 1215 4459 .
1244 4393 1463 4460 Theodericus
1487 4391 1594 4456 dictus

262 4507 457 4572 hlarscaleus
481 4506 626 4589 clericus,
652 4508 704 4588 qui
729 4505 963 4590 parrochialem
985 4503 1154 4569 ecelesiam
1172 4501 1212 4566 dc
1229 4499 1432 4585 Passendorp
1448 4499 1592 4584 (Paffea-

263 4614 381 4699 dorft)
411 4612 497 4678 dicte
522 4613 605 4678 dioc.
630 4612 817 4698 possidebat
840 4618 874 4676 ut
897 4620 1013 4692 rector,
1047 4610 1204 4694 prefatam
1228 4608 1397 4674 ecclesiam
1421 4607 1521 4671 libere
1546 4624 1593 4668 re·

263 4721 477 4804 signavit...
503 4722 634 4805 ipscqne
659 4720 817 4785 lohannes
846 4719 887 4784 de
911 4718 1049 4784 ecelesia
1073 4718 1144 4802 ipsa
1169 4725 1320 4798 tanquam
1347 4713 1387 4780 de
1413 4713 1592 4799 pertinente

264 4827 306 4894 ad
331 4827 534 4893 collationem
555 4827 606 4894 vel
630 4828 899 4913 presentationem
925 4825 1069 4912 prcdiete
1094 4825 1256 4890 abbatisse
1280 4823 1417 4889 obtinuit
1440 4821 1502 4887 sibi
1524 4837 1594 4905 pre-
