3642 5509
781 420 851 481 1830
870 421 1000 482 October
1018 419 1060 482 17.
1513 427 1566 484 3111

230 602 464 690 preposituram
497 605 710 690 spectantium
743 625 802 690 per
834 603 969 670 eundem
994 603 1179 689 Philippum
1203 606 1254 671 vel
1287 605 1367 672 alios
1396 606 1564 692 predeces-

229 731 318 778 sores
349 732 424 780 suos
456 732 673 796 quoscumque
702 713 733 776 in
762 710 974 797 preiudicinm
1003 717 1036 777 61
1066 711 1223 777 iacturam
1253 711 1340 778 dicte
1364 716 1565 800 prepositure

230 817 344 903 lactas,
369 838 465 905 snper
489 820 604 903 quibus
627 839 691 884 non
714 826 789 884 sunt
812 838 853 885 ex
877 825 966 884 certa
991 820 1127 883 scicntia
1150 817 1264 884 ascde
1287 820 1467 904 apostolica
1491 842 1564 886 oon·

230 924 426 993 firmationes
450 927 580 992 obtente
604 933 637 991 et
653 927 685 991 in
708 927 823 1010 quibus
846 946 909 991 non
934 924 997 990 fuit
1021 926 1097 991 iuris
1121 925 1224 991 forma
1248 925 1359 993 debita
1384 928 1564 1008 observata,

230 1033 333 1099 nullas
357 1040 390 1099 et
413 1033 520 1099 irritas
543 1031 709 1098 declarare
734 1039 766 1098 et
789 1032 837 1098 sic
859 1033 1002 1098 alienata
1020 1082 1027 1098 .
1046 1082 1053 1097 .
1072 1081 1079 1097 .
1097 1052 1250 1098 revocare
1268 1082 1276 1098 .
1295 1083 1328 1098 ..
1352 1037 1480 1118 curetis,
1503 1037 1564 1102 nisi

229 1139 272 1204 sit
295 1139 384 1205 aliud
408 1141 610 1223 canonicum,
638 1139 723 1224 quod
748 1141 884 1206 obsistat
1022 1141 1097 1206 Dat.
1121 1140 1216 1206 Avin.
1242 1141 1287 1206 Vl
1317 1141 1359 1205 kl.
1384 1143 1566 1209 novembris

230 1267 260 1311 a.
285 1245 534 1330 quintodecimo.

391 1370 464 1442 1209.
485 1371 541 1425 100
558 1387 605 1424 nr.
626 1371 690 1425 772.

335 1633 456 1701 198⁷.
483 1636 570 1701 1330
593 1635 733 1702 October
756 1638 811 1700 27.
844 1633 1010 1722 domnoc.

337 1775 497 1843 lohannes
513 1777 613 1842 XXII
639 1778 776 1847 Nicolao
793 1776 834 1843 de
851 1779 970 1845 Nussia
994 1779 1118 1846 confert
1139 1781 1219 1848 eccl.
1236 1779 1436 1848 Susaciensis
1452 1781 1562 1847 (lolon.

230 1881 315 1948 dinc.
340 1885 574 1968 canonicatum,
598 1883 794 1969 prebendam
811 1905 887 1950 vero
912 1905 1006 1950 unam
1031 1885 1072 1952 de
1096 1887 1270 1954 maioribus
1294 1888 1324 1952 in
1349 1887 1462 1953 eadem
1483 1889 1562 1954 ecel.

231 1989 337 2056 eidem
359 1997 514 2074 reservat,
545 2011 607 2056 non
631 1991 780 2057 obstante
804 1991 889 2075 quod
914 1995 1138 2059 canonicatum
1162 1996 1221 2061 sub
1245 1995 1470 2079 expectatione
1493 2014 1563 2079 pre-

231 2095 338 2162 bende
362 2103 395 2163 61
417 2097 531 2164 ferculi
556 2098 587 2164 in
612 2098 692 2167 ecel.
708 2099 887 2166 Xanctensi
911 2108 945 2165 et
967 2100 1202 2186 parrochialem
1226 2101 1394 2168 ecelesiam
1418 2102 1451 2167 in
1467 2101 1563 2167 Mimo

234 2204 269 2284 (1)
293 2202 382 2270 dicte
405 2203 490 2271 dioc.
514 2206 649 2271 obtinet.

338 2310 531 2397 Multiplicia
554 2314 669 2378 merita
692 2313 863 2397 probitatis
892 2363 899 2379 .
929 2361 936 2375 .
967 2363 974 2379 .
1022 2315 1097 2380 Dat.
1122 2315 1218 2380 Avin.
1244 2314 1290 2380 VI
1312 2314 1357 2380 kl.
1382 2315 1563 2381 novembris

231 2437 261 2482 a.
287 2416 536 2500 quintodecimo.

337 2524 374 2589 ln
399 2544 427 2590 6.
452 2546 494 2590 m.
529 2527 564 2594 S.
589 2527 736 2594 Severini
765 2534 798 2593 61
821 2527 855 2594 S.
881 2527 1014 2612 Georgii
1039 2528 1147 2595 Oolon.
1174 2527 1305 2595 decanis
1328 2549 1368 2595 ac
1392 2529 1562 2596 scolastico

229 2631 393 2699 Tullensis
415 2633 632 2700 ecclesiarum.

396 2768 469 2840 Rep.
488 2769 527 2824 97
544 2785 592 2824 ur.
613 2771 676 2825 776.

335 3031 456 3101 loss.
486 3033 574 3099 1330
597 3033 736 3100 October
758 3037 812 3100 28.
828 3032 995 3122 Aoipuou.

336 3176 508 3261 [lohannes
531 3177 643 3262 XXII]
676 3177 820 3262 Reperto
853 3184 929 3244 nato
957 3178 1091 3265 Ruperti
1127 3178 1252 3246 comitis
1285 3177 1325 3245 de
1349 3179 1561 3265 Vimemburg

228 3285 392 3370 preposito
416 3284 551 3350 ecclesie
575 3283 763 3352 Werdensis
786 3284 896 3351 (iolon.
923 3285 1006 3351 dioc.

334 3393 372 3456 In
396 3391 460 3457 illis
484 3412 546 3474 que
564 3441 571 3456 .
590 3441 623 3456 ..
653 3391 739 3458 Sane
757 3441 764 3457 .
784 3442 816 3459 ..
844 3393 975 3458 Henrici
1000 3393 1235 3479 archiepiscopi
1260 3392 1461 3460 coloniensis
1488 3394 1561 3460 insi-

227 3499 378 3565 nuatione
401 3499 613 3584 percepimus,
638 3497 723 3582 quod
741 3500 870 3565 collatio
888 3501 1088 3586 prepositure
1112 3499 1248 3566 ecclesie
1261 3499 1435 3566 Verdensis
1451 3500 1560 3567 (iolon.

227 3605 311 3671 dioc.
336 3604 379 3671 ad
402 3607 489 3689 regia
512 3606 564 3671 vel
587 3607 791 3692 imperatoris
815 3606 952 3672 Romani
983 3656 989 3672 .
1017 3655 1023 3671 .
1053 3656 1060 3672 .
1089 3607 1233 3692 legitime
1256 3609 1397 3692 pertinet
1419 3614 1452 3673 61
1475 3606 1561 3691 quod

227 3711 269 3777 ad
294 3711 572 3798 archiepiscopum
597 3712 817 3779 Colonieusem
848 3763 855 3777 .
880 3762 887 3778 .
913 3762 920 3778 .
950 3713 1080 3780 collatio
1104 3721 1169 3779 tarn
1195 3713 1337 3780 eiusdem
1361 3716 1561 3801 prepositure

227 3839 323 3902 quam
346 3817 540 3903 dignitatum
565 3826 597 3884 et
621 3818 846 3885 beneficiorum
881 3820 1095 3903 quorumlibet
1127 3820 1415 3887 ecclesiasticorum
1447 3841 1561 3888 vacan-

226 3927 305 3992 tium
335 3925 378 3991 ad
411 3925 616 3992 collationem
645 3925 725 3992 dicti
758 3927 846 4011 regis
870 3927 920 3993 vel
955 3926 1159 4012 imperatoris
1191 3928 1224 3992 in
1258 3927 1380 3995 diocesi
1414 3928 1561 4014 predicta

225 4034 451 4120 spectantium,
476 4052 547 4098 cum
572 4033 740 4118 imperium
764 4053 882 4099 vacare
906 4035 1075 4118 contingit,
1107 4032 1147 4098 de
1171 4035 1304 4117 antiqua
1327 4041 1359 4099 et
1382 4035 1562 4121 approbata

226 4146 259 4207 et
282 4139 437 4206 hactenus
461 4139 596 4225 pacifice
626 4141 797 4207 observata
826 4139 1057 4206 consuetudine
1081 4141 1223 4207 noscitur
1246 4141 1423 4226 pertinerc;
1463 4140 1561 4225 quod·

226 4267 289 4331 qne
319 4267 421 4333 nuper
455 4246 543 4313 dicta
576 4247 779 4333 prepositure
812 4266 869 4331 per
901 4247 1023 4313 obitum
1057 4247 1216 4331 quondam
1245 4247 1401 4314 Everardi
1436 4247 1477 4314 de
1500 4248 1561 4313 To

225 4354 380 4439 nemberg
494 4359 631 4420 vacante
664 4351 749 4419 idem
783 4353 1053 4440 arehiepiscopum
1087 4374 1159 4420 cum
1190 4359 1266 4420 tune
1295 4353 1462 4440 imperinm
1493 4375 1561 4440 pre-

225 4460 346 4528 dictum
363 4468 496 4527 vacaret
513 4511 521 4526 .
539 4511 546 4526 .
566 4512 573 4526 .
590 4459 725 4527 eandem
742 4459 999 4546 preposituram.
1019 4509 1026 4526 .
1045 4460 1125 4527 ,11111
1141 4460 1255 4527 duxit.
1274 4513 1281 4530 .
1301 4460 1559 4528 conferendam.

226 4569 357 4651 Nosque
389 4566 589 4654 postmodam
624 4568 848 4653 premissorum
878 4568 983 4651 ignari
1017 4565 1058 4632 de
1092 4567 1182 4634 dicta
1214 4569 1416 4654 prepositura
1440 4569 1560 4636 dilecto

224 4675 290 4741 filio
313 4675 454 4742 Karsilio
478 4674 520 4740 de
544 4674 636 4740 Rode
668 4674 786 4740 clerico
819 4673 962 4741 eiusdem
997 4672 1135 4742 diocesis
1166 4675 1364 4761 providimus
1393 4725 1400 4742 .
1430 4726 1437 4742 .
1467 4725 1474 4740 .
1503 4696 1561 4761 per

225 4784 349 4851 litteras
371 4783 459 4848 nulla
481 4783 515 4847 in
538 4781 659 4848 eisdem
682 4782 798 4849 litteris
814 4781 855 4848 de
872 4781 1034 4868 premissis
1052 4780 1163 4849 habita
1179 4783 1348 4850 mentione.
1390 4783 1439 4850 Ne
1461 4783 1561 4869 igitur
