3642 5509
300 446 354 502 390
841 440 909 496 1331
930 437 1049 495 ianuar
1069 437 1094 494 7.

407 645 557 712 *2003
584 645 670 709 1331
693 644 832 709 Jcocar
857 644 886 705 7.
910 637 1077 724 Acipcou.

410 787 569 853 Iohannes
593 785 692 850 XXII
726 784 851 849 decano
876 783 1013 849 ecclesie
1037 783 1070 848 S.
1098 779 1231 864 Georgii
1255 779 1366 846 Gelon.
1389 775 1532 858 mandat,
1558 795 1635 859 qua-

300 898 387 962 tinus
410 916 460 969 ec,
485 914 547 978 que
570 893 611 958 de
636 891 727 958 bonis
750 892 903 957 secularis
927 889 1065 957 ecclesie
1088 889 1121 954 S.
1146 887 1265 954 Cecilic
1290 887 1399 952 Oolon.
1424 885 1565 950 alienata
1589 885 1634 947 in-

299 1003 424 1069 venerit
453 1001 566 1067 illicite
596 1006 629 1065 et
653 998 818 1080 distracta,
852 996 894 1062 ad
928 998 977 1062 ius
1001 1002 1034 1062 et
1057 994 1285 1081 proprietatem
1317 991 1458 1059 ciusdem
1491 992 1634 1076 legitime

300 1129 455 1176 revocare
478 1113 637 1193 procuret.

408 1215 459 1280 Ad
482 1214 680 1281 audientiam
703 1219 843 1279 nostram
867 1212 1014 1297 pervenit
1032 1259 1039 1276 .
1058 1260 1063 1272 .
1084 1259 1091 1274 .
1124 1210 1199 1274 Dat.
1218 1208 1313 1274 Avin.
1331 1207 1393 1272 VlI
1409 1205 1481 1272 idus
1497 1205 1634 1272 ianuarii

301 1347 333 1410 p.
350 1345 381 1390 n.
398 1345 428 1390 a.
454 1320 702 1407 quintodecimo.

457 1459 714 1525 Tracsscmptum
734 1455 770 1510 ia
788 1455 1003 1511 documentum
1023 1471 1050 1509 a.
1065 1454 1179 1508 decano
1198 1453 1265 1508 eccl.
1276 1451 1307 1508 S.
1322 1451 1447 1524 Georpii
1465 1452 1636 1522 confectum

450 1549 480 1603 ci.
490 1549 536 1604 28.
546 1563 585 1601 m.
598 1543 682 1601 iunii
695 1561 722 1600 c.
737 1547 822 1600 1333.
841 1543 1037 1614 Desectdorf.
1052 1543 1140 1598 Arcb.
1154 1557 1215 1612 rep.
1229 1541 1259 1597 S.
1275 1540 1405 1598 Caecilia
1421 1541 1519 1597 Coton.
1532 1557 1579 1595 rar.
1590 1541 1635 1595 61.

403 1838 534 1906 2004.
563 1840 649 1903 1331
673 1839 827 1903 Febcuor
849 1839 879 1900 3.
906 1833 1072 1922 Aoipnoa.

406 1981 566 2048 Iohannes
590 1980 689 2045 XXII
725 1980 820 2043 Petro
851 1976 892 2043 dc
921 1978 1148 2061 Vetericampo
1178 1974 1302 2042 confert
1331 1975 1410 2040 eccl.
1439 1972 1635 2038 Xanctcnsis

300 2089 411 2155 Oolon.
437 2088 521 2154 dioc.
547 2093 783 2168 canonicatum,
809 2083 1006 2171 prebendam
1031 2103 1107 2149 vero
1131 2082 1236 2149 eidem
1260 2088 1414 2148 reservat.

410 2194 591 2261 Laudabile
615 2193 842 2275 testimoninm,
867 2191 1032 2275 quod...
1066 2192 1142 2256 Dat.
1168 2189 1261 2256 Avin.
1286 2189 1335 2254 111
1359 2207 1460 2254 nonas
1484 2185 1636 2253 februarii

304 2325 334 2370 a.
360 2301 609 2387 quintodecimo.

411 2410 448 2474 In
472 2429 501 2474 e.
526 2430 568 2473 m.
602 2408 777 2492 Reysensis
807 2414 840 2473 et
868 2406 1086 2472 Embricensis
1110 2406 1220 2472 Gelon.
1245 2412 1277 2470 et
1302 2403 1442 2468 Traiect.
1467 2401 1552 2467 dioc.
1583 2399 1637 2466 de-

305 2515 395 2583 canis
426 2536 465 2583 ac
492 2515 648 2599 magistro
672 2515 768 2580 Petro
792 2513 984 2600 Dyamentis
1014 2512 1196 2598 primicerio
1221 2513 1390 2596 Gayetane
1418 2509 1635 2576 ecclesiarum.

465 2640 538 2710 Rep.
558 2639 596 2694 97
614 2654 662 2693 nr.
680 2640 746 2694 568.

411 2927 560 2993 *2⁰⁰5
588 2930 674 2993 1331
697 2928 852 2993 Febrcar
876 2929 928 2990 11.
958 2925 1123 3011 Ampoon.

413 3066 580 3132 Iohannes
613 3067 719 3130 XXII
751 3072 884 3151 petente
921 3065 1071 3130 Iobaaue
1106 3064 1232 3128 decano
1269 3063 1403 3128 ecclesie
1439 3060 1489 3148 (S.
1519 3059 1638 3136 Cassii)

306 3173 500 3238 Bunnensis
516 3174 681 3238 connectit
704 3181 736 3237 ct
752 3173 827 3236 uait
843 3171 930 3236 dicte
954 3171 1088 3236 ecclesie
1112 3171 1294 3235 decanatui
1316 3169 1566 3254 parrochialem
1590 3189 1637 3233 cc-

305 3280 441 3344 cleeiam
465 3279 500 3346 S.
525 3281 671 3366 Remipii
695 3281 921 3344 Bumoeaaem.

411 3421 569 3488 Iohannes
587 3469 594 3485 .
613 3419 715 3486 ..Ad
736 3426 925 3505 perpetuam
949 3421 994 3485 rei
1019 3420 1214 3485 memoriam.

411 3528 597 3613 Apostolice
631 3527 718 3594 sedis
753 3527 986 3612 circumspectu
1009 3576 1016 3591 .
1038 3573 1045 3589 .
1069 3575 1076 3591 .
1100 3526 1226 3592 Dudum
1262 3526 1421 3610 siquidem
1456 3526 1547 3592 nobis
1583 3547 1640 3612 pro

304 3641 397 3720 parte
415 3683 422 3699 .
440 3683 447 3699 .
467 3683 474 3698 .
492 3633 643 3698 lobannis
676 3632 717 3698 dc
751 3634 865 3698 Bonna
897 3632 1014 3700 decani
1048 3634 1184 3699 ecclesie
1218 3633 1396 3699 Bunnensis
1420 3633 1530 3699 Oolon.
1555 3633 1640 3699 dioc.

305 3740 421 3807 devote
445 3740 609 3825 petitionis
632 3741 715 3805 serie
732 3741 887 3823 intimato,
914 3740 999 3822 quod
1018 3739 1193 3806 decanatus
1217 3740 1355 3806 ecclesie
1371 3741 1548 3806 Bunnensis
1571 3761 1641 3825 prc-

305 3847 392 3914 dicte
415 3846 556 3913 habebat
578 3845 725 3913 redditus
748 3845 830 3912 adeo
855 3854 967 3914 tenues
1001 3867 1042 3912 ex
1066 3848 1180 3930 exiles,
1213 3847 1297 3930 quod
1327 3847 1469 3913 decanus
1498 3846 1641 3913 eiusdem

304 3953 451 4037 ecclesie,
484 3955 538 4038 qui
562 3960 632 4019 erat
655 3974 712 4037 pro
738 3960 892 4039 tempore,
927 3974 968 4019 ex
1002 3955 1049 4019 eis
1073 3975 1136 4021 non
1159 3961 1286 4039 poterat
1311 3954 1444 4020 comode
1468 3955 1641 4020 sustentari

304 4081 365 4128 nec
388 4061 606 4128 incumbentia
629 4060 690 4127 sibi
715 4062 839 4128 ratione
863 4060 941 4126 dicti
968 4060 1144 4127 decanatus
1174 4081 1271 4127 onera
1300 4068 1500 4146 supportare,
1535 4061 1641 4127 nobis·
1671 4145 1679 4160 ι

304 4189 366 4251 qne
389 4189 447 4253 pro
471 4174 562 4254 parte
586 4168 685 4253 ipsius
709 4168 871 4232 humiliter
887 4169 1080 4252 supplicato,
1106 4167 1202 4251 qnod,
1229 4189 1300 4234 curn
1317 4170 1387 4254 ipse
1416 4169 1554 4234 officium
1580 4169 1640 4234 ccl·

304 4277 419 4341 lerarie
435 4273 576 4341 ciusdem
594 4275 732 4341 ecclesie
755 4275 825 4341 sine
842 4295 919 4340 cura
936 4295 1072 4360 semper,
1098 4276 1226 4341 solitum
1253 4277 1417 4342 canonicis
1433 4276 1641 4361 prebendatis

303 4382 446 4449 eiusdem
470 4381 606 4448 ecclesie
631 4383 727 4447 etiam
752 4381 928 4466 dignitates
952 4402 1008 4448 seu
1033 4389 1222 4468 personatus
1246 4383 1324 4447 inibi
1341 4383 1559 4449 obtinentibus
1582 4404 1641 4468 per

303 4488 439 4556 dilectos
462 4488 554 4554 telios
578 4489 752 4573 capitulum
776 4488 919 4556 eiusdem
943 4490 1080 4556 ecclesie
1098 4488 1139 4555 ad
1157 4496 1282 4575 tempus
1306 4490 1472 4574 committi,
1498 4511 1560 4556 non
1585 4491 1641 4556 im·

302 4603 491 4682 perpetuum
514 4596 683 4681 assignari,
717 4597 872 4663 canonice
904 4597 990 4662 foret
1019 4597 1166 4682 adeptus,
1202 4596 1436 4682 parrochialem
1471 4599 1640 4664 ecelesiam

303 4704 414 4771 Sancti
437 4704 576 4788 Remigii
601 4703 780 4769 Bunnensis
813 4703 899 4769 dicte
930 4703 1077 4786 diocesis,
1114 4704 1287 4787 adquam,
1322 4724 1392 4770 cum
1427 4713 1533 4787 vacat,
1570 4727 1640 4790 pre-

302 4813 440 4878 sentatio
473 4811 606 4877 rectoris
637 4813 739 4896 ipsius
777 4809 819 4877 ad
852 4830 924 4876 eum
957 4812 1087 4878 racione
1120 4811 1286 4878 cellerarie
1320 4811 1466 4897 predicte
1498 4813 1641 4877 noscitur
