3642 5509
840 371 910 429 teuc
928 369 1002 430 Junl
1021 371 1046 428 8.

381 599 508 666 2235.
542 604 629 668 1335
653 603 740 670 Jaat
763 604 795 668 8.
819 600 986 687 Aoiqnoa.

381 746 576 812 Benedictus
599 747 665 812 XII
700 746 945 831 archiepiscopo
970 745 1174 811 Treverensi·
1189 743 1332 827 mandat,
1364 745 1513 828 quatinus
1536 763 1607 809 cum

273 852 458 920 Hermanno
482 853 523 919 de
547 855 701 920 Mulomer
726 854 766 920 de
791 853 971 920 Bcdindorf
1000 861 1033 920 et
1057 853 1242 921 Christiana
1265 850 1306 918 de
1331 853 1519 936 Bedindorf,
1553 853 1606 936 qui

273 962 468 1045 ignorantes,
502 961 589 1045 quod
621 964 682 1048 ipsi
715 971 829 1046 quarto
863 962 1152 1046 consanguinitatis
1181 961 1284 1045 gradu
1315 963 1452 1027 invicem
1476 983 1511 1027 se
1535 981 1606 1027 con·

273 1071 411 1154 tingunt,
435 1072 669 1136 matrimonium
694 1076 934 1153 contraxerunt,
963 1070 1136 1156 dispenset,
1171 1068 1256 1153 quod
1281 1071 1314 1135 in
1337 1069 1518 1135 huiusmodi
1543 1090 1607 1134 ma·

273 1179 420 1245 trimonio
445 1179 533 1245 licite
557 1199 720 1244 remanere
744 1179 877 1264 possint,
902 1178 1023 1264 prolem
1047 1185 1230 1264 susceptam
1255 1185 1288 1244 et
1310 1177 1549 1263 suscipiendam
1566 1197 1607 1242 ex

273 1285 454 1352 huiusmodi
478 1287 679 1353 matrimonio
703 1287 881 1372 legitimam
905 1286 1119 1353 decernendo.

380 1393 497 1462 Oblata
520 1394 612 1461 nobis
635 1393 745 1461 dilecti
871 1396 946 1462 Dat.
970 1395 1055 1461 Avin
1078 1395 1124 1460 VI
1147 1393 1220 1460 idus
1244 1395 1323 1459 iunii
1347 1415 1376 1460 a.
1402 1394 1514 1481 primo.

431 1521 505 1590 Req.
524 1520 579 1576 119
597 1537 644 1575 nr.
664 1521 756 1577 1025.-
774 1523 826 1578 Ra.
848 1523 932 1576 1734.

380 1787 510 1855 2236.
544 1791 630 1856 1335
653 1793 740 1858 Jaat
763 1793 795 1857 8.
821 1789 987 1879 Aoiqnon.
1042 1875 1044 1879 Ι

380 1932 573 2000 Benedictus
597 1935 662 1999 ΧΠ
696 1935 869 2000 Wilhelmo
894 1935 981 2000 dicto
1006 1933 1176 2000 Cardinael
1201 1939 1357 2018 perpetuo
1381 1931 1549 2017 capellano
1572 1932 1605 1996 in

273 2040 351 2106 eccl.
376 2039 417 2106 de
441 2041 666 2108 Gronscbcech
697 2042 805 2108 Colon.
837 2042 920 2108 dioc.
955 2050 1098 2108 reservat
1131 2040 1318 2106 beneficium
1352 2040 1605 2118 ecclesiasticum

272 2168 343 2213 cum
369 2168 445 2213 cura
470 2150 519 2215 vei
544 2149 613 2215 sine
638 2171 723 2231 cura,
749 2151 958 2216 communiter
976 2149 1025 2215 vel
1050 2150 1178 2215 divisim
1202 2148 1244 2214 ad
1269 2147 1511 2234 dispositionem
1534 2167 1605 2233 pre·

272 2255 369 2340 positi
402 2253 516 2320 decani
550 2265 582 2322 ct
616 2258 750 2343 capituli
784 2259 862 2323 eccl.
896 2259 930 2324 S.
961 2257 1140 2324 Salvatoris
1169 2257 1310 2322 Traiect..
1339 2276 1480 2342 specam,
1516 2256 1606 2321 cuius

271 2362 405 2444 fructus,
429 2364 455 2430 si
480 2384 551 2428 cum
576 2385 662 2448 cura,
688 2367 814 2449 viginti,
845 2366 872 2431 si
896 2386 973 2430 vero
997 2367 1065 2430 sine
1089 2386 1165 2431 cura
1187 2364 1295 2446 fuerit,
1320 2361 1501 2448 quindecim
1524 2384 1605 2429 mar·

272 2468 403 2535 charum
427 2473 553 2555 argenti
577 2493 602 2538 s.
627 2480 649 2536 t.
675 2472 707 2538 d.
732 2473 873 2539 valorem
897 2493 1035 2540 annuum
1059 2494 1121 2538 non
1146 2471 1316 2538 excedunt.

377 2576 556 2646 Laudabile
581 2581 795 2646 testimonium
820 2579 904 2663 qnod
920 2631 927 2645 .
941 2631 970 2645 ..
995 2581 1070 2647 Dat.
1088 2581 1182 2645 Avin.
1197 2578 1241 2644 Vl
1260 2578 1332 2644 idus
1348 2578 1427 2643 iunii
1444 2600 1474 2643 a.
1491 2578 1604 2664 primo.

379 2687 415 2750 ln
441 2707 468 2752 a.
491 2709 531 2752 m.
565 2690 716 2773 episcopo
751 2687 905 2755 Paduano
939 2694 971 2754 et
1004 2688 1168 2774 preposito
1202 2686 1430 2752 Amhemensis
1462 2686 1604 2751 Traiect.

271 2793 354 2858 dioc.
380 2815 419 2860 ac
442 2795 612 2861 scolastico
636 2795 669 2862 S.
687 2795 774 2860 Petri
800 2795 942 2862 Traiect.
968 2795 1186 2861 ecclesiarum.

418 2917 491 2987 ch.
513 2919 570 2972 120
589 2934 636 2972 nr.
655 2919 726 2983 59&
747 2919 799 2974 aa
821 2921 901 2974 1735.

377 3205 505 3274 2237.
532 3210 618 3273 1335
642 3209 729 3276 Jaaa·
749 3211 781 3274 8.
810 3207 975 3297 Aoiqnon.

376 3349 572 3418 Benedictus
595 3352 661 3416 XII
697 3351 942 3439 archiepiscopo
966 3352 1148 3419 Coloniensi
1181 3351 1323 3430 mandat,
1353 3353 1503 3436 quatinus
1532 3373 1603 3418 cum

269 3455 409 3523 Henrico
438 3456 656 3552 deGriethus
689 3462 848 3544 armigero
879 3468 911 3526 et
940 3461 1123 3544 Margarete
1156 3468 1233 3525 nata
1265 3459 1419 3525 Iohannis
1451 3460 1492 3526 de
1516 3461 1603 3545 Reys

269 3563 378 3630 militis
395 3565 506 3631 Calon.
524 3564 621 3648 dioc,
645 3569 700 3651 qui
723 3567 920 3650 ignorantes,
945 3567 1031 3651 quod
1055 3575 1169 3651 quarto
1193 3567 1483 3652 consanguinitatis
1498 3567 1601 3654 gradu

269 3672 404 3736 invicem
439 3691 474 3737 se
510 3675 708 3758 contingunt,
745 3674 979 3740 matrimonium
1016 3681 1254 3756 contraxerunt,
1291 3673 1466 3761 dispenset,
1502 3683 1537 3740 ut
1571 3677 1602 3741 in

269 3776 357 3844 dicto
381 3781 580 3846 matrimonio
610 3782 699 3847 licite
730 3801 893 3847 remanere
922 3784 1061 3864 valeant,
1097 3783 1215 3867 prolem
1243 3791 1425 3868 susceptam
1450 3789 1483 3849 et
1506 3785 1602 3849 susci·

268 3885 419 3969 piendam
444 3906 485 3951 ex
508 3889 578 3973 ipso
603 3889 805 3954 matrimonio
829 3889 1006 3973 legitimam
1032 3889 1225 3955 nunciando.

374 3993 510 4059 Romani
535 3995 695 4080 pontilicis
718 3997 916 4086 precellens
932 4047 962 4064 ..
988 3997 1062 4062 Dat.
1080 3999 1174 4062 Auin.
1189 3997 1233 4063 Vl
1250 3997 1321 4064 idus
1345 3997 1423 4063 iunii
1440 4020 1470 4064 a.
1488 3999 1600 4083 primo.

429 4117 502 4188 Ray.
523 4119 580 4174 120
598 4135 645 4174 nr.
665 4123 730 4175 831.

375 4406 523 4473 *2238
549 4411 636 4474 1335
660 4412 747 4477 Jaot
773 4413 824 4475 18.
849 4408 1015 4499 Aviqnon.

375 4549 568 4618 Benedictus
592 4552 659 4616 XlI
695 4551 818 4618 decano
852 4554 931 4618 eccl.
965 4554 999 4619 S.
1025 4554 1145 4619 Florini
1176 4556 1208 4619 in
1239 4555 1441 4621 Confluentis
1468 4557 1597 4622 Trever.

267 4656 351 4722 dioc.
375 4656 517 4739 mandat,
543 4660 693 4742 quatinus
716 4680 765 4736 ea,
790 4679 852 4742 que
876 4659 917 4724 de
943 4662 1034 4728 bonis
1061 4664 1246 4728 monasterii
1263 4663 1451 4748 Campensis
1467 4663 1597 4729 Oistcrc.

267 4761 335 4828 ord.
361 4763 471 4829 Goion.
496 4764 579 4830 dioc.
613 4787 671 4850 per
705 4769 928 4834 concessiones
961 4769 1002 4834 ab
1035 4771 1154 4836 abbate
1187 4776 1219 4836 et
1250 4779 1409 4837 conventu
1438 4779 1534 4855 atque
1557 4772 1598 4838 ab
