3642 5509
314 445 367 506 268
869 449 939 508 1329
958 447 1087 508 October
1108 447 1132 506 7.

315 633 468 716 conliget,
493 631 696 718 dispositioni
720 641 828 699 nostro
857 681 895 698 ..
921 683 927 699 .
961 632 1109 698 (luximus
1133 632 1316 718 specialiter
1339 629 1543 714 reservanda,
1570 680 1577 695 .
1605 680 1613 695 .
1641 677 1648 694 .

314 741 406 806 uobis
429 762 487 826 pro
511 747 603 826 parte
627 741 728 826 ipsius
751 741 860 805 extitit
884 739 1046 804 (lumiliter
1069 741 1282 825 supplicatum
1291 749 1316 820 ἢ,
1341 746 1375 804 at
1394 738 1564 824 providere
1587 737 1650 803 sibi

314 869 410 934 super
434 848 495 915 hoc
513 898 520 913 .
539 896 546 910 .
565 897 572 912 .
591 847 806 932 dignaremur.
854 849 921 914 Nos
945 847 1054 930 itaque
1073 897 1080 912 .
1099 894 1105 911 .
1125 897 1133 912 .
1150 847 1335 913 discretioni
1360 854 1467 913 vestre
1485 896 1491 911 .
1511 897 1518 912 .
1537 895 1544 910 .
1561 863 1651 910 mam

315 954 438 1035 damae,
472 955 646 1039 quatinus.
666 1006 673 1020 .
692 1004 699 1019 .
717 955 876 1041 prefatam
900 955 1135 1040 preposituram
1160 975 1230 1020 eum
1255 954 1420 1040 prebenda
1443 975 1569 1019 annexa
1587 1001 1593 1017 .
1613 1001 1622 1016 .
1642 999 1650 1014 .

316 1062 524 1128 Constantino
549 1063 599 1128 vel
624 1063 821 1147 procuratori
845 1081 902 1127 suo
927 1111 986 1130 ...
1013 1062 1159 1128 conferre
1183 1069 1215 1128 et
1239 1062 1405 1146 assignare
1430 1062 1547 1128 curetis
1572 1112 1578 1126 .
1604 1106 1612 1122 .
1642 1108 1650 1124 .

315 1190 379 1235 uon
412 1171 613 1237 obstantibus
645 1171 897 1253 quibuscumque
1017 1189 1073 1236 seu
1107 1169 1192 1253 quod
1225 1169 1391 1255 predictus
1421 1168 1652 1236 Constantinus

315 1279 547 1362 preposituram
581 1277 717 1342 ecclesie
741 1276 993 1361 Wysebellensis
1026 1278 1095 1343 sine
1119 1297 1206 1360 eura,
1240 1277 1329 1343 euius
1357 1279 1481 1364 laycus,
1505 1282 1540 1341 ut
1562 1294 1650 1341 asse·

315 1386 404 1468 ritur,
437 1392 486 1451 est
509 1391 673 1471 patronus,
707 1391 740 1450 et
772 1386 804 1450 in
837 1385 870 1450 S.
897 1384 1043 1450 Servacii
1076 1392 1108 1450 et
1131 1385 1165 1451 S.
1192 1385 1291 1450 Marie
1315 1384 1516 1450 Traiectensi
1549 1402 1587 1448 ac
1616 1382 1651 1446 in

316 1492 536 1578 Wassenberg
559 1492 704 1578 predicte
728 1499 760 1558 et
782 1492 974 1558 Leodiensis
998 1492 1082 1558 dioc.
1112 1493 1258 1560 ecelesiis
1286 1493 1495 1558 canonicatus
1524 1496 1556 1556 et
1580 1510 1653 1574 pre·

315 1599 438 1666 bendas
461 1621 501 1666 ae
524 1601 723 1667 scolastriam
740 1606 773 1666 et
790 1600 1016 1666 canonicatum
1039 1607 1072 1667 et
1096 1599 1292 1685 prebendam
1316 1599 1349 1665 in
1373 1599 1486 1664 eadem
1510 1597 1652 1664 ecelesia

314 1707 348 1774 S.
379 1708 545 1775 (luniberti
580 1707 734 1773 canonice
769 1708 910 1773 noscitur
945 1708 1105 1790 obtinere,
1141 1727 1273 1790 quarum
1309 1707 1583 1792 prepositurarum
1617 1711 1653 1769 et

315 1815 548 1902 prebendarum
579 1813 864 1881 redulcerato.
890 1813 1023 1899 triginta
1052 1813 1253 1879 marcharum
1277 1813 1403 1896 argenti
1429 1813 1572 1878 valorem
1596 1832 1653 1877 arr·

314 1944 411 1990 nuum
434 1944 499 1989 uon
522 1921 693 2005 excedunt,
717 1943 757 1988 ac
780 1922 1005 1988 nichilominus
1029 1943 1099 1987 oum
1124 1919 1237 1987 eodem
1255 1921 1474 2002 Constantino,
1497 1927 1543 2003 ut,
1566 1925 1653 2004 post·

315 2051 411 2114 quam
435 2030 627 2124 auctoritate
650 2030 846 2114 presentium
869 2027 990 2095 dietam
1011 2030 1244 2114 preposituram
1262 2029 1295 2094 S.
1310 2026 1476 2094 Ouniberti
1500 2025 1561 2094 sibi
1578 2046 1653 2092 eon-

316 2136 453 2203 tuleritis
477 2157 546 2202 cunr
572 2135 661 2201 dieta
683 2134 849 2220 prebenda
872 2137 934 2202 sibi
956 2157 1092 2219 annexa,
1117 2137 1353 2221 preposituram
1378 2134 1482 2220 ipsam
1498 2155 1561 2199 una
1578 2153 1653 2198 cum

314 2245 517 2330 prepositura
549 2241 694 2328 predicte
728 2243 864 2308 ecclesie
890 2242 1144 2326 Wisebellensis‚
1178 2263 1240 2326 que
1269 2249 1458 2327 personatus
1482 2243 1550 2307 sine
1574 2259 1655 2305 eura

316 2350 435 2430 existit,
459 2350 548 2416 licito
572 2350 681 2416 valeat
703 2351 841 2416 retinere
858 2400 865 2414 .
884 2404 891 2418 .
911 2401 918 2415 .
937 2350 1124 2436 dispensare
1150 2351 1267 2416 curetis
1285 2400 1291 2415 .
1311 2350 1513 2415 ..Volumus
1534 2355 1654 2430 autem,

314 2464 361 2540 ut,
385 2464 554 2543 postquam
578 2459 705 2543 prelato
729 2457 939 2522 Constantino
964 2457 1005 2522 de
1028 2458 1176 2543 predicta
1199 2459 1402 2543 prepositura
1426 2457 1459 2522 S.
1486 2455 1654 2522 Cuniberti

315 2565 414 2630 fuerit
445 2566 642 2650 presentium
665 2565 859 2630 auctoritate
882 2565 1055 2649 provisum,
1093 2566 1162 2649 ipse
1199 2563 1358 2649 prefatam
1392 2563 1592 2629 scolastriam
1620 2569 1654 2626 et

314 2670 524 2757 prebendam,
547 2693 627 2755 quas
650 2672 683 2736 in
706 2673 777 2757 ipsa
802 2672 940 2736 ecclesia
963 2673 997 2738 S.
1022 2671 1187 2737 Ouniberti
1218 2671 1342 2736 obtinet
1366 2720 1426 2736 ...
1451 2671 1579 2735 omnino
1609 2667 1653 2732 cli

317 2779 443 2845 mittere
468 2786 614 2844 teneatur
632 2829 639 2843 .
658 2827 691 2844 ..
738 2778 813 2844 Dat.
838 2778 934 2843 Avin.
959 2798 1060 2844 nonas
1084 2778 1224 2844 octobris
1248 2799 1276 2843 a.
1302 2776 1553 2860 quartodecimo.

478 2903 551 2973 Rep.
571 2903 609 2956 94
626 2918 674 2956 nr.
694 2903 760 2958 980.

423 3175 545 3241 1768.
572 3178 659 3240 1329
683 3177 824 3242 October·
848 3178 877 3242 7.
913 3173 1077 3261 Aeipuoa.

425 3318 585 3384 Iohannes
602 3319 701 3384 XXlI
725 3317 876 3403 Philippo
900 3325 977 3382 nato
994 3315 1117 3382 blathie
1140 3316 1183 3382 (le
1199 3317 1338 3401 Speculo
1362 3316 1472 3380 militis
1497 3315 1654 3379 canonico

317 3426 397 3491 eccl.
422 3426 456 3491 S.
481 3425 646 3492 cuniberti
671 3425 781 3491 Oolon.
816 3433 960 3491 reservat
994 3423 1136 3490 eiusdem
1171 3424 1308 3490 ecclesie
1339 3420 1536 3508 prebendam
1561 3441 1655 3488 uaca-

317 3540 421 3598 turam
446 3553 485 3597 cx
510 3553 559 3613 eo,
593 3530 679 3614 quod
709 3531 804 3597 hodie
828 3530 1038 3597 Constantino
1068 3529 1156 3596 dieto
1188 3530 1229 3596 (le
1254 3530 1359 3596 Cornu
1387 3528 1560 3596 scolastico
1584 3549 1656 3613 pro·

318 3638 401 3703 vidit
424 3637 465 3704 de
488 3639 692 3723 prepositura
716 3637 860 3704 eiusdem
885 3637 1034 3704 ecclesie.

425 3746 600 3810 Probitatis
624 3746 738 3810 merita
761 3765 857 3829 super
881 3746 996 3828 quibus
1015 3794 1022 3809 .
1043 3793 1075 3810 ..
1123 3746 1199 3810 Dat.
1217 3745 1311 3811 Ario.
1337 3763 1437 3809 nonas
1462 3742 1604 3809 octobris
1625 3764 1654 3806 a.

319 3851 571 3935 quartodecimo.

426 3960 463 4022 ln
488 3979 516 4023 e.
541 3981 581 4024 m.
615 3960 811 4026 Xanctensis
841 3960 950 4026 Colon.
982 3959 1066 4026 dioc.
1097 3969 1130 4025 et
1158 3963 1191 4026 S.
1217 3959 1349 4042 Georgii
1379 3958 1489 4024 Oolon.
1522 3956 1657 4022 decanis

318 4086 358 4131 ao
391 4067 546 4149 magistro
580 4067 749 4132 Ambrosio
783 4066 824 4132 de
856 4067 1053 4152 Laniayrola
1086 4067 1241 4132 canonico
1275 4063 1524 4131 Mediolanensis
1556 4065 1655 4130 eccle-

319 4173 448 4237 siarum.

477 4277 550 4348 Rep.
568 4281 606 4334 94
624 4296 673 4334 ar.
692 4281 757 4334 645.

427 4558 550 4624 1769.
578 4563 663 4624 1329
687 4561 828 4626 October
851 4564 881 4626 7.
906 4557 1072 4648 Aoipaon.

428 4699 586 4766 lohannes
609 4702 675 4766 Xll
700 4722 770 4766 cum
796 4702 939 4768 Iohanne
963 4701 1003 4768 de
1028 4703 1142 4768 llarka
1166 4703 1321 4768 canonico
1346 4701 1426 4768 eccl.
1452 4701 1485 4768 S.
1502 4700 1656 4767 Iohannis

321 4807 537 4818 *———--·

429 4846 458 4906 a)
480 4840 537 4896 sic:
562 4842 720 4897 Anacolut.
