3642 5509
773 431 844 492 1330
862 429 925 492 3311
944 431 986 492 30.
1490 433 1543 492 atr

317 615 463 683 Dilectos
494 615 585 683 tilios
609 617 732 684 nobiles
764 617 851 683 viros
883 615 1039 682 lofridam
1072 615 1221 682 comitem
1254 616 1295 683 (13
1318 616 1482 702 Linanges
1511 624 1544 684 31

211 725 403 792 Guillemum
428 724 574 790 Pinehon
596 723 858 791 archidiaconum
882 725 1114 791 abrincensem
1137 745 1177 790 ac
1199 723 1367 792 Nicolaum
1391 724 1432 790 de
1456 725 1542 791 Mon·

211 834 295 900 storf
318 833 478 916 clericum,
511 833 748 898 ambaxiatores
771 838 803 897 31
827 833 960 898 nuncios
984 832 1091 915 regios
1121 852 1222 916 nuper
1245 830 1287 897 ad
1310 837 1449 898 nostram
1474 853 1543 919 pre·

210 943 350 1007 3333133
374 939 553 1008 (1331133133
576 960 700 1005 necnon
724 937 849 1005 litteras
873 947 946 1005 tuas
970 939 1011 1004 ab
1036 939 1082 1005 eis
1100 989 1107 1004 .
1126 988 1134 1004 .
1153 988 1158 1000 .
1179 946 1382 1025 presentatus
1406 941 1543 1024 benigne

209 1050 465 1134 recepimus...
515 1047 726 1131 Tandemque
758 1046 992 1133 respondimus,
1025 1047 1107 1113 sicut
1140 1049 1172 1113 in
1204 1047 1320 1114 litteris
1349 1050 1466 1116 nostris
1483 1097 1490 1114 .
1509 1097 1541 1114 ..

209 1158 328 1241 regalis
360 1157 604 1242 circumspectio
637 1155 762 1241 plenius
794 1156 913 1240 poterit
945 1154 1072 1238 intueri,
1108 1154 1172 1220 illis
1201 1154 1457 1240 expeticionibus
1485 1176 1542 1241 pro

208 1273 302 1351 parte
325 1266 417 1349 regia
439 1284 497 1349 per
521 1284 576 1329 eos
600 1264 693 1330 nobis
716 1262 843 1344 oblatis,
877 1282 958 1346 quas
990 1262 1124 1328 honeste
1156 1261 1331 1328 secundum
1364 1262 1458 1329 deum
1488 1283 1544 1349 po·

209 1373 338 1455 taimus,
374 1372 415 1437 ad
451 1370 667 1437 exauditionis
698 1372 837 1454 gratiam
869 1369 1061 1436 introductis
1093 1367 1327 1453 nichilominus,
1363 1378 1458 1457 prout
1481 1371 1543 1455 ipsi

209 1480 316 1546 nuncii
341 1480 431 1565 regio
455 1478 646 1544 celsitudine
669 1478 791 1544 3313333
814 1477 965 1544 seriosius
988 1482 1138 1562 poterunt
1162 1478 1238 1543 3133
1261 1497 1341 1545 3333
1359 1527 1366 1544 .
1385 1528 1418 1543 ..
1467 1479 1542 1543 Dat.

210 1589 306 1653 Aria.
331 1589 360 1654 V
383 1587 428 1653 kl.
453 1609 483 1654 a.
509 1585 786 1670 decimoquarto¹.

368 1713 442 1782 ch.
462 1713 516 1767 116
530 1726 581 1781 ps.
600 1710 637 1765 ΙΙ
651 1711 675 1781 f.
695 1711 752 1766 169
770 1726 817 1765 ar.
836 1710 930 1776 1969,·
957 1711 1010 1765 Ra.
1030 1711 1115 1767 1358.

315 1985 439 2051 leae.
476 1986 564 2049 1330
587 1985 664 2051 Jali
685 1986 740 2049 30.
770 1983 937 2071 31319333.

316 2128 476 2193 Iohannes
498 2128 598 2193 XXll
633 2129 787 2211 magistro
811 2127 947 2194 Nicolao
976 2126 1017 2192 de
1040 2125 1282 2192 Lucccmboroh
1314 2126 1437 2191 confert
1461 2125 1539 2190 eccl.

210 2235 245 2300 B.
270 2236 371 2300 hiarie
394 2234 620 2300 Palatiolensis
653 2237 887 2317 canonicatum,
922 2234 1119 2319 prebendam
1143 2254 1219 2300 vero
1252 2232 1356 2300 eidem
1386 2239 1539 2314 reservat,

209 2342 443 2408 nonobstante
474 2341 559 2425 quod
592 2343 624 2406 in
649 2342 792 2408 Tullensi
816 2349 849 2406 ct
872 2342 904 2408 S.
930 2341 1056 2406 Paulini
1081 2348 1302 2407 extramuros
1326 2341 1457 2406 Τπ-3333.
1482 2340 1540 2405 sub

208 2449 441 2533 prebendarum
466 2449 554 2514 etin
579 2449 691 2514 eadem
716 2449 750 2516 S.
767 2449 894 2515 Paulini
918 2449 977 2515 sub
1001 2449 1097 2514 officii
1122 2449 1190 2515 sine
1214 2468 1291 2514 cura
1315 2447 1541 2533 expectatione

209 2559 400 2623 auctoritate
433 2557 612 2641 apostoliea
646 2557 854 2623 canonicatus
884 2577 923 2621 ac
952 2557 985 2620 in
1009 2558 1042 2624 S.
1067 2556 1209 2623 Castoris
1232 2557 1265 2620 in
1289 2553 1438 2622 Cardono
1462 2554 1540 2620 eccl.

211 2664 434 2729 canonicatum
458 2669 491 2729 et
514 2663 710 2749 prebendam
733 2684 858 2729 necnon
882 2662 1116 2750 parrochialem
1141 2663 1309 2729 ecclesiam
1334 2663 1365 2727 in
1381 2660 1541 2726 Eumulda

209 2769 449 2836 Γ1333333133.
483 2771 607 2836 obtinet
631 2791 669 2836 ac
693 2770 881 2836 beneficium
915 2770 983 2835 sine
1016 2790 1093 2835 cura
1116 2769 1157 2835 ad
1188 2769 1391 2836 collationem
1427 2767 1541 2835 decani

209 2862 241 2942 31
265 2877 397 2962 capituli
430 2878 510 2943 eccl.
545 2878 677 2944 Trever.
711 2879 921 2944 communiter
952 2877 1005 2943 331
1038 2877 1165 2944 divisim
1199 2883 1349 2962 spectans
1378 2875 1462 2942 insra
1489 2876 1542 2942 331

209 2990 302 3050 extra
325 2984 494 3052 ecclesiam
520 2986 650 3051 Trevcr.
674 2987 870 3051 auctoritate
893 2984 1041 3070 predicta
1064 2990 1225 3070 expectat.

316 3091 492 3158 Probitatis
516 3098 548 3156 et
571 3093 724 3157 uirtutum
747 3093 862 3158 merit-a
878 3140 886 3158 .
904 3140 938 3156 ..
994 3091 1070 3156 Dat.
1095 3091 1192 3156 Avin.
1217 3091 1266 3155 lll
1290 3090 1334 3155 kl.
1360 3089 1486 3173 augusti
1511 3109 1541 3154 a.

210 3197 461 3282 quartodecimo.

316 3306 354 3371 ln
382 3325 410 3371 3.
436 3327 476 3371 m.
510 3307 621 3372 abbati
653 3306 839 3372 monasterii
869 3305 901 3371 S.
928 3304 1057 3370 Martini
1090 3311 1183 3371 extra
1214 3324 1320 3370 muros
1345 3304 1476 3369 Trever.
1510 3309 1543 3368 31

209 3412 373 3498 preposito
396 3433 436 3478 ac
459 3413 688 3479 archidiacono
712 3414 791 3480 3331.
816 3413 947 3479 Τ33333.

359 3519 432 3588 1139.
452 3519 490 3572 96
506 3535 554 3574 ar.
573 3520 659 3576 3820.

230 3788 234 3794 ’
318 3780 448 3848 laec.
479 3783 566 3848 1330
588 3785 665 3849 Juli
691 3787 744 3848 31.
770 3783 963 3869 (14319333).

315 3907 485 3973 Ῑ31133333
502 3909 613 3972 XXII
632 3909 780 3974 Iohanni
802 3910 874 3995 rapi
897 3909 1043 3984 Bocmie,
1070 3911 1267 3976 Buldewiao
1292 3909 1542 3994 archiepiscopo

318 4048 344 4115 1)
364 4047 506 4103 Similiter
525 4049 633 4103 eadem
653 4050 702 4103 die
721 4051 825 4104 scribit
844 4049 946 4104 Ottoni
966 4050 1035 4104 duci
1051 4049 1181 4118 Aristrie,
1202 4052 1253 4119 qui
1273 4051 1312 4105 ad
1332 4065 1400 4105 euru
1420 4051 1543 4104 miserat

208 4135 373 4192 liudolfum
388 4137 425 4191 (13
439 4136 616 4192 chsestein
629 4145 659 4192 et
672 4138 830 4193 Nicolaum
850 4139 888 4193 de
903 4139 1095 4193 Vrawirrveld
1115 4139 1304 4209 capellanum
1325 4155 1422 4194 suum.
1450 4137 1544 4192 Addit

209 4228 240 4281 in
260 4227 335 4281 tina:
364 4224 432 4280 Alia
454 4243 535 4295 vcro,
555 4227 593 4282 de
613 4228 723 4296 quibus
743 4228 798 4282 tibi
822 4243 877 4297 per
901 4229 976 4282 alias
995 4228 1110 4283 litteras
1129 4229 1297 4296 scribimus
1316 4230 1418 4283 nuncii
1439 4231 1541 4295 nostri,

210 4331 286 4385 quos
305 4317 345 4371 ad
365 4331 417 4370 aas
436 4321 538 4386 partes
559 4316 597 4372 de
615 4317 789 4372 intencione
808 4323 913 4371 nostra
940 4318 1058 4387 plenius
1077 4319 1256 4373 informatos
1276 4318 1429 4372 destinare
1448 4319 1543 4373 inten-

210 4405 316 4472 dimus,
336 4407 390 4460 tibi
410 4405 529 4475 plenius
548 4407 737 4462 reserabunt.
757 4408 840 4478 (1139.
860 4409 916 4460 115
933 4407 958 4476 s.
977 4407 1031 4462 169
1049 4407 1197 4470 ar.1960,·
1218 4407 1269 4462 Ba.
1289 4423 1337 4463 ar.
1357 4404 1453 4474 1359.)
1485 4407 1543 4460 Die

209 4494 345 4550 333330.
365 4495 430 4548 13111
451 4494 679 4550 Constancienai
699 4501 729 4549 et
750 4494 965 4566 argentinensi
986 4497 1135 4565 episcopis
1154 4498 1286 4564 mandat,
1309 4497 1349 4550 ad
1368 4497 1542 4550 instantiam

208 4583 353 4638 lobannis
377 4585 461 4655 regis
480 4583 603 4638 Bocmie
628 4589 657 4638 et
681 4583 798 4639 Ottonis
825 4585 910 4639 ducis
930 4583 1061 4652 Austris,
1081 4588 1116 4638 ut
1135 4585 1289 4641 declarent
1308 4585 1468 4640 Rodolfum
1495 4586 1543 4642 (13

208 4675 323 4728 minum
353 4675 444 4727 castri
473 4674 510 4728 de
530 4673 725 4729 Ochseustein
755 4672 988 4743 argentinensis
1018 4673 1146 4728 diocesis
1172 4675 1351 4731 diaconatus
1375 4675 1474 4729 ordini
1494 4690 1543 4730 ne·

213 4777 368 4832 quaquam
389 4765 546 4818 astrictum
575 4764 707 4817 existere
731 4771 762 4817 31
789 4763 829 4816 30
855 4763 1096 4817 contrabendum
1129 4767 1352 4819 matrimonium
1382 4770 1544 4836 propterea

209 4853 332 4908 minime
351 4853 499 4923 impediri.
520 4854 605 4924 (1939.
623 4855 678 4907 115
697 4867 745 4906 ar.
767 4853 843 4907 1393
859 4852 884 4922 f.
904 4854 976 4918 168,-
996 4853 1049 4908 lia.
1068 4855 1162 4920 1361.)
