3642 5509
735 464 806 530 1330
823 461 995 531 November
1014 465 1057 530 91.
1506 462 1558 528 '385

327 651 489 724 Nobilitas
512 657 650 740 generis,
681 657 747 721 vite
778 705 837 721 ...
884 657 959 722 Dat.
985 655 1080 720 Asin.
1104 655 1171 720 IIII
1196 672 1296 720 nonas
1319 647 1504 722 novembris
1528 676 1558 720 a.

222 763 472 848 quintodecimo.

329 871 366 936 In
391 891 420 937 e.
437 892 479 937 m.
504 871 750 957 archiepiscopo
766 871 989 938 Ehreduueusi
1014 875 1046 936 et
1070 870 1181 937 abbati
1205 869 1389 936 monasterii
1407 871 1439 936 in
1455 868 1558 955 Spon-

221 979 294 1044 hem
318 998 359 1045 ac
381 979 546 1065 preposito
571 979 650 1046 eccl.
675 980 709 1044 in
732 977 936 1044 Swahehem.

371 1103 443 1173 Rep.
464 1101 503 1156 99
520 1102 545 1172 f.
565 1104 620 1157 118
636 1118 686 1158 nr.
706 1102 790 1158 1270.

330 1366 454 1433 losa.
485 1369 574 1433 1330
596 1369 783 1434 November
805 1368 860 1432 21.
888 1365 1082 1454 (Avipaoe.)

332 1510 425 1575 Anno
441 1530 462 1575 e
477 1511 651 1576 nativitate
675 1508 803 1575 domine
827 1509 1040 1576 MOOOXXX
1059 1508 1112 1574 die
1134 1509 1215 1574 XXI
1239 1510 1356 1576 mensis
1378 1510 1560 1577 novembris

224 1617 327 1683 frater
349 1616 532 1682 Wulramns
555 1615 597 1682 de
622 1617 858 1682 Thonenhurch
883 1615 1125 1683 commendator
1149 1614 1261 1683 domus
1285 1617 1322 1681 B.
1339 1616 1440 1682 Maris
1456 1617 1560 1683 Theo·

224 1724 402 1790 lonicorum
428 1723 629 1790 coloniensis
653 1724 694 1790 de
718 1724 865 1810 pecunia,
890 1744 986 1808 quam
1010 1745 1030 1790 a
1053 1722 1255 1790 Theoderico
1279 1722 1320 1788 de
1337 1723 1481 1807 Pelopia,
1505 1724 1560 1808 qui

223 1851 259 1898 se
282 1831 470 1897 nominabat
493 1830 669 1897 Iohannem
693 1830 735 1897 de
758 1831 903 1914 Polonia,
934 1830 1008 1896 dum
1034 1830 1166 1898 intravit
1189 1829 1309 1896 dictum
1334 1829 1488 1915 ordinem,
1513 1851 1560 1897 re-

225 1946 366 2024 ceperat,
402 1958 497 2021 quam
528 1939 698 2023 pecuniam
723 1938 871 2005 dominus
894 1938 1055 2004 lohannes
1078 1939 1248 2024 episcopus
1272 1937 1494 2005 (iracovieusis
1517 1936 1559 2003 ed

224 2066 378 2112 summam
412 2044 718 2130 quadringentarum
750 2045 954 2112 marcharum
988 2047 1114 2130 argenti
1147 2051 1348 2131 receptarum
1376 2065 1434 2131 per
1456 2046 1560 2130 ipsum

225 2153 410 2238 episcopum
434 2172 455 2217 a
478 2152 633 2236 magistro
667 2153 763 2218 Petro
796 2151 837 2218 de
861 2152 1015 2218 Alveruia
1049 2152 1135 2219 sedis
1167 2152 1346 2237 apostolice
1377 2151 1494 2218 nuncio
1526 2153 1559 2217 in

225 2279 325 2344 regno
355 2266 388 2325 et
416 2259 562 2344 partibus
595 2260 729 2326 Polonie
761 2258 956 2345 deposuerat
990 2279 1089 2345 penes
1121 2258 1335 2325 Thedericum
1369 2258 1560 2345 predictum,

226 2367 406 2451 assignavit
440 2385 568 2433 camere
600 2386 657 2451 per
689 2386 801 2434 manus
835 2366 943 2432 fratris
976 2366 1126 2432 Iohannis
1159 2365 1200 2431 de
1230 2366 1452 2432 Porta-hlartis
1481 2364 1560 2432 dicti

226 2473 348 2539 ordinis
370 2475 517 2557 magistri
541 2493 691 2540 censuum
716 2473 803 2540 dicte
826 2473 940 2540 domus
1130 2471 1216 2538 1111Ο
1235 2474 1363 2540 XXXV
1387 2472 1456 2539 flor.
1479 2475 1559 2540 auri.

375 2593 498 2678 Introit
515 2598 543 2650 et
561 2591 638 2650 aaa
658 2596 696 2650 19
712 2595 738 2665 f.
757 2595 831 2650 1121.

333 2886 456 2955 less.
486 2888 574 2953 1330
599 2888 787 2954 November
806 2891 858 2954 22.
892 2886 1059 2975 Auipaoa.

331 3031 502 3116 [lohannes
514 3029 625 3114 XXII]
642 3029 887 3115 archiepiscopo
900 3030 1084 3096 Coloniensi
1101 3037 1134 3095 et
1151 3031 1303 3116 episcopo
1320 3032 1560 3115 Argentinensi.

332 3137 459 3204 Pridcm
485 3135 640 3220 quasdam
669 3143 818 3223 patentes
842 3138 934 3204 vohis
962 3136 1103 3203 directas
1130 3137 1257 3204 dilectis
1281 3137 1354 3204 filiis
1382 3185 1389 3202 .
1420 3188 1427 3202 .
1456 3158 1559 3205 oame-

226 3247 311 3312 rario
340 3246 476 3312 sculteto
514 3242 674 3310 iudicibus
709 3245 891 3310 consulibus
926 3245 1106 3326 ceterisque
1138 3243 1263 3311 civibus
1286 3254 1319 3310 et
1342 3245 1456 3312 incolis
1484 3247 1560 3313 civi·

225 3355 302 3420 tatis
325 3351 513 3437 Maguntine
548 3352 744 3417 concessisse
777 3352 979 3417 meminimus
1012 3353 1131 3417 tenoris
1160 3356 1192 3416 et
1225 3353 1425 3418 continencie
1454 3353 1560 3418 subse·

227 3462 375 3545 quentis:

334 3568 495 3635 Iohannes
519 3567 690 3652 episcopus
714 3573 775 3632 etc.
800 3567 1046 3653 archiepiscopo
1070 3566 1253 3633 Coloniensi
1274 3574 1307 3632 et
1330 3567 1482 3653 episcopo
1503 3567 1560 3633 Ar·

226 3675 408 3759 gentinensi
431 3675 568 3740 salutem
593 3679 625 3739 et
648 3673 860 3758 apostolicam
883 3673 1150 3740 benedictionem.

333 3781 533 3847 Dilectorum
558 3780 691 3846 liliorum
717 3781 909 3846 camerarii.
929 3834 936 3849 .
956 3828 963 3845 .
980 3781 1055 3847 Dat.
1075 3782 1169 3847 Aria.
1188 3781 1232 3846 kl.
1256 3781 1324 3846 iulii
1348 3787 1435 3867 pont.
1460 3782 1561 3847 nostri

226 3909 255 3954 a.
280 3888 391 3953 x1111.
439 3886 515 3972 (Nr.
543 3889 655 3968 1909.)

334 3994 422 4072 Quas
445 3992 574 4076 quidem
599 3994 734 4077 litteras,
768 3993 953 4079 priusquam
986 3993 1029 4060 ad
1058 4002 1167 4080 partes
1196 3995 1398 4062 mitterentur
1422 3995 1561 4080 easdem,

226 4101 268 4167 ad
304 4101 463 4167 cautelam
499 4099 637 4166 fecimus
672 4099 843 4185 duplicari.
890 4102 1008 4167 Verum
1045 4103 1120 4184 quia
1154 4102 1254 4168 verba
1288 4101 1354 4186 illa,
1390 4101 1560 4170 videlicet:

229 4228 381 4295 „quorum
406 4227 488 4273 uuus
511 4227 551 4272 er
576 4207 633 4272 tali
656 4207 855 4292 sagitatione
883 4209 992 4273 extitit
1024 4207 1253 4294 interemptus“
1288 4211 1320 4274 in
1345 4208 1465 4276 eisdem
1490 4231 1563 4277 con·

226 4321 316 4382 tenta
340 4315 456 4380 litteris
479 4321 588 4399 preter
611 4314 861 4399 supplicantium
887 4316 1085 4400 propositum
1102 4336 1159 4401 per
1176 4335 1324 4399 errorem,
1348 4318 1560 4400 crassentur,

226 4422 381 4489 dictantis
404 4421 437 4487 in
460 4420 573 4487 eadem
597 4422 761 4506 peticione
784 4429 817 4487 et
841 4420 960 4488 deinde
984 4423 1017 4488 in
1041 4421 1136 4489 dictis
1158 4423 1274 4488 litteris
1298 4443 1338 4488 ex
1359 4423 1486 4509 prelata
1509 4443 1562 4508 pe-

226 4530 344 4596 ticione
368 4528 516 4594 formatis
546 4527 668 4594 inserta
696 4528 832 4612 suerunt,
867 4549 925 4595 nos
950 4530 1094 4596 volentes
1118 4529 1222 4595 dictas
1245 4529 1381 4613 litteras,
1414 4531 1509 4596 etiam
1534 4531 1561 4596 si

225 4657 283 4722 per
306 4656 362 4702 eas
386 4635 428 4702 ad
452 4642 545 4702 actus
568 4635 693 4717 aliquos
716 4633 759 4701 sit
784 4655 979 4720 processum,
1013 4635 1154 4702 debiturn
1180 4637 1288 4702 sortiri
1313 4635 1472 4720 effectum,
1497 4637 1561 4702 ira·

227 4744 370 4808 ternitati
395 4751 500 4808 vestre
515 4791 522 4806 .
537 4789 566 4806 ..
584 4740 783 4824 mandamus,
808 4743 959 4824 quatinus
982 4742 1024 4808 ad
1048 4744 1271 4809 executionem
1294 4743 1470 4828 plenariam
1487 4763 1560 4808 con·

226 4856 386 4916 tentorum
411 4848 443 4913 in
467 4847 602 4933 prefatis
627 4847 824 4913 litteris...
851 4848 1047 4935 procedatis,
1071 4870 1110 4916 ac
1134 4849 1161 4916 si
1186 4849 1284 4916 verba
1307 4849 1465 4935 predicta,
1498 4869 1560 4934 que

261 4971 384 5017 raanan.
400 4971 526 5024 aenean
540 4969 572 5014 11.
1326 4955 1362 5011 25
