3642 5509
772 479 841 536 1327
861 479 943 534 hidre
962 479 1004 535 17.

318 659 432 726 noa.
458 662 545 727 1327
569 659 668 726 Mdre
691 661 742 726 17.
772 656 936 745 Avipnon.

316 803 476 871 Iohannes
498 804 597 870 XXII
620 803 788 870 Ludovieo
813 803 854 869 de
877 802 1082 888 Lucemborg
1106 801 1369 869 consideracione
1391 803 1544 871 Iohannis

212 913 297 996 regis
322 913 451 979 Boemie
483 933 541 999 pro
574 932 613 979 eo
645 912 813 998 capellano
846 931 903 979 sno
933 912 1144 998 supplicantis
1172 911 1297 977 confert
1320 913 1400 978 ecel.
1425 913 1542 979 Wisse-

211 1017 380 1102 gradensis
403 1040 503 1106 prope
526 1021 666 1104 Pragam
691 1021 916 1086 canonicatum
940 1027 974 1086 et
996 1018 1194 1105 prebendam
1217 1024 1371 1086 vacantes
1393 1040 1451 1105 per
1474 1041 1544 1106 pro-

212 1126 383 1192 motionem
407 1127 573 1213 Hyneonis
596 1126 628 1192 in
654 1128 838 1212 episcopum
863 1126 1118 1209 Olomuoensem‚
1149 1147 1212 1192 non
1236 1129 1384 1195 obstante
1408 1127 1494 1210 quod
1518 1129 1545 1194 is

211 1232 243 1297 in
266 1233 301 1299 S.
327 1234 494 1300 Michaelis
518 1234 559 1300 de
584 1233 788 1319 Lueemborg
821 1240 1008 1320 perpetuam
1038 1236 1191 1301 vicariam
1225 1255 1335 1302 curam
1367 1235 1544 1300 animarum

213 1339 383 1406 habentem
407 1347 440 1407 et
463 1342 495 1406 iu
519 1340 578 1408 SS.
604 1343 749 1408 Severini
773 1348 806 1408 et
830 1341 959 1406 Martini
983 1341 1234 1410 Meniveldensis
1264 1343 1488 1409 canonicatum
1513 1347 1546 1406 et

116 1479 121 1493 ,
212 1447 409 1531 prebendam
433 1468 472 1514 eo
494 1449 526 1514 in
542 1449 576 1514 S.
594 1448 714 1515 Florini
739 1450 771 1514 in
795 1448 1003 1515 Confluencia
1018 1448 1150 1515 Trevcr.
1176 1449 1261 1516 dioc.
1285 1451 1387 1516 altare
1404 1449 1438 1515 S.
1455 1449 1544 1514 Petri

212 1575 274 1620 non
308 1561 453 1621 curatum
486 1556 619 1623 obtinet.
667 1557 789 1622 Tamen
823 1556 1057 1641 possessionem
1085 1557 1292 1623 canonicatus
1322 1563 1355 1623 et
1382 1555 1545 1642 prebende

212 1663 290 1728 ecel.
315 1663 591 1748 wissegradensis
615 1672 791 1747 assecutus,
815 1662 996 1750 predictum
1019 1663 1122 1730 altare
1145 1663 1296 1730 dimittat.

316 1769 480 1837 Attrihuta
496 1771 554 1837 tibi
571 1772 762 1858 probitatis.
778 1821 807 1838 ..
833 1772 908 1838 Dat.
923 1773 1017 1837 Avin.
1034 1770 1113 1837 XVI
1129 1771 1174 1837 hl.
1191 1772 1302 1858 aprilis
1317 1792 1346 1836 a.
1365 1769 1544 1837 undecimo.

319 1878 356 1943 ln
380 1898 407 1943 e.
434 1899 476 1944 m.
512 1879 664 1965 episcopo
694 1878 848 1945 Padnano
881 1885 914 1944 et
947 1879 1057 1945 abbati
1090 1879 1275 1946 monasterii
1299 1879 1546 1944 Breunoniensis

212 2005 312 2072 prope
335 1963 476 2070 pragam
500 2006 539 2052 aa
563 1986 733 2053 scolastico
758 1987 838 2052 ecel.
862 1987 1046 2072 Prsgensis.

363 2109 436 2180 Rep.
455 2111 494 2164 83
510 2109 535 2180 f.
556 2109 623 2166 330l
640 2125 688 2164 nr.
709 2110 794 2166 1832.

320 2288 435 2354 llos.
463 2292 549 2356 1327
571 2292 670 2356 Mitre
695 2292 746 2358 19.
776 2289 961 2377 Avipnon.¹

319 2431 490 2516 [lohannes
514 2432 624 2517 XXII]
650 2433 903 2519 archiepiscopis
927 2435 1088 2520 episcopis
1112 2443 1171 2502 eto.

318 2539 398 2606 Cum
430 2560 489 2606 nos
521 2539 657 2607 dilectos
689 2539 770 2606 filios
793 2542 924 2606 Petrum
949 2541 1106 2626 Guigonis
1134 2541 1175 2608 de
1205 2541 1404 2608 Castronovo
1427 2539 1546 2626 Lingo-

214 2666 343 2712 nensem
368 2653 400 2712 et
422 2648 553 2712 Petrum
577 2647 618 2713 de
643 2647 782 2714 Vivariis
807 2647 1029 2714 vivariensem
1058 2649 1230 2715 canonicos
1259 2648 1436 2734 apostolico
1460 2647 1546 2714 sedis

215 2755 346 2819 nuncios
369 2753 565 2820 exhibitores
589 2756 782 2840 presentium
806 2753 849 2820 ad
874 2761 980 2822 certas
1002 2769 1111 2842 partes
1134 2777 1192 2842 pro
1216 2755 1407 2840 quibusdam
1429 2755 1546 2821 nostris

214 2867 247 2925 et
269 2860 406 2926 ecclesio
431 2861 574 2927 Romane
604 2861 743 2946 negotiis
771 2861 977 2947 destinemus,
1011 2863 1254 2929 universitatem
1278 2869 1417 2929 vestram
1441 2881 1546 2928 mone·

214 2988 283 3034 mus
306 2987 456 3053 rogamus
480 2974 513 3035 et
536 2966 701 3035 hortamur
724 2975 857 3053 attente,
892 2969 1042 3052 quatinus
1065 2969 1194 3036 eosdem
1218 2968 1362 3053 nuncios,
1395 2989 1467 3035 oum
1490 2987 1547 3052 per

215 3071 315 3140 terras
340 3074 505 3142 districtus
535 3085 567 3140 et
596 3075 668 3141 loca
700 3082 808 3142 vestra
843 3077 1061 3153 transiverint,
1096 3077 1237 3161 benigne
1271 3073 1548 3143 recommendatos

215 3180 370 3248 habentes
394 3187 426 3248 et
449 3181 670 3249 favorabiliter
698 3189 935 3268 pertractantes
962 3183 1082 3249 nullam
1106 3184 1167 3250 sibi
1192 3190 1224 3250 et
1248 3182 1460 3249 familiaribus
1482 3183 1548 3247 suis

214 3289 246 3352 in
270 3288 416 3374 personis
440 3295 473 3354 et
502 3289 594 3356 honis
623 3309 662 3355 ac
691 3291 787 3356 rebus
820 3310 928 3356 eorum
960 3290 1072 3355 inferri
1104 3291 1283 3357 molestiam
1316 3290 1368 3356 vel
1399 3289 1548 3355 iniuriam

215 3396 418 3480 permittatis,
452 3395 509 3463 sed
541 3395 662 3463 eisdem
690 3398 797 3481 potius
826 3396 867 3462 de
890 3417 1003 3463 securo
1027 3397 1187 3464 conductu
1210 3398 1243 3463 in
1266 3395 1371 3463 eundo
1394 3394 1548 3461 morando

215 3510 247 3569 et
270 3501 446 3586 redeundo,
471 3522 543 3568 cum
566 3523 625 3589 per
647 3523 703 3569 eos
727 3502 853 3570 fueritis
877 3505 1032 3588 requisiti,
1058 3553 1064 3566 .
1092 3553 1099 3569 .
1126 3553 1133 3569 .
1158 3504 1329 3588 providere
1353 3503 1471 3570 curetis
1487 3551 1495 3568 .
1514 3549 1546 3567 ..

215 3613 290 3680 Dat.
315 3613 410 3677 Avin.
435 3610 535 3677 XIIII
559 3609 604 3675 hl.
629 3611 740 3696 aprilis
763 3632 783 3676 a
807 3610 986 3677 undecimo.

367 3737 439 3808 1199.
461 3739 514 3791 114
531 3751 580 3806 pa.
600 3734 674 3805 Hs.
696 3736 732 3790 78
750 3750 798 3789 nr.
818 3735 899 3790 1077.

321 3908 437 3976 1164.
464 3911 548 3974 1327
573 3908 672 3974 Mure
697 3911 748 3974 19.
773 3908 940 3996 Aoipnon.

323 4054 492 4119 Iohannes
505 4053 616 4117 XXII
635 4073 710 4118 cum
726 4053 908 4137 Hildepero
928 4050 1142 4119 Constantini
1163 4053 1204 4117 de
1227 4051 1550 4137 Ecclesia-Liaolphi

216 4163 391 4247 dispensat
413 4181 516 4247 snper
538 4160 792 4245 irrepnlaritute
816 4161 986 4244 eidemque
1010 4161 1151 4225 remittit
1164 4161 1301 4246 froctae
1317 4159 1550 4246 beneficiorum

217 4269 516 4334 ecclesiastieorum
539 4269 581 4332 uh
606 4269 719 4332 eodem
742 4268 866 4332 iniuste
891 4274 1049 4351 receptos.

322 4409 483 4476 lohannes
506 4409 606 4475 XXII
641 4407 818 4494 Hildegero
842 4408 1044 4475 Constantini
1074 4406 1115 4474 de
1143 4406 1451 4493 Ecclesia-Lisolphi
1478 4407 1550 4474 sub-

217 4517 352 4584 diacono
376 4516 570 4584 Coloniensi.

324 4623 470 4709 Exigunt
495 4632 548 4690 tue
572 4625 743 4710 probitatis
766 4625 901 4690 merita.
918 4673 925 4689 .
940 4673 947 4688 .
961 4623 1047 4690 Sane
1070 4643 1128 4707 pro
1152 4628 1244 4708 parte
1265 4628 1320 4688 tna
1336 4621 1429 4688 nobis
1444 4620 1552 4688 oblate

317 4769 343 4828 1)
364 4767 450 4836 Gonf.
476 4764 689 4821 Vatr'lcanimhe
708 4767 875 4821 Urlrunden
894 4766 961 4821 and
978 4767 1127 4837 Repesten
1145 4780 1202 4819 aur
1222 4763 1326 4819 Gesch.
1345 4761 1552 4834 Lathrinpena

217 4875 263 4914 nr.
281 4859 337 4914 517
357 4859 383 4912 et
403 4854 514 4913 Kirsch
532 4869 582 4926 99.
604 4858 666 4911 110.
