3642 5509
774 421 844 481 rem
863 421 949 496 uper
972 423 1015 480 re.

325 658 458 725 *urs
490 661 576 725 1327
599 658 702 745 April
728 662 780 725 13.
805 657 972 746 Aoiprrorr.

326 801 494 867 Iohoorses
523 802 634 866 XXII
657 802 907 888 archiepiscopo
937 803 1133 867 treverensi
1163 802 1297 886 eiusque
1326 801 1553 890 suffroporreis

218 910 368 995 notificet
402 909 643 995 depositionem
676 909 840 978 Ladooici
873 910 1005 976 Bcoori
1040 918 1071 975 et
1107 909 1485 975 eoceommuoicotiooem
1515 911 1553 976 io

219 1036 294 1080 eom
318 1017 452 1100 eiusque
475 1037 633 1102 sequaces
653 1017 886 1103 fulminatum.

327 1138 498 1224 [lohannes
520 1140 631 1225 XXII]
660 1141 902 1226 archiepiscopo
931 1141 1122 1207 Treverensi
1145 1140 1278 1223 eiusque
1301 1141 1522 1226 suffraganeis.

325 1246 453 1312 Pridem
478 1247 633 1315 adversus
657 1247 859 1313 Ludovicum
883 1247 924 1313 dc
948 1247 1088 1314 Bavaria
1111 1249 1419 1314 excommunicatum
1443 1247 1497 1314 dei
1521 1257 1553 1315 et

218 1353 356 1420 ecclesie
388 1360 501 1420 sancte
533 1374 591 1420 sue
623 1354 763 1438 fideique
787 1353 947 1421 catholice
970 1355 1121 1421 rebellem
1145 1354 1348 1421 manifestum
1372 1362 1405 1420 et
1428 1355 1551 1423 hostem

218 1458 259 1525 de
284 1461 417 1526 fratrum
440 1467 619 1528 nostrorum
643 1462 775 1527 consilio
800 1469 921 1528 certum
946 1482 1128 1548 processum
1151 1461 1329 1546 habuimus,
1354 1463 1445 1529 cuius
1461 1470 1554 1528 tenor

218 1568 361 1650 sequitur
393 1569 426 1632 in
450 1567 513 1634 hac
535 1569 654 1634 forma:
690 1569 850 1635 Iohannes
874 1570 1046 1656 episcopus
1068 1589 1181 1637 servus
1202 1589 1367 1636 servorum
1390 1569 1454 1636 dei.
1501 1570 1553 1635 Ad

218 1681 406 1760 perpetuam
429 1677 475 1740 rei
498 1676 694 1742 memoriam.
741 1675 792 1740 hd
816 1676 1029 1761 speculatoris
1052 1676 1332 1744 officium.
1355 1678 1431 1742 Dat.
1456 1677 1552 1744 Asin.

218 1779 342 1848 Vidua
366 1781 478 1867 aprilis
500 1803 532 1868 p.
559 1802 589 1848 n.
615 1803 645 1848 a.
671 1781 849 1849 undecimo.
896 1783 939 1848 Et
967 1783 1045 1849 licet
1072 1783 1287 1850 necessarium
1310 1802 1375 1849 non
1398 1785 1553 1852 existeret

219 1908 402 1973 processum
426 1886 563 1955 eundem
587 1889 634 1956 sic
656 1889 830 1956 solenniter
853 1896 1003 1976 presente
1026 1887 1232 1956 multitudine
1255 1873 1387 1976 copiosa
1409 1888 1553 1957 fidelium

217 1995 364 2062 habitum
386 2001 430 2078 et,
465 1997 557 2061 utin
581 2017 620 2062 ea
643 1997 834 2076 continetur,
870 1997 961 2063 ostiis
993 1997 1130 2063 ecclesie
1162 1996 1388 2064 Arinionensis
1420 1995 1551 2063 affixum

218 2102 295 2169 alibi
329 2124 425 2187 quam
457 2101 545 2188 apud
576 2103 687 2170 sedem
720 2103 930 2189 apostolicam
963 2103 1131 2189 publicari,
1166 2123 1225 2170 nos
1253 2110 1363 2169 tamen
1386 2123 1427 2171 ex
1455 2124 1552 2191 super

217 2209 428 2294 habundanti,
452 2217 487 2275 ut
503 2209 628 2277 cunctis
651 2210 767 2276 clarius
790 2230 901 2276 earum
924 2211 1062 2296 partium
1086 2208 1234 2276 fidelibus
1256 2207 1448 2295 innoteseat,
1464 2211 1552 2277 illam

218 2316 343 2384 advos
370 2325 559 2400 vestrasque
586 2317 734 2383 civitates
766 2324 799 2382 et
831 2317 978 2384 dioceses
1010 2315 1210 2403 providimus
1240 2316 1323 2384 serie
1356 2319 1551 2403 presentium

218 2422 454 2508 destinandum,
487 2424 684 2490 iratemitati
708 2430 815 2491 vestre
844 2426 877 2489 in
901 2425 1019 2490 virtute
1046 2430 1159 2491 sancte
1188 2423 1372 2490 obedientie
1395 2445 1453 2510 per
1476 2446 1552 2512 apo·

217 2531 333 2597 stolica
365 2532 487 2617 scripta
519 2529 720 2614 mandantes,
756 2531 905 2614 quatinus
938 2551 995 2598 ros
1019 2537 1052 2596 et
1081 2531 1199 2615 singuli
1231 2536 1374 2597 vestrum
1405 2533 1439 2596 in
1472 2531 1554 2600 locis

218 2643 396 2704 vestrarum
420 2638 587 2704 civitatum
611 2642 644 2702 et
667 2637 853 2721 diocesium,
883 2636 998 2721 quibus
1021 2637 1119 2703 inerit
1142 2637 1329 2724 expediens,
1357 2658 1415 2726 per
1437 2659 1496 2705 ros
1519 2646 1552 2705 et

218 2743 299 2810 alios
321 2743 490 2829 religiosos
513 2751 547 2810 et
569 2744 738 2828 seculares,
773 2742 814 2810 de
843 2746 958 2828 quibus
981 2745 1074 2810 vobis
1097 2743 1270 2829 videbitur,
1304 2764 1384 2828 quos
1414 2744 1458 2812 ad
1490 2745 1552 2812 hoc

217 2871 276 2937 per
299 2871 465 2918 censuram
489 2851 742 2918 ecclesiasticam
759 2851 975 2938 appellatione
991 2851 1172 2937 postposite
1188 2850 1383 2937 compellere
1405 2852 1551 2936 valeatis,

218 2959 377 3043 exemptis
399 2965 432 3024 et
456 2958 622 3043 quibusvis
653 2959 725 3025 aliis
757 2957 845 3025 dicte
877 2957 966 3028 sedis
991 2958 1172 3046 privilegiis
1196 2957 1448 3043 quibuscumque
1471 2960 1551 3027 locis

219 3084 274 3130 seu
308 3067 454 3150 personis
486 3063 544 3131 sub
577 3085 777 3150 quacumque
811 3066 915 3132 forma
947 3067 1000 3133 vel
1033 3067 1243 3151 conceptione
1272 3067 1441 3132 verborum
1475 3087 1551 3133 con·

219 3173 384 3239 cessis...
408 3191 610 3257 nequaqnam
635 3173 847 3256 obstantibus,
872 3170 995 3239 dictum
1018 3193 1202 3259 processum
1227 3178 1260 3238 et
1282 3178 1434 3239 contenta
1456 3173 1489 3239 in
1513 3194 1551 3239 eo

219 3279 316 3346 etiam
339 3278 374 3345 in
389 3280 516 3364 vulgari
539 3281 572 3345 in
595 3280 676 3347 locis
699 3280 871 3363 solenibus,
895 3280 951 3346 ubi
973 3278 1144 3346 multitudo
1168 3280 1278 3366 populi
1302 3279 1398 3346 fuerit
1421 3285 1455 3346 et
1470 3279 1552 3348 alias

218 3384 409 3472 expedierit,
442 3387 615 3454 solenniter
647 3385 830 3473 publicetis,
863 3407 922 3454 nos
949 3385 1111 3453 redditum
1140 3385 1182 3452 de
1204 3386 1423 3473 publicatione
1446 3386 1553 3454 huius·

219 3491 305 3560 modi
329 3494 380 3560 vel
405 3500 529 3561 vestros
560 3494 685 3561 litteras
709 3493 761 3562 vel
784 3495 993 3561 instrumenta
1022 3493 1153 3580 publica
1181 3493 1372 3581 principium
1402 3499 1435 3560 et
1458 3494 1552 3560 hnem

218 3602 414 3687 presentium
449 3602 646 3668 continentia
680 3601 764 3668 infra
797 3601 954 3688 prefixum
988 3602 1022 3666 in
1055 3600 1168 3666 eodem
1201 3620 1353 3686 processu
1382 3595 1552 3668 terminum

219 3711 379 3777 certiores.
427 3711 503 3776 Dat.
527 3709 622 3775 Asin.
646 3709 719 3776 idus
742 3709 854 3795 aprilis
877 3730 908 3795 p.
926 3730 956 3775 n.
974 3730 1004 3775 a.
1029 3707 1210 3776 undecimo.

381 3869 430 3926 Or.
450 3871 573 3926 membr.
593 3886 662 3926 cmm
679 3870 804 3940 plumbo
822 3869 915 3940 perid.
977 3869 1016 3923 Im
1035 3866 1123 3939 plico
1146 3869 1189 3924 od
1207 3869 1318 3925 descire
1355 3849 1551 3978 Bledhuhhnt.

378 4013 415 4070 Im
434 4015 526 4071 dorso
545 4015 597 4070 bec
616 4017 688 4070 moto
703 4013 824 4084 purtim
841 4013 932 4070 modo
951 4011 1102 4083 lepibitis:
1128 4011 1205 4070 Nola
1224 4013 1306 4083 quod
1326 4052 1333 4067 .
1353 4052 1359 4066 .
1380 4052 1388 4069 .
1407 4013 1456 4067 die
1475 4013 1551 4067 iunll

379 4106 504 4160 fuerunt
523 4102 559 4170 (i)
579 4143 719 4159 ......
744 4103 800 4158 hec
820 4108 952 4174 quatuor
970 4103 1068 4158 littere
1089 4107 1119 4157 et
1137 4117 1200 4156 una
1218 4100 1322 4156 clausa
1341 4102 1399 4156 sub
1417 4101 1501 4156 bulla
1519 4103 1552 4156 in

379 4195 493 4264 palatio
513 4193 695 4249 Treverensi
713 4209 769 4264 per
787 4193 903 4262 Reynh.
932 4191 1155 4247 thesaurarium
1175 4190 1303 4246 ecclesie
1323 4229 1462 4246 ......
1481 4189 1552 4246 Ber·

379 4283 489 4338 trando
509 4283 547 4338 de
566 4281 757 4338 confluentia
782 4282 903 4352 publico
934 4281 1061 4336 notario.
1087 4274 1219 4335 (lobiens.
1239 4278 1400 4353 hrobrep.
1419 4277 1552 4352 emersi

382 4371 478 4428 hbier.
498 4373 533 4427 Α.
551 4372 640 4428 Ereb.
659 4371 848 4428 Stcotscrct.
867 4371 891 4426 I.
911 4369 946 4425 A.
968 4371 1058 4426 159o.

326 4635 441 4708 11⁷6.
467 4639 554 4707 1327
577 4636 680 4726 April
709 4639 762 4705 13.
797 4635 963 4726 Aoipooo.

326 4783 486 4851 Iohannes
512 4783 611 4850 XXII
645 4783 743 4850 Petro
777 4781 934 4868 (trigonis
966 4777 1008 4846 de
1040 4777 1238 4850 castronovo
1270 4777 1487 4869 Lingonensis
1518 4787 1552 4852 et
