3642 5509
283 418 336 474 4118
809 421 878 476 1333
896 421 1017 476 Januar
1036 423 1078 476 14.

285 601 454 685 pertinere.
488 601 557 668 Nec
582 607 733 667 contenta
757 601 817 667 fnit
842 601 999 668 celsItndo
1023 603 1113 686 regia
1136 602 1196 667 beo
1219 603 1382 668 insinuare
1412 605 1539 684 litterIs,
1563 602 1621 669 sed

285 708 327 772 ad
352 707 464 773 borum
491 710 745 793 prosecutionem
772 709 924 774 dilectum
949 708 1047 774 lilium
1072 710 1260 792 magistrum
1285 712 1414 775 Petrum
1439 710 1621 777 Gualvanbi

284 817 472 881 canonicum
498 816 711 881 Parisiensem
745 817 894 882 nuncium
928 816 1105 883 destinavit
1136 817 1300 901 proprium
1329 819 1497 902 ipsumque
1522 819 1621 901 regiis

283 923 355 988 aliis
379 922 503 989 nunciis
527 922 773 990 commendarit.
821 925 974 990 Preterea
997 923 1024 990 si
1048 923 1198 989 advertat
1215 922 1387 1009 prudentia
1406 925 1508 1009 regia,
1532 925 1619 1008 quod

284 1030 401 1098 debilis
424 1032 466 1096 sit
488 1036 645 1098 tractatus
669 1030 834 1116 predictus
857 1036 890 1096 et
919 1036 985 1097 tem
1011 1029 1054 1096 ad
1078 1031 1301 1116 complendum
1326 1031 1476 1109 difficilis,
1510 1033 1620 1117 utique

284 1159 484 1221 nequaquam
509 1137 642 1205 deberet
665 1140 797 1206 turbari.
846 1137 911 1204 Sed
942 1137 1097 1222 quicquid
1123 1138 1164 1204 de
1188 1138 1250 1205 boo
1274 1145 1414 1205 tractatu
1443 1140 1542 1206 fuerit
1562 1161 1620 1226 pro

284 1253 375 1330 parte
409 1254 518 1312 nostra
552 1247 702 1331 regisque
738 1244 888 1331 predicti,
924 1245 1141 1313 benivolentie
1165 1246 1329 1313 offerimus
1350 1248 1450 1331 regie,
1486 1248 1571 1330 quod
1594 1249 1620 1314 si

284 1353 353 1437 tibi,
371 1353 425 1432 fili,
451 1353 618 1438 placuerit,
643 1360 819 1420 atrectatu
837 1351 984 1438 predicto
1007 1372 1138 1438 prorsus
1162 1353 1302 1439 prompti
1326 1374 1434 1420 sumus
1457 1354 1619 1433 recedere,

283 1461 330 1527 sic
354 1460 440 1544 quod
463 1482 522 1547 pro
546 1462 666 1527 infecto
691 1462 819 1545 penitus
842 1460 1011 1526 habeatnr.
1042 1460 1116 1529 Non
1140 1461 1224 1526 enim
1247 1461 1309 1527 fuit
1332 1468 1441 1528 nostra
1463 1482 1525 1527 nec
1540 1461 1620 1529 dIcti

283 1569 370 1652 regis
402 1569 537 1636 intentio
561 1571 593 1634 in
617 1568 704 1635 dicto
738 1575 878 1634 tractatu
913 1568 1022 1650 aliqua
1056 1566 1228 1652 deducere,
1262 1588 1325 1651 que
1354 1575 1409 1634 tue
1440 1570 1620 1636 celsitudini

283 1697 346 1741 non
369 1678 546 1762 placerent.
594 1677 754 1742 Tenemus
783 1675 868 1741 enim
897 1673 1042 1757 indubie,
1078 1681 1114 1740 ut
1142 1674 1310 1741 evidenter
1333 1677 1366 1740 in
1389 1682 1530 1742 tractatu
1552 1698 1621 1762 pre·

284 1783 372 1850 dioto
406 1785 607 1869 percepimus
639 1804 698 1850 nos
722 1790 754 1850 et
783 1783 895 1848 fratris
927 1783 1040 1863 nostri,
1074 1781 1129 1865 qui
1161 1781 1266 1847 eidem
1301 1789 1442 1849 tractatu
1474 1783 1619 1869 aderant,

284 1890 369 1975 qnod
394 1911 450 1956 rex
481 1892 550 1976 ipse
575 1891 657 1958 adeo
682 1889 724 1956 ad
749 1899 837 1956 tuam
861 1889 1134 1974 magnificentiam
1158 1889 1308 1972 afficitur,
1342 1890 1426 1974 quod
1451 1897 1539 1956 tuam
1562 1912 1619 1958 sue

283 2001 315 2065 in
339 1999 494 2084 predictis
517 1998 688 2064 utilitatem
713 2017 784 2063 cum
809 1997 894 2063 omni
919 1996 1171 2083 promptitudine
1194 1997 1378 2064 anteferret.
1426 1999 1492 2064 Dat
1514 1999 1617 2064 ‚Avia

284 2108 350 2172 llll
374 2105 448 2173 idus
471 2107 607 2172 ianuarii
631 2129 661 2172 a.
686 2106 774 2172 XVI.

434 2281 507 2350 Ray.
527 2281 580 2334 117
597 2294 644 2349 ps.
664 2279 684 2332 I
697 2278 721 2348 f.
743 2279 798 2332 105
817 2294 864 2332 nr.
885 2280 948 2332 151.

290 2647 293 2655 ·
390 2601 531 2671 *2153
558 2606 645 2669 1333
669 2605 809 2671 Januar
833 2605 885 2668 14.
911 2601 1077 2687 Aoipaon.

392 2747 551 2814 Iohannes
564 2748 661 2812 XXII
686 2748 838 2833 episcopo
854 2746 1039 2829 Leodiensi,
1057 2745 1206 2830 precibus
1223 2744 1375 2810 Iohannis
1391 2745 1477 2827 regis
1489 2746 1619 2811 Bocmie

283 2854 467 2938 inclinatus,
491 2854 634 2938 mandat,
659 2863 694 2920 ut
717 2855 912 2921 monasterio
929 2855 967 2919 B.
983 2853 1086 2919 Marie
1110 2853 1243 2936 virginis
1259 2852 1534 2937 Lucemburgensi
1550 2851 1619 2922 ord.

283 2963 317 3029 S.
335 2962 456 3028 Bened.
481 2963 689 3029 Treverensis
713 2961 808 3045 dioc,
843 2961 933 3027 cuius
965 2959 1109 3027 redditus
1142 2967 1217 3026 sunt
1247 2967 1369 3042 tenues,
1403 2960 1492 3025 uniat
1515 2966 1547 3025 et
1570 2961 1619 3024 in·

284 3079 432 3156 corporet
462 3071 632 3136 ecclesiam
662 3069 703 3136 de
727 3069 957 3136 Furontonutis
979 3067 1171 3134 Leodiensis
1194 3066 1290 3144 dioc,
1316 3068 1349 3132 in
1372 3087 1437 3150 qua
1461 3072 1619 3133 monaste·

285 3180 365 3243 rIum
390 3176 496 3242 adhuc
520 3177 660 3244 babebat
684 3178 733 3242 ius
757 3183 947 3262 patronatus
970 3174 1150 3261 predIctum
1174 3176 1412 3242 monasterium.

391 3286 454 3350 Pro
478 3291 571 3371 parte
594 3283 784 3351 dilectorum
809 3331 816 3345 .
843 3332 850 3346 .
880 3332 887 3350 .
935 3283 1010 3349 Dat.
1035 3283 1130 3349 Avia.
1155 3282 1239 3348 XIX
1262 3282 1306 3347 lrl.
1332 3281 1486 3348 februarii
1510 3303 1540 3347 a.
1564 3280 1618 3347 de·

286 3393 516 3478 elmoseptimo.

447 3543 518 3612 Bep.
533 3545 587 3596 104
605 3555 652 3594 nr.
673 3542 766 3607 138&
796 3541 847 3596 Re.
866 3557 914 3594 nr.
935 3540 1018 3595 1597.
1048 3570 1080 3578 —
1110 3540 1224 3610 Apoqr.
1249 3555 1288 3596 coc
1312 3539 1418 3594 cartul.
1438 3536 1619 3594 monoclerii

446 3631 650 3700 Dacaeembnrp.
671 3628 819 3698 desumpt
839 3627 874 3684 in
893 3629 981 3684 Arcb.
1002 3629 1102 3684 societ.
1123 3627 1191 3683 bist.
1211 3629 1419 3697 thxemourp.

390 3943 511 4013 2154.
541 3945 627 4008 1333
650 3945 789 4009 Januar
812 3945 866 4008 20.
901 3942 1066 4030 Avipnon.

391 4100 551 4166 lohannes
574 4099 672 4164 XXII
709 4100 842 4164 lobanni
875 4107 952 4164 nato
980 4098 1097 4165 nobilis
1121 4101 1180 4164 riri
1205 4101 1315 4165 lacobi
1344 4099 1385 4164 de
1413 4096 1560 4162 Moticler
1584 4098 1618 4176 (1)

285 4208 410 4276 confert
434 4208 514 4274 eccl.
539 4209 671 4274 Trever.
697 4207 932 4290 canonicatum,
956 4207 1153 4292 prebendam
1177 4227 1254 4272 vero
1279 4204 1383 4272 eidem
1407 4210 1562 4272 reservat.

390 4315 550 4384 Nobilitas
574 4316 711 4400 generis,
736 4316 801 4381 vite
819 4364 826 4378 .
845 4364 877 4380 ..
911 4315 987 4379 Dat.
1012 4315 1106 4380 Arin.
1131 4313 1215 4378 XIII
1239 4312 1284 4378 lrl.
1308 4313 1445 4378 ianuarii
1469 4332 1499 4378 a.
1512 4311 1617 4379 XVII.

391 4425 439 4488 ln.
464 4443 492 4489 e.
518 4445 559 4488 m.
595 4423 708 4489 abbati
738 4423 922 4489 monasterii
953 4422 986 4487 S.
1012 4420 1142 4486 Martini
1172 4441 1272 4506 prope
1301 4440 1408 4486 muros
1431 4421 1562 4485 Trevor.
1587 4425 1619 4485 et

285 4532 405 4598 Gentili
439 4531 480 4597 de
505 4530 661 4596 Collealto
693 4529 921 4596 archidiacono
952 4528 1174 4594 Manricensis
1205 4529 1418 4612 [regionensis
1452 4527 1619 4612 capellano

284 4645 391 4706 nostro
416 4659 455 4703 ac
479 4637 650 4705 scolastico
674 4638 835 4703 Tullensis
859 4636 1078 4702 ecclesiarum.

433 4811 506 4884 lieo.
526 4811 581 4866 105
604 4826 652 4864 ar.
670 4809 736 4864 492.
