3642 5509
266 466 318 523 106
776 470 846 524 1327
865 470 1034 525 December
1052 471 1095 527 27.

266 647 330 713 lica
353 648 525 732 provisum,
559 657 591 714 ct
616 649 701 733 quod
735 649 895 732 quondam
920 650 1060 734 Symonc
1084 648 1172 715 dicto
1197 650 1358 716 Muchelin
1382 650 1524 718 ciusdem
1548 670 1597 717 ec·

267 755 364 822 clesie
397 757 552 822 canonino
584 766 748 822 asserente
778 756 820 822 ad
852 777 887 822 se
920 758 1119 823 scolastriam
1144 765 1292 843 spectare
1316 758 1476 843 prefatam
1500 778 1598 842 seque

265 862 438 947 provisioni
462 862 642 928 huiusmodi
667 863 756 928 dicto
773 863 907 928 Iohanni
932 864 1018 929 facte
1042 872 1223 949 opponente
1248 865 1309 929 fuit
1332 866 1415 929 iuter
1431 885 1486 931 ecs
1502 885 1598 949 super

265 970 354 1034 dicta
377 968 547 1036 scolastria
570 968 657 1055 apud
680 970 789 1035 sedem
813 970 1023 1055 apostolicam
1048 970 1088 1037 lis
1112 979 1235 1054 exorta,
1259 977 1292 1038 ct
1308 970 1394 1055 quod
1419 970 1598 1037 huiusmodi

266 1076 323 1141 lite
346 1076 550 1163 pendente..
566 1075 708 1144 decanus
732 1077 831 1163 ipsius
847 1078 983 1143 ecclesie
1000 1084 1148 1163 pretextu
1165 1077 1330 1143 cuiusdam
1348 1077 1597 1161 consuetudinis,

266 1204 330 1268 qua
353 1190 486 1249 cavetur
509 1184 542 1249 in
565 1186 637 1269 ipsa
660 1184 808 1267 ecclesia,
836 1184 921 1269 quod
946 1183 1032 1249 idem
1056 1184 1197 1251 decanus
1221 1185 1273 1252 vel
1296 1204 1334 1250 eo
1359 1185 1493 1251 absente
1516 1185 1598 1251 alius

265 1292 408 1375 prelatus
432 1291 574 1357 eiusdem
598 1292 735 1360 ecclesie
759 1294 930 1359 canonicos
957 1292 1119 1377 simplices
1143 1292 1313 1359 dumtaxat
1335 1293 1437 1377 ipsius
1460 1293 1597 1359 ecclesie

265 1399 415 1463 absentes
438 1420 459 1463 a
481 1400 688 1485 perceptione
720 1400 881 1465 fructuum
915 1398 1149 1485 prebendarum
1172 1420 1299 1465 suarum
1324 1398 1520 1485 suspendere
1542 1420 1597 1485 po·

266 1511 339 1587 test,
363 1503 483 1570 dictum
509 1505 694 1589 Iohannem,
724 1508 777 1590 qui
808 1528 870 1572 non
893 1508 1029 1591 simplex
1054 1506 1227 1573 canonicus
1250 1506 1308 1573 sed
1332 1508 1429 1573 etiam
1452 1507 1597 1574 scolasti-

265 1631 321 1677 cus
345 1611 488 1679 eiusdem
513 1614 648 1679 ecclesie
671 1614 842 1696 existebat,
866 1620 962 1699 prout
977 1633 1017 1679 en
1034 1613 1205 1679 diffinitiva
1228 1615 1387 1680 sententia
1407 1634 1466 1699 pro
1482 1613 1596 1680 eodem

264 1718 407 1785 Iohanne
430 1741 526 1805 super
549 1721 611 1785 hoc
633 1720 760 1805 prolata
783 1723 925 1786 noscitur
948 1740 1115 1805 apparere,
1140 1719 1181 1786 de
1205 1720 1293 1787 lacto
1309 1720 1485 1807 suspendit,
1507 1722 1596 1787 cuius

263 1827 479 1911 suspensionis
513 1834 661 1913 pretextu
695 1827 792 1893 iidem
828 1828 970 1893 decanus
1005 1835 1038 1893 et
1073 1828 1246 1913 capitulum
1283 1827 1426 1894 eiusdem
1459 1828 1596 1894 ecclesie

264 1931 353 1997 dIcto
376 1934 511 2000 Iohanni
540 1936 665 2000 fructus
692 1934 856 2019 prebende
883 1955 950 2016 sue,
983 1955 1078 2018 quam
1103 1935 1226 2001 obtinet
1248 1935 1280 1999 in
1305 1933 1428 2017 eadem,
1453 1934 1595 2001 detinue-

263 2047 337 2103 runt
360 2046 392 2105 et
422 2041 528 2106 adhuc
556 2041 700 2106 detinere
724 2049 907 2124 noscuntur,
941 2061 1133 2125 quamquam
1158 2040 1306 2127 predicta
1328 2040 1503 2107 ditfinitiva
1526 2062 1595 2106 sen-

263 2151 376 2229 tentia,
410 2168 471 2231 que
499 2150 586 2214 nulla
615 2150 845 2235 provocatione
868 2169 1023 2234 suspensa
1046 2149 1079 2213 in
1103 2168 1170 2214 rem
1195 2149 1380 2233 pertransiit
1407 2147 1593 2231 iudicatam,

264 2256 383 2322 eisdem
409 2254 532 2322 decano
556 2264 586 2322 et
612 2257 753 2342 capitulo
785 2256 950 2322 notificata
983 2257 1082 2322 inerit
1113 2263 1146 2321 et
1178 2256 1321 2339 legitime
1345 2256 1505 2321 nunciata.
1552 2254 1595 2320 nt

263 2364 487 2429 nichilominus
517 2364 635 2448 prefati
666 2364 807 2429 decanus
830 2369 863 2428 et
886 2363 1061 2448 capitulum
1085 2360 1128 2427 ad
1152 2371 1290 2445 quatuor
1312 2362 1430 2428 altaria
1452 2360 1594 2428 eiusdem

263 2471 400 2538 ecclesie
424 2470 466 2535 ad
491 2472 693 2537 collationem
716 2470 879 2536 scolastici
902 2468 1041 2555 predicti
1065 2470 1257 2555 spectantia,
1281 2488 1343 2552 que
1366 2468 1423 2534 lite
1446 2467 1593 2554 predicta

263 2576 424 2663 pendente
458 2579 489 2642 iu
526 2578 664 2643 ecclesia
698 2579 769 2664 ipsa
805 2582 1001 2643 vacaverant
1041 2586 1192 2660 quequea
1227 2575 1371 2661 prefatus
1405 2577 1593 2641 scolasticus

263 2691 396 2770 propter
419 2684 484 2749 litIs
507 2684 756 2770 dependentiam
779 2703 843 2750 non
866 2684 1001 2749 contulit
1024 2684 1086 2748 nisi
1109 2689 1182 2769 post
1206 2681 1365 2767 prefatam
1388 2681 1592 2749 diffinitivam

263 2791 454 2857 sententium
486 2792 731 2877 promulgatam,
767 2811 921 2877 personas
953 2788 1097 2873 idoneas,
1134 2791 1248 2873 quibus
1275 2789 1332 2856 illa
1355 2789 1498 2873 contulit,
1534 2787 1591 2854 ad-

262 2897 388 2963 mittere
412 2900 522 2982 eisque
551 2897 592 2963 de
622 2898 778 2965 fructibus
801 2919 908 2964 eornm
934 2896 1128 2984 respondere
1152 2896 1352 2981 denegarunt
1375 2904 1409 2963 et
1431 2896 1594 2981 denegant

262 3005 366 3072 miuus
393 3005 475 3071 iuste
503 3004 678 3070 detinendo
708 3004 836 3071 eosdem
861 3003 1005 3070 indebite
1029 3011 1270 3089 occupatos...
1317 3004 1424 3082 Quare
1446 3004 1593 3090 prefatus

262 3111 450 3179 scolasticus
473 3113 564 3178 nohIs
589 3112 751 3177 humiliter
774 3112 969 3196 supplicavit
1093 3110 1251 3190 Quocirca
1275 3109 1461 3177 discretioni
1486 3116 1592 3176 vestre

340 3219 538 3294 mandamus,
571 3220 721 3303 quatinus
823 3220 946 3285 vocatis
970 3221 1024 3302 qui
1055 3218 1174 3285 fuerint
1202 3215 1360 3285 evocandi
1465 3217 1594 3283 faciatis

262 3348 357 3413 super
389 3328 552 3413 premissis
585 3328 731 3392 omnihus
759 3332 792 3392 et
819 3326 954 3411 singulis
977 3327 1099 3393 institis
1123 3326 1467 3411 complementum...
1514 3324 1590 3389 Dat.

262 3434 358 3502 Avin.
383 3434 428 3500 VI
451 3434 496 3500 lul.
519 3434 658 3500 ianuarii
680 3456 711 3499 a.
735 3432 937 3500 duodecimo.

423 3559 495 3628 aeq.
514 3560 553 3614 ss
569 3558 594 3629 f.
611 3560 670 3614 213
687 3574 735 3612 nr.
754 3558 839 3613 essa.

365 3854 489 3921 laer.
525 3856 612 3919 1327
634 3853 818 3919 December
841 3857 895 3920 27.
931 3852 1096 3940 Aoipooa.

366 4015 536 4100 [Iohannes
562 4013 672 4099 XXII]
708 4013 842 4080 Iohanni
875 4013 917 4079 de
945 4013 1052 4080 Olevis
1080 4012 1203 4079 decano
1233 4012 1370 4078 ecclesie
1394 4010 1592 4078 coloniensis

262 4123 429 4208 capellano
453 4123 574 4208 papali.

368 4230 451 4294 Dum
485 4230 684 4296 nobilitatem
717 4230 911 4313 generis...
958 4229 1044 4294 Sane
1072 4228 1188 4314 petitio
1217 4248 1276 4312 pro
1305 4233 1397 4311 parte
1419 4232 1477 4291 tna
1499 4223 1591 4291 nobis

262 4337 407 4402 exhibita
430 4336 627 4419 continebat,
651 4337 736 4420 quod
753 4357 811 4403 nos
835 4338 911 4402 olim
936 4342 1050 4417 tecum,
1076 4334 1162 4419 quod
1185 4336 1309 4400 ratione
1333 4332 1511 4399 decanatus
1533 4332 1590 4413 tui,

267 4464 359 4527 quem
385 4445 417 4508 in
441 4445 578 4510 ecclesia
603 4444 784 4510 Coloniensi
818 4444 943 4509 obtines
976 4442 1091 4525 cuique
1125 4462 1201 4508 cura
1233 4443 1377 4507 imminet
1403 4441 1589 4522 animarum,

260 4572 323 4616 non
357 4556 517 4617 tenereres
548 4572 648 4635 usquc
681 4552 722 4617 ad
755 4553 834 4620 certi
868 4551 1019 4635 temporis
1047 4550 1190 4634 spacium
1218 4549 1357 4615 nondum
1382 4547 1525 4633 elapsum
1548 4543 1590 4610 ad

260 4677 371 4724 sacros
394 4657 521 4723 ordines
545 4659 735 4743 promoveri,
750 4707 756 4719 .
772 4708 779 4722 .
794 4707 802 4722 .
816 4658 964 4723 duximus
988 4654 1247 4742 dispensandum.
1295 4653 1402 4733 Quare
1425 4673 1483 4739 pro
1499 4657 1591 4739 parte

368 4835 398 4904 a)
422 4850 521 4907 queve
539 4832 573 4889 in
591 4851 656 4907 rep.
