3642 5509
742 395 813 450 raso
831 369 967 450 rihmar
986 396 1029 451 ar.

335 574 459 641 1854.
485 577 573 640 1330
596 576 749 641 Febraor
771 578 825 641 27.
850 575 1016 662 Avipaoo.

337 717 497 783 Iohannes
522 718 622 782 XXII
655 718 813 783 Gobelino
837 716 880 783 de
904 718 1010 784 Berke
1035 718 1152 784 elerico
1176 719 1286 784 Oolon.
1313 718 1395 784 dioo.
1420 728 1564 785 reservat

230 825 418 891 beneficium
450 825 704 890 aeclesiasticum
734 845 806 890 enm
835 844 913 890 onra
942 825 991 889 vel
1021 827 1090 890 sine
1115 845 1202 907 eura,
1236 828 1325 891 ouius
1349 825 1503 906 redditus,
1537 827 1563 891 si

230 952 301 999 eum
326 951 403 997 ema
426 930 533 1013 fuerit,
569 932 683 1014 viginti
708 932 858 1014 quinque,
891 932 1018 996 sivero
1042 933 1110 997 sine
1135 953 1211 997 eura
1240 932 1347 1014 fuerit,
1381 932 1563 1016 quindecim

232 1038 432 1104 marcharum
457 1039 583 1121 argenti
606 1036 781 1103 seeundum
805 1039 1003 1103 taxationem
1028 1037 1153 1104 decime
1177 1039 1316 1104 valorem
1342 1060 1478 1104 annuum
1500 1060 1563 1104 non

232 1145 403 1229 excedunt,
436 1143 480 1210 ad
512 1144 753 1230 dispositionem
786 1146 942 1230 prepositi
976 1143 1090 1210 decani
1121 1151 1155 1210 et
1183 1147 1315 1230 capituli
1339 1147 1420 1211 eool.
1444 1147 1477 1212 S.
1504 1145 1565 1212 Ge·

232 1254 338 1319 reonis
361 1252 471 1318 (lolon.
497 1251 708 1317 communiter
731 1251 782 1317 vel
807 1250 935 1318 divisim
960 1259 1120 1336 spectans.

338 1360 514 1425 Probitatis
536 1359 662 1439 merita,
687 1359 802 1442 quibos
820 1409 827 1424 .
846 1408 880 1422 ..
904 1360 980 1423 Dat.
999 1359 1094 1424 Avin.
1112 1360 1161 1424 III
1186 1358 1230 1442 kl,
1255 1360 1360 1424 martii
1385 1382 1414 1424 a.
1439 1367 1564 1442 quarto

231 1467 366 1535 deoimo.
492 1489 496 1496 ’

339 1575 375 1639 In
400 1595 428 1640 e.
445 1595 486 1638 m.
512 1573 645 1639 Iohanni
672 1573 712 1639 de
737 1573 858 1639 Bonria
879 1576 914 1654 (l)
939 1572 1063 1639 deoano
1088 1573 1274 1639 Bonriensis
1289 1573 1320 1658 (1)
1346 1573 1456 1639 Oolon.
1481 1573 1565 1640 dioc.

232 1681 399 1765 capellano
431 1681 541 1767 papali
574 1688 608 1747 et
635 1681 795 1747 Tullensis
824 1702 864 1746 ao
891 1682 923 1747 S.
950 1680 1084 1766 Georgii
1108 1680 1218 1746 Colon.
1251 1680 1430 1748 scolasticis
1463 1682 1565 1747 ecole-

230 1789 360 1853 siarum.

396 1895 469 1964 Rep.
488 1894 526 1948 95
544 1910 594 1947 nr.
614 1894 698 1947 1064.

338 2167 460 2233 1855.
486 2169 575 2232 1330
597 2169 751 2232 Februar
773 2169 827 2231 27.
852 2165 1017 2252 Aoipaoo.

337 2317 496 2381 Iohannes
520 2317 620 2381 XXII
653 2315 821 2381 Gerbardo
845 2315 887 2381 de
911 2315 1099 2400 Heringhen
1133 2317 1258 2382 confort
1291 2318 1368 2383 ecel.
1404 2316 1437 2382 S.
1461 2317 1565 2384 Marie

230 2422 272 2486 ad
296 2420 417 2507 grados
440 2423 551 2488 Colon.
576 2422 810 2498 eanonioatom,
839 2422 1036 2507 prebendam
1061 2443 1137 2489 vero
1166 2443 1205 2488 ao
1234 2423 1372 2490 officium
1396 2425 1464 2490 sine
1488 2444 1564 2489 eura

231 2531 263 2594 in
286 2529 398 2594 eadem
423 2530 502 2596 eool.
526 2529 631 2595 eidem
656 2537 810 2612 reservat,
843 2550 907 2594 non
937 2531 1086 2596 obstante
1117 2529 1201 2613 qnod
1227 2533 1258 2597 ln
1283 2531 1361 2596 ecel.
1386 2531 1563 2597 Susatiensi

230 2638 453 2702 canonicatum
472 2642 503 2701 et
520 2636 716 2721 prebendam
741 2644 773 2701 et
797 2636 985 2714 cantoriam,
1010 2657 1072 2719 que
1096 2644 1146 2704 est
1170 2636 1307 2723 simplex
1331 2636 1470 2703 offioiom
1495 2638 1563 2703 sine

231 2764 317 2822 eura,
351 2751 384 2809 et
413 2743 575 2825 quandam
603 2751 724 2808 eur-tem
748 2763 805 2809 sen
829 2742 1046 2809 obedientiam
1071 2765 1110 2808 ao
1133 2743 1368 2827 parrochialem
1393 2743 1561 2809 ecelesiam

230 2849 264 2914 S.
280 2851 368 2915 Petri
392 2850 570 2917 Susatiensi
594 2851 705 2916 (lolon.
730 2849 813 2915 dioc.
839 2850 973 2915 obtinet.

336 2957 518 3022 Laudabile
541 2957 768 3038 testimonium,
798 2956 883 3038 qnod
913 3005 919 3021 .
948 3005 955 3021 .
984 3006 991 3021 .
1040 2958 1114 3022 Dat.
1140 2957 1235 3022 Avin.
1260 2959 1308 3022 III
1333 2957 1377 3022 kl.
1403 2958 1507 3022 martii
1532 2979 1561 3022 a.

230 3062 480 3146 quartodeeimo.

337 3172 374 3235 In
399 3191 426 3235 e.
451 3192 492 3234 m.
526 3170 636 3236 abbati
665 3170 851 3235 monasterii
876 3171 1058 3236 Tuioiensis
1081 3171 1191 3236 Gelon.
1226 3171 1309 3237 dioe.
1343 3179 1375 3236 et
1407 3167 1577 3254 magistro

232 3279 349 3342 Iacobo
374 3277 415 3342 de
440 3277 563 3342 blotina
587 3276 758 3343 scolastico
782 3276 943 3342 Tullensis
974 3277 1140 3362 capellano
1169 3277 1277 3362 papali
1302 3299 1342 3342 ao
1365 3274 1497 3360 Syfrido
1522 3276 1563 3341 de

229 3384 445 3468 Rennenberg
468 3385 623 3450 eanonIoo
647 3384 757 3450 Golon.
782 3384 860 3449 ecel.

378 3509 450 3578 Req.
470 3509 508 3562 95
526 3523 574 3560 nr.
593 3509 657 3561 437.

337 3771 457 3838 1856.
483 3773 571 3836 1330
593 3772 746 3836 Febraor
769 3775 823 3836 27.
848 3771 1012 3858 Aoipooa.

334 3914 493 3980 Iohannes
513 3915 611 3979 XXII
637 3914 824 3981 Bnrohardo
848 3915 889 3980 de
915 3915 1054 3980 (lemene
1079 3917 1233 3981 onnonIoo
1258 3915 1336 3980 ocal.
1362 3915 1562 3981 SosaoIensis

229 4020 339 4086 Colon.
365 4021 448 4086 dioo.
466 4028 609 4086 reservat
634 4022 821 4087 beneboium
846 4023 1102 4088 ecclesiasticum
1127 4043 1198 4088 oum
1223 4042 1300 4087 eura
1323 4022 1375 4086 vel
1399 4023 1468 4087 sine
1485 4043 1562 4088 eura

229 4127 272 4192 ad
305 4127 548 4212 dispositionem
582 4129 735 4213 propositi
770 4135 802 4193 et
835 4127 950 4193 decani
986 4128 1065 4194 eool.
1099 4129 1300 4194 Susaoiensis
1332 4127 1443 4193 (lolon.
1477 4129 1560 4194 dioe.

229 4236 438 4300 communiter
461 4235 512 4300 vel
536 4235 664 4300 divisim
688 4237 863 4321 pertinens,
897 4255 960 4300 non
990 4236 1138 4300 obstante
1168 4233 1253 4317 quod
1283 4237 1505 4300 canonicatum
1530 4243 1563 4301 et

229 4363 324 4407 onam
357 4342 397 4407 de
430 4343 604 4408 miuom'bos
637 4341 809 4426 prebendis
837 4343 896 4406 sub
928 4343 1152 4426 expectatione
1181 4341 1311 4406 maioris
1339 4341 1501 4426 prebende
1529 4344 1561 4407 in

229 4449 318 4514 dieta
341 4450 480 4514 eeclesia
502 4450 696 4514 anctoritate
720 4449 899 4533 apostoliea
924 4449 1056 4514 obtinet.

336 4555 386 4620 Ex
410 4563 465 4620 tue
488 4557 659 4640 probitatis
682 4554 804 4620 meritis
822 4603 828 4616 .
846 4605 880 4620 ..
928 4557 1005 4620 Dat.
1030 4556 1125 4620 Avis.
1150 4556 1199 4620 III
1223 4554 1268 4619 kl.
1293 4555 1398 4619 martii
1423 4576 1452 4619 a.
1471 4575 1561 4638 quar·

228 4661 400 4729 todeeimo.

337 4770 374 4834 ln
398 4789 426 4835 e.
451 4791 491 4834 m.
523 4768 634 4835 abbati
665 4769 848 4835 monasterii
874 4769 1054 4835 TuioIensis
1079 4769 1189 4835 Colon.
1215 4767 1298 4834 dioc.
1324 4775 1355 4833 et
1378 4771 1502 4834 decano
1526 4769 1561 4834 S.
