3642 5509
232 439 283 494 rsa
747 439 816 492 iuna
834 435 1013 507 &pomos
1031 438 1073 492 ιι

230 620 281 684 vel
306 620 403 684 alium
436 617 598 704 ydoneum
622 618 833 704 presbiterum
860 617 972 683 divina
998 618 1109 683 officia
1130 617 1241 684 iacere
1268 617 1436 700 celebrari,
1467 619 1562 683 inter·

229 725 325 794 dintis
348 735 382 792 et
405 726 692 791 excommunicata
715 725 855 791 exclusis
878 733 939 791 ete.

338 833 382 900 Ut
406 853 486 917 erga
508 832 618 898 mdem
642 833 863 918 apostolicam.
882 882 916 896 ..
948 834 1026 898 Dat.
1049 832 1145 898 Arin.
1168 833 1282 899 XVIII
1306 833 1352 896 kl.
1374 833 1516 897 octohrIa
1530 852 1561 896 a

230 939 462 1007 tertiodeeImo.

398 1065 471 1135 Bag.
490 1065 528 1119 91
544 1065 569 1135 s.
590 1064 654 1120 127¹
672 1079 719 1118 nr.
738 1065 836 1132 236ae
853 1065 905 1122 uz.
924 1067 998 1120 1079
1014 1081 1044 1118 n.
1063 1065 1092 1120 2.

336 1336 460 1407 lota.
492 1339 579 1403 1328
603 1339 797 1424 September
822 1341 873 1403 14.
899 1337 1064 1424 Aoipnon.

333 1479 493 1546 lohannes
509 1479 607 1544 XXII
632 1480 769 1547 Nicolao
785 1479 826 1546 de
842 1479 1107 1546 Luccembourch
1130 1483 1286 1547 canonico
1304 1482 1451 1547 tullensi
1468 1479 1564 1546 licen·

229 1587 310 1654 tinto
338 1587 370 1652 in
398 1586 523 1670 legibus
551 1593 694 1652 reservat
724 1586 913 1652 beneficium
944 1587 1199 1652 ecclesiasticum
1223 1608 1295 1654 cum
1319 1609 1398 1654 cura
1420 1588 1471 1652 vel
1494 1589 1563 1652 sine

229 1715 317 1778 cura,
341 1693 384 1760 ad
407 1692 651 1779 dispositionem
674 1695 829 1779 prepositi
853 1692 969 1759 decani
998 1693 1141 1761 custodis
1169 1703 1203 1760 et
1226 1695 1359 1781 capituli
1382 1695 1462 1760 eccl.
1486 1696 1563 1762 'Ire-

229 1801 372 1868 verensiu
395 1802 605 1868 communiter
628 1801 679 1866 vel
703 1800 831 1866 divisim
855 1801 1029 1886 pertinens,
1063 1801 1156 1868 cuins
1178 1802 1313 1878 tructus,
1337 1804 1365 1868 si
1389 1822 1460 1868 cum
1485 1822 1562 1869 cura

229 1907 336 1990 luerit,
377 1908 559 1991 quindecim
593 1906 794 1974 marcharum
828 1908 956 1992 argenti
990 1928 1016 1974 s.
1041 1916 1064 1974 t.
1088 1907 1120 1974 d.
1153 1910 1294 1975 valorem
1327 1928 1466 1974 annuum
1498 1929 1561 1975 non

229 2013 399 2098 excedant,
424 2015 660 2080 nonobstante
684 2014 770 2098 quod
795 2015 1029 2100 parrochialem
1053 2017 1224 2083 ecclesiam
1247 2018 1280 2081 in
1303 2016 1407 2101 Reyle
1430 2017 1562 2082 'lieven

229 2121 312 2188 dioc.
347 2129 379 2186 et
411 2123 634 2188 canonicatum
658 2122 719 2188 snb
743 2122 970 2206 expectatione
993 2123 1157 2208 prehende
1180 2124 1212 2188 in
1236 2125 1315 2190 eccl.
1340 2124 1484 2190 Tullensi
1508 2126 1562 2189 ob-

229 2228 311 2294 tinet
343 2235 375 2294 et
408 2228 492 2311 quod
526 2249 613 2313 papa
646 2228 870 2296 canonicatum
903 2237 937 2294 et
969 2228 1167 2315 prehendam
1193 2232 1225 2295 in
1254 2232 1333 2297 eccl.
1358 2232 1392 2297 S.
1416 2231 1562 2298 Serracii

229 2335 430 2402 'l'raieotensi
446 2333 548 2401 Leod.
565 2333 650 2400 dioc.
668 2333 771 2400 eidem
789 2338 977 2402 reservarit.
1008 2337 1131 2402 Tamen
1148 2339 1260 2421 rigore
1282 2339 1441 2421 presentis
1456 2340 1562 2422 gratie

229 2442 351 2510 dictum
375 2441 563 2508 beneficium
588 2449 733 2508 curatum
761 2451 927 2510 assecutus
951 2443 1093 2510 dImittat
1121 2444 1301 2530 predictam
1329 2446 1563 2531 parrochialem

228 2549 410 2616 ecclesiam.

335 2656 530 2722 Litterarum
560 2657 709 2739 scientia,
740 2658 807 2724 vite
837 2707 844 2722 .
874 2708 882 2724 .
913 2708 920 2723 .
976 2659 1052 2724 Dat.
1077 2658 1138 2724 Ar.
1162 2660 1275 2725 XVIII
1299 2660 1344 2724 kl.
1368 2663 1509 2729 octobris
1531 2684 1562 2727 a.

228 2761 468 2830 terciodecImo.

335 2871 374 2935 In
398 2889 426 2936 e.
455 2892 497 2936 m.
533 2871 567 2937 S.
592 2871 715 2937 Mathie
749 2878 842 2938 extra
873 2892 980 2938 muros
1005 2874 1220 2940 Trevereuses
1242 2881 1275 2939 et
1302 2875 1336 2940 S.
1360 2875 1461 2940 llarie
1483 2875 1564 2942 Luc

229 2978 469 3063 cemburgcnsis
502 2979 765 3044 monasteriorum
790 2978 921 3044 Trever.
953 2979 1036 3045 dioc.
1065 2981 1237 3047 abhatibus
1260 3001 1300 3047 ac
1322 2981 1498 3047 Gnalfredo
1521 2982 1563 3048 de

230 3084 407 3170 Regalihus
431 3085 586 3151 canonico
610 3084 818 3154 Noviomcnsi
843 3085 1011 3171 capellano
1034 3087 1155 3172 papali.

391 3209 466 3281 Rep.
485 3210 523 3264 89
538 3207 563 3280 s.
582 3208 647 3264 1271
665 3225 712 3263 nr.
730 3210 795 3263 316.

336 3480 459 3549 1550.
489 3484 575 3548 1328
598 3483 792 3570 September
817 3485 868 3548 16.
893 3483 1060 3571 Auipoco.

338 3625 497 3691 Iohannes
524 3625 624 3690 XXII
652 3624 854 3692 Theoderico
879 3625 920 3692 de
945 3626 1034 3712 Reys
1058 3628 1214 3694 canonico
1238 3629 1317 3696 eccl.
1341 3631 1373 3697 S.
1398 3630 1563 3696 Bartholo-

229 3752 303 3818 mey
328 3731 428 3798 Leod.
453 3731 611 3817 indulget,
640 3739 677 3798 ut
704 3735 737 3798 in
761 3733 908 3800 Romana
932 3735 1022 3800 curia
1044 3755 1166 3801 moram
1190 3736 1321 3802 trahens
1344 3736 1395 3804 vel
1419 3736 1564 3804 residens

229 3841 262 3906 in
286 3839 387 3907 altero
419 3839 642 3906 beneficiorum
671 3860 797 3906 suorum
829 3841 1120 3909 ecclesiasticorum
1152 3843 1276 3909 tructus
1306 3844 1446 3909 omnium
1470 3846 1562 3911 benc-

229 3946 370 4013 fioiorum
395 3965 522 4014 suorum
548 3947 839 4013 ecclesiasticorum
864 3950 934 4014 sine
958 3969 1046 4033 cura,
1071 3969 1132 4033 que
1156 3950 1280 4016 othnet
1302 3957 1336 4016 et
1358 3951 1562 4037 imposterum

230 4054 397 4137 obtinebit,
431 4073 532 4138 usque
556 4052 598 4119 ad
623 4054 785 4120 biennium
808 4057 945 4140 integre,
979 4056 1151 4123 cotidianis
1175 4057 1452 4124 distributionibus
1475 4058 1559 4125 dom·

230 4167 322 4227 taxat
346 4162 500 4247 exceptis,
525 4162 691 4246 perprere
714 4161 833 4228 valeat.

337 4268 460 4334 Meritis
484 4275 537 4334 tue
561 4268 732 4354 probitatIs
751 4318 757 4334 .
777 4319 809 4335 ..
857 4270 933 4336 Dat.
957 4270 1052 4336 Avin.
1069 4270 1148 4337 XVI
1172 4270 1218 4336 kl.
1243 4271 1385 4338 octobris
1408 4294 1437 4338 a.
1455 4273 1563 4338 tertio·

230 4373 365 4441 decimo.
1090 4363 1094 4368 ’

336 4483 374 4546 In
396 4501 424 4548 e.
442 4503 483 4546 m.
509 4481 634 4549 decano
659 4483 693 4551 S.
711 4484 843 4570 Georgii
869 4484 980 4550 Oolon.
1005 4491 1039 4551 et
1061 4486 1216 4570 magistro
1241 4486 1358 4554 Bosolo
1382 4485 1423 4553 de
1446 4487 1564 4553 Parma

230 4589 444 4656 Tomacensis
469 4588 637 4675 capellano
663 4591 771 4676 papali
800 4613 839 4660 ac
863 4591 1009 4658 Levoldo
1037 4591 1079 4658 de
1102 4593 1250 4662 Northof.
1275 4593 1376 4660 Leod.
1401 4594 1564 4660 canonicIs

230 4696 447 4770 ecclesiarum.

380 4821 456 4892 Rep.
474 4822 514 4875 89
529 4821 553 4891 f.
571 4821 607 4876 26
625 4837 674 4876 rur.
693 4823 739 4876 ut.
