3642 5509
699 412 769 472 1327
788 412 926 472 Februar
944 413 987 471 19.
1497 415 1532 473 19

190 592 313 661 adata
345 596 523 661 litterarum
554 602 734 663 nostrarum
767 615 862 682 super
894 596 957 661 boc
990 596 1220 673 confectarum,
1255 597 1309 679 qui
1339 596 1401 662 fuit
1425 598 1457 663 X
1481 597 1525 663 kl.

189 702 302 769 marcii
326 702 532 789 pontificatus
547 704 647 768 nostri
670 723 754 768 anno
771 702 896 769 decimo
914 702 1174 788 computandum,
1190 723 1307 769 uacare
1324 705 1524 789 contingeret

190 809 278 894 apud
302 830 385 893 eam,
413 810 558 877 ecclesiis
582 809 823 876 cathedralibus
847 817 880 875 et
905 810 1050 875 abbaciis
1075 810 1275 894 regularibus
1299 831 1339 875 ac
1362 810 1527 878 beneficiis

188 918 264 1000 illis,
299 938 362 1001 que
397 938 439 983 ex
473 917 722 1002 permutacionis
758 937 857 983 causa
892 917 1054 983 vacabant
1089 923 1164 983 tuno
1200 938 1256 983 seu
1289 917 1374 983 inira
1403 916 1526 985 dictum

189 1044 309 1089 annum
333 1034 497 1103 vacarent,
521 1023 692 1090 dumtaxat
715 1025 871 1109 exceptis,
901 1024 1135 1090 reservavimus
1156 1024 1341 1111 specialiter
1365 1031 1398 1091 et
1422 1025 1525 1092 cidem

190 1152 320 1197 camere
348 1130 498 1197 duximus
522 1181 528 1194 .
549 1180 583 1195 ..
606 1130 915 1217 applicandos
941 1131 1041 1197 Porro
1063 1138 1173 1198 nostre
1199 1133 1395 1199 intentiones
1417 1139 1449 1199 et
1472 1154 1527 1200 vo-

189 1239 324 1305 luntatis
348 1240 489 1314 exsilite,
515 1236 601 1321 quod
631 1237 721 1303 dicta
745 1257 872 1303 camera
895 1237 947 1304 vel
978 1237 1035 1319 illi,
1069 1239 1122 1321 qui
1147 1237 1190 1303 ad
1214 1238 1439 1305 collectionem
1462 1239 1528 1306 dic·

191 1353 295 1411 torum
324 1344 484 1411 fructuum
515 1344 747 1431 deputarentur
770 1364 827 1429 per·
852 1366 934 1426 eam,
969 1352 1092 1429 partem
1117 1345 1215 1429 illam,
1248 1366 1306 1431 pro
1331 1367 1395 1430 qua
1418 1368 1526 1415 unum·

190 1451 342 1535 qnodque
366 1452 589 1517 beneficiorum
615 1450 756 1536 ipsorum
772 1458 900 1517 taxatur
917 1450 959 1516 ad
977 1450 1145 1537 decimam,
1169 1453 1220 1518 uel
1237 1452 1409 1537 residuum,
1431 1474 1529 1541 super

189 1579 254 1643 quo
278 1558 383 1625 eidem
408 1577 534 1624 camere
550 1557 602 1625 vel
627 1557 820 1643 deputandis
843 1558 885 1623 ab
901 1577 942 1625 ea
966 1558 1173 1641 relinquimus
1197 1560 1369 1637 obbonem,
1394 1561 1445 1627 vel
1462 1581 1524 1628 me

190 1665 347 1731 dietatem
371 1665 534 1731 fructuum
558 1664 704 1731 benclicii
729 1665 909 1749 cuiuslibet,
944 1665 1030 1749 quod
1054 1686 1117 1731 non
1140 1672 1225 1732 osset
1248 1672 1394 1733 taxatum
1417 1667 1528 1734 forsan

190 1772 235 1838 ad
264 1771 433 1856 decimam,
468 1773 635 1855 exigerent
662 1778 785 1837 tanturn
814 1778 847 1837 et
870 1773 1084 1857 perciperent,
1117 1773 1182 1839 alia
1204 1779 1298 1859 parte
1319 1794 1377 1841 seu
1400 1771 1528 1842 residuo

192 1880 356 1945 fructuum
386 1876 603 1965 predictorum
635 1878 854 1945 obtinentibus
883 1878 1039 1946 beneficia
1071 1880 1142 1965 ipsa
1164 1901 1222 1966 pro
1244 1881 1376 1947 servitio
1400 1887 1433 1947 et
1455 1901 1528 1948 one

193 1987 284 2053 ribus
300 2006 410 2052 eorum
431 1983 660 2072 supportandis
677 1984 818 2051 dimisso.
847 1986 890 2051 111
907 2034 915 2051 .
934 2036 942 2052 .
960 2036 968 2051 .
985 1985 1170 2070 rotumum,
1184 1986 1270 2069 quod
1283 2035 1291 2052 .
1306 2036 1313 2052 .
1328 2036 1336 2053 .
1353 1988 1530 2054 Gasbertus

189 2093 455 2178 archiepiscopus
480 2093 679 2159 Arelatensis
703 2092 897 2159 camerarius
926 2099 1035 2159 noster
1058 2114 1115 2179 per
1138 2094 1317 2161 ordinarios
1341 2115 1449 2161 eorum
1472 2115 1529 2162 seu

191 2200 275 2267 alios
292 2248 299 2267 .
319 2250 326 2265 .
345 2249 352 2264 .
370 2202 457 2285 exigi
490 2200 614 2266 faceret
632 2250 638 2266 .
657 2250 665 2267 .
684 2252 691 2267 .
734 2201 819 2267 Sane
850 2202 925 2284 quia
943 2250 950 2267 .
969 2251 976 2266 .
996 2250 1003 2266 .
1021 2200 1201 2268 huiusmodi
1228 2202 1439 2268 necessitates
1466 2223 1530 2269 non

191 2314 268 2374 sunt
292 2306 495 2394 postmodum
519 2306 686 2391 diminute,
711 2306 769 2374 sed
793 2315 897 2391 aucte,
921 2328 980 2374 nos
1003 2305 1107 2373 eidem
1131 2328 1340 2375 camere...
1364 2308 1530 2394 provideri

191 2464 254 2481 ...
280 2415 459 2500 cupientes,
492 2416 743 2481 reservationem
771 2463 830 2479 ...
860 2422 893 2480 et
923 2417 1029 2481 omnia
1058 2414 1246 2501 supradicta
1271 2463 1332 2481 ...
1357 2435 1457 2498 usque
1487 2414 1528 2481 ad

191 2542 290 2586 unum
314 2541 432 2588 aunum
457 2542 477 2587 a
500 2522 531 2586 X
556 2521 603 2587 kl.
635 2522 747 2587 marcii
775 2522 922 2606 proximo
950 2521 1048 2587 futuri
1078 2522 1262 2588 continuum
1380 2521 1529 2588 duximus

190 2627 476 2695 extendenda...
524 2630 600 2694 Dat.
626 2628 718 2693 Avin.
745 2628 827 2693 XIII
851 2628 896 2693 kl.
921 2628 1033 2693 marcii
1057 2650 1087 2693 a.
1112 2628 1291 2695 undecimo.

357 2753 429 2821 Rep.
450 2755 503 2806 114
528 2766 573 2819 ps.
593 2753 626 2806 II
645 2751 670 2820 s.
690 2752 738 2805 821
761 2767 808 2805 or.
829 2752 902 2807 1105
910 2767 923 2819 ;
954 2749 1116 2821 (Siocilc'ter
1140 2752 1197 2807 sub
1214 2751 1326 2807 'codem
1344 2752 1419 2808 duta
1435 2751 1461 2822 s.
1480 2753 1528 2807 83¹

357 2857 404 2895 nr.
425 2841 516 2905 1108.)

302 3029 416 3097 1147.
456 3033 542 3097 1327
566 3032 796 3097 Februor19.
823 3029 989 3118 Aoiqaoa.

304 3174 462 3239 lohannes
488 3174 588 3238 XXII
621 3172 800 3239 Godefrido
829 3171 870 3238 de
898 3172 1085 3240 Anesberch
1115 3173 1238 3240 confert
1267 3174 1346 3241 eccl.
1372 3173 1533 3242 Osnabur·

191 3282 305 3369 gensis
328 3282 563 3366 canonicatum,
596 3280 793 3368 prebendam
817 3301 893 3347 vcro
918 3281 1022 3347 eidem
1050 3288 1203 3365 reservat,
1237 3301 1301 3347 non
1330 3280 1535 3351 obstantibus

273 3388 360 3473 quod
384 3388 547 3456 delectum
572 3390 694 3474 patitur·
717 3388 871 3453 natalium
896 3387 1065 3454 desoluto
1089 3389 1218 3473 genitus
1241 3395 1273 3454 61
1296 3388 1412 3472 soluta,
1438 3409 1535 3475 super

195 3517 259 3581 quo
284 3494 404 3562 dudum
423 3516 494 3562 cum
511 3516 550 3562 eo
567 3495 677 3561 extitit
700 3494 932 3581 dispensatum,
956 3501 1030 3581 post
1046 3515 1142 3577 quarn
1158 3495 1429 3580 dIspensationem
1446 3494 1532 3561 idern

193 3606 228 3670 in
255 3604 334 3670 eccl.
359 3602 393 3669 S.
410 3602 556 3669 Mauricii
581 3622 682 3688 prope
705 3622 812 3668 muros
828 3602 1100 3668 Monasterienses
1122 3603 1156 3668 in
1180 3603 1370 3668 canonicum
1393 3604 1453 3670 sub
1477 3623 1534 3669 ex·

193 3712 380 3797 peclatione
403 3708 567 3796 prebende
590 3710 652 3775 luit
675 3710 869 3775 auctoritate
893 3709 1073 3794 apostolica
1095 3716 1254 3796 receptus.

196 3906 218 3973 d
262 3908 270 3921 ι
304 3815 407 3884 Sedes
430 3817 608 3903 apostolica
637 3815 787 3901 graciosa
922 3818 999 3881 Dat.
1024 3815 1120 3882 Asin.
1144 3817 1194 3881 XI
1217 3815 1263 3882 kl.
1287 3816 1400 3883 marcii
1423 3839 1453 3884 a.
1478 3836 1533 3883 un·

221 3927 335 3973 ecrmo.

304 4014 341 4079 ln
365 4034 393 4080 c.
420 4036 461 4079 m.
496 4013 739 4099 archiepiscopo
763 4014 928 4079 Bremensi
962 4018 995 4078 et
1028 4012 1151 4079 decano
1181 4032 1220 4079 ac
1249 4013 1373 4079 cantori
1397 4014 1534 4081 ecclesie

196 4122 399 4189 Sosacicnsis
422 4121 533 4187 Golon.
559 4120 642 4186 dioc.

395 4227 468 4297 Reg.
489 4228 529 4281 83
546 4225 571 4296 f.
589 4228 618 4281 δ’
636 4243 684 4281 nr.
704 4228 786 4283 1009.

305 4499 423 4567 1148.
458 4501 545 4567 1327
570 4500 724 4565 Fcbroor
747 4502 801 4564 26.
835 4497 1002 4586 Aoiprron.

307 4644 467 4711 Iohannes
492 4643 591 4709 XXII
625 4643 766 4709 Henrico
801 4641 1045 4729 archiepiscopo
1081 4640 1265 4709 ColonIensi
1300 4640 1462 4728 indulget,
1499 4649 1533 4710 ut

198 4752 413 4765 *—

304 4792 334 4857 a)
354 4786 458 4843 existit
475 4782 510 4841 in
530 4800 592 4857 reg.
795 4785 825 4851 b)
846 4784 986 4841 volumus
1004 4783 1039 4841 in
1057 4800 1122 4859 rep.
