3642 5509
309 421 360 476 188
832 420 900 478 1328
919 422 1048 479 October
1067 424 1109 479 16.

307 603 449 669 ordinem
484 604 544 667 rite
578 603 687 668 valeas
720 611 840 670 statuto
864 625 884 668 a
908 606 976 670 iure
1000 613 1143 689 ternpore
1166 606 1357 689 promoveri,
1382 604 1532 689 quodque
1554 611 1639 690 post·

307 710 434 776 modum
461 709 544 775 idem
571 711 620 775 vel
646 709 727 775 alius
751 711 885 777 antistes
910 710 1163 776 catholicus...
1186 731 1278 794 quem
1304 713 1450 795 elegeris,
1475 713 1584 778 ascitis
1607 719 1641 778 et

307 818 339 882 in
370 818 430 883 boc
460 819 520 884 sibi
551 818 773 884 assistentibus
803 817 927 884 duobus
950 818 1001 884 vel
1032 819 1134 885 tribus
1158 818 1318 903 episcopis
1348 869 1355 884 .
1385 869 1392 883 .
1421 871 1427 884 .
1459 820 1515 886 tibi
1538 820 1640 904 possit

306 945 419 990 munus
450 925 699 992 consecrationis
731 926 917 1010 impendere
949 932 1048 1009 tuque
1081 925 1158 991 illud
1188 927 1333 1011 recipere
1361 926 1571 993 abeodem.
1598 977 1605 992 .
1632 977 1638 990 .

308 1032 564 1100 concedimus..
589 1032 786 1098 facultatem.
827 1032 981 1099 Volumus
1015 1037 1132 1115 autem,
1169 1031 1253 1114 quod
1287 1032 1373 1098 idem
1403 1035 1549 1116 antistes,
1586 1035 1640 1117 qui

308 1141 365 1207 tibi
389 1160 502 1206 munus
526 1139 704 1225 predictum
728 1139 932 1224 impenderit,
963 1159 1034 1204 cum
1058 1137 1136 1204 illud
1161 1139 1322 1225 receperis
1345 1139 1387 1205 ab
1411 1139 1535 1224 eodem,
1565 1162 1585 1207 a
1607 1147 1641 1207 te

307 1253 415 1314 nostro
440 1254 472 1313 et
496 1248 632 1314 ecclesie
656 1247 800 1313 Romane
836 1247 964 1313 nomine
998 1248 1134 1333 recipiat
1168 1245 1334 1312 fidelitatis
1368 1247 1496 1313 solitum
1531 1246 1640 1315 debite

307 1356 516 1421 iuramentum
540 1358 630 1421 iuxta
653 1356 798 1435 formam,
830 1375 925 1439 quam
955 1355 1015 1422 tibi
1043 1356 1102 1421 sub
1125 1354 1214 1420 bnlla
1236 1361 1345 1421 nostra
1368 1356 1522 1423 mittimus
1545 1357 1639 1420 iuter-

307 1463 439 1546 clusam,
464 1469 496 1529 et
520 1464 654 1530 formam
672 1462 852 1530 huiusmodi
876 1463 1057 1529 iuramenti.
1083 1460 1168 1545 quod
1186 1468 1220 1527 tu
1236 1461 1370 1547 pre[sta]
1395 1462 1454 1546 bis,
1479 1461 1520 1527 de
1542 1462 1639 1528 verbo

307 1568 498 1637 adverbum
522 1591 580 1656 per
596 1578 667 1637 tuas
682 1576 831 1656 patentes
855 1570 979 1636 litteras
1002 1577 1057 1635 tuo
1081 1570 1188 1653 sigillo
1212 1571 1358 1653 signatas
1380 1570 1473 1635 nobis
1495 1589 1553 1654 per
1569 1588 1639 1654 pro·

307 1679 409 1764 prium
434 1679 582 1744 nuncium
607 1677 767 1743 destinare
791 1683 950 1763 procuret.
997 1677 1073 1742 Dat.
1098 1677 1193 1743 Avin.
1217 1676 1290 1743 idus
1314 1677 1455 1744 octobris
1478 1698 1508 1742 a.
1533 1676 1640 1742 tertio

307 1784 443 1851 decimo.

468 1911 541 1981 Rep.
561 1913 614 1965 115
630 1925 679 1980 pr.
699 1911 719 1963 Ι
732 1910 756 1981 f.
777 1909 822 1964 81¹
840 1925 889 1965 rrr.
907 1911 971 1965 477.

415 2196 536 2264 1565.
564 2198 650 2261 1328
680 2197 820 2263 October·
845 2199 896 2262 16.
927 2197 1092 2284 Aoipaoa.

415 2341 586 2425 [lohannes
601 2340 714 2425 XXII]
739 2341 862 2406 decano
886 2348 920 2406 ct
943 2341 1084 2426 capitulo
1108 2341 1243 2408 ecclesie
1267 2341 1464 2426 Maguutine.

416 2449 560 2514 Vacante
593 2448 716 2534 pridem
750 2448 888 2515 ecclesia
912 2449 1102 2532 Maguntina
1134 2468 1191 2533 per
1223 2448 1344 2514 obitum
1374 2449 1457 2514 bone
1489 2450 1640 2513 memorie

309 2556 430 2621 Mathia
457 2605 515 2620 ...
542 2555 583 2622 ad
609 2576 775 2641 personam
803 2603 862 2620 ...
890 2555 1022 2621 Henrici
1050 2555 1145 2621 electi
1170 2555 1349 2640 Magantini
1377 2554 1533 2640 prepositi
1557 2554 1640 2620 Bun-

308 2665 415 2728 nensis
432 2663 541 2729 Colon.
566 2663 649 2729 dioc.
675 2665 888 2728 convertimus
912 2661 1014 2728 aciem
1038 2662 1154 2729 mentis
1177 2671 1284 2728 nostre
1308 2662 1511 2747 preficientes
1535 2662 1639 2728 eidem

309 2771 341 2835 in
366 2770 641 2857 archiepiscopum
665 2779 697 2837 et
721 2778 881 2855 pastorem
900 2821 907 2836 .
927 2821 959 2836 ..
986 2770 1150 2856 Rogamus
1172 2772 1283 2854 itaque
1307 2777 1446 2837 vestram
1470 2768 1640 2856 providen-

309 2879 387 2944 tiam
404 2885 436 2944 et
459 2879 613 2945 attentius
637 2879 853 2962 exhortamur,
878 2880 1029 2962 quatinus
1052 2879 1267 2963 provisionem
1291 2876 1472 2944 huiusmodi
1491 2926 1499 2942 .
1517 2926 1524 2942 .
1543 2926 1551 2942 .
1568 2897 1641 2942 cunr

309 2983 419 3050 debita
451 2987 631 3052 reverentia
666 2987 898 3071 amplectentes
933 2984 1037 3050 eidem
1070 2985 1174 3051 electo
1204 2984 1290 3050 velut
1318 2985 1440 3070 pastori
1464 2985 1640 3050 animarum

310 3099 485 3159 vestrarum
510 3100 543 3158 et
567 3094 635 3159 eius
658 3092 787 3159 vicariis
810 3100 843 3158 et
866 3092 1075 3159 officialibus.
1095 3091 1308 3157 ..humiliter
1331 3092 1492 3177 pareatis.
1512 3141 1519 3157 .
1538 3141 1546 3156 .
1563 3093 1639 3156 Dat.

309 3200 403 3266 Avin.
427 3200 524 3266 XVII
547 3199 592 3266 kl.
616 3202 798 3267 novembris
821 3222 850 3266 a.
875 3200 968 3267 XIII.

470 3339 543 3409 Rep.
564 3342 616 3393 115
631 3353 664 3408 p.
684 3338 704 3392 1
718 3338 742 3409 f.
761 3338 809 3393 92‘
827 3354 874 3392 rar.
894 3338 961 3392 524.

416 3622 648 3691 15661328
676 3626 816 3691 October·
835 3629 887 3690 21.
918 3625 1083 3711 Aoipaorr.

416 3767 575 3833 lohannes
595 3767 694 3832 XXll
720 3767 882 3834 Walramo
907 3768 948 3833 de
972 3770 1094 3835 luliaco
1128 3770 1326 3836 thesaurario
1360 3770 1496 3835 ecclesie
1529 3768 1640 3834 Goion.

309 3875 450 3955 nunciat,
475 3875 559 3956 quod
584 3894 654 3939 curn
672 3876 703 3939 in
722 3874 923 3959 capellanum
947 3894 1037 3941 snum
1061 3877 1178 3962 recipit
1202 3885 1235 3942 et
1258 3877 1495 3962 capellanorum
1512 3896 1639 3942 suorum

309 3981 474 4048 consorcia
499 3988 667 4066 aggregat.
1345 3989 1353 4001 '

416 4088 662 4155 Perhibentibus
686 4091 876 4156 testimoniis
900 4091 1116 4176 plurium...
1141 4091 1217 4156 Dat.
1241 4092 1335 4157 Avin.
1354 4091 1419 4156 Xll
1443 4090 1488 4156 kl.
1512 4110 1641 4156 novem·

310 4195 375 4262 bris
398 4217 427 4261 a.
452 4195 692 4263 terciodecimo.

474 4340 546 4408 Ray.
566 4342 618 4394 115
633 4355 666 4409 p.
687 4338 743 4409 If.
761 4341 799 4396 82
813 4354 862 4394 cr.
882 4341 954 4406 179,·
976 4341 1027 4396 aa.
1048 4341 1131 4396 1090.

417 4639 536 4706 1567.
570 4642 657 4706 1328
681 4641 821 4707 October
844 4643 896 4706 28.
934 4640 1100 4727 Aoiprroa.

417 4778 575 4846 lohannes
592 4779 690 4845 Xllll
715 4780 849 4846 Iohanni
872 4786 949 4845 nato
971 4779 1083 4864 Segeri
1108 4776 1149 4844 de
1173 4779 1264 4845 Polie
1287 4778 1413 4846 confert
1436 4778 1515 4845 eccl.
1533 4778 1640 4844 lianc»
