3642 5509
269 449 323 510 348
817 451 887 509 1soo
904 449 968 510 tuh
987 451 1030 509 sl.

275 635 471 701 treverensi
494 641 525 701 ct
549 635 664 701 Ottoai
691 636 769 701 duci
792 633 929 702 Austris
957 636 1107 716 sauciat,
1139 635 1228 720 quod
1257 636 1416 721 reprobat
1440 633 1602 700 articulos

266 745 461 828 propositos
478 765 571 830 pope
593 747 633 809 ob
650 746 801 829 ipsorum
825 745 959 809 nunciis
982 745 1209 830 coatiupeutes
1233 743 1447 808 concordium
1471 749 1502 807 et
1518 762 1602 807 com·

264 852 468 938 positionem
491 853 581 917 irater
598 873 730 938 popum
755 856 785 916 et
809 851 1016 916 Ludooicum
1040 853 1080 916 do
1105 852 1260 916 Bouario
1280 851 1484 938 sociandam.

378 993 549 1077 [lohannes
573 993 684 1078 XXII]
708 996 778 1078 regi
802 995 946 1060 Boemie.

376 1102 480 1184 Regio
502 1102 684 1168 serenitatis
708 1102 832 1167 litteras
855 1099 979 1186 pridem
1003 1102 1182 1186 recepimus
1206 1101 1416 1184 continentes,
1442 1098 1601 1186 quomodo

270 1215 314 1290 tu,
338 1207 383 1273 fili
407 1208 582 1291 carissime,
615 1215 648 1274 et
676 1207 871 1274 venerabilis
900 1207 1000 1273 frater
1028 1214 1135 1275 noster
1163 1257 1169 1272 .
1202 1258 1209 1273 .
1238 1208 1501 1294 archiepiscopus
1525 1209 1600 1274 Tre-

269 1316 411 1381 verensis
445 1331 576 1400 patruus
609 1322 681 1381 tuus
713 1315 827 1381 diebus
859 1317 929 1381 istis
958 1336 1029 1382 cum
1054 1316 1180 1381 Bavaro
1205 1314 1246 1380 de
1270 1315 1435 1382 voluntate
1467 1321 1498 1380 et
1528 1335 1600 1380 con·

270 1424 405 1488 scientia
432 1423 593 1506 magnifici
627 1423 782 1508 principis
805 1423 934 1490 Ottonis
968 1421 1060 1489 ducis
1084 1422 1214 1488 Austrie
1247 1429 1279 1488 et
1312 1443 1370 1508 per
1403 1443 1473 1488 eum
1507 1441 1602 1507 super

270 1529 331 1595 hoo
363 1529 527 1595 informati
560 1531 694 1615 plenius,
731 1536 886 1595 tractatus
920 1530 1045 1612 aliquos
1078 1530 1291 1615 personaliter
1324 1530 1492 1597 habuistis.
1540 1529 1600 1608 Qui

270 1636 397 1720 quidem
423 1644 577 1703 tractatus
600 1643 712 1703 sancte
736 1637 879 1704 Romane
908 1637 1046 1702 ecclesie
1075 1658 1114 1703 ao
1137 1657 1272 1722 persone
1296 1643 1403 1704 nostre
1427 1636 1601 1707 secundum

270 1751 367 1826 tuum,
391 1743 436 1808 fili
461 1746 634 1827 carissime,
664 1766 703 1810 ac
731 1743 888 1810 dictorum
919 1745 1099 1830 principum
1130 1743 1283 1810 iudicium
1307 1745 1480 1810 utilitatem
1503 1744 1600 1829 respi-

270 1854 358 1918 ciunt
381 1853 414 1918 in
438 1853 583 1919 omnibus
606 1859 639 1918 et
663 1853 824 1935 honorem,
849 1859 944 1936 prout
961 1859 994 1917 tu
1017 1859 1049 1918 et
1065 1851 1126 1937 ipsi
1144 1872 1202 1937 per
1218 1853 1455 1920 ambassiatores
1478 1857 1601 1919 vestros

269 1961 416 2027 solennes
449 1961 482 2024 in
515 1960 661 2046 proximo
694 1957 904 2026 destinandos
937 1959 979 2025 ad
1009 1961 1129 2026 curiam
1154 1981 1212 2027 nos
1236 1960 1453 2026 intendebatis
1476 1959 1602 2046 plenius

269 2067 452 2135 informare.
499 2067 738 2151 Subsequenter
771 2089 846 2134 vero
879 2068 960 2134 alias
993 2069 1101 2152 regias
1135 2069 1232 2134 etiam
1267 2068 1446 2153 recepimus
1478 2068 1601 2132 litteras

271 2176 471 2242 continentes
504 2175 590 2258 qnod
623 2175 665 2240 ad
693 2184 833 2242 nostram
866 2175 1061 2260 presentiam
1094 2175 1231 2243 dilectos
1259 2175 1341 2242 filios
1369 2175 1492 2242 nobiles
1516 2174 1602 2240 viros

269 2282 433 2348 Iofredum
467 2284 617 2349 comitem
648 2281 690 2348 de
723 2282 900 2366 Linanges,
935 2283 1097 2368 Symonen
1132 2282 1298 2369 Phissippi]
1331 2284 1480 2366 militem,
1515 2281 1601 2348 Guil-

268 2391 396 2456 lelmum
421 2389 565 2456 Pinchon
594 2388 855 2456 archidiaconum
879 2391 1109 2458 Abrincensem
1140 2391 1341 2456 consiliarios
1369 2410 1409 2456 ao
1431 2391 1602 2458 Nicolaum

269 2497 310 2562 de
334 2497 468 2564 Mestorf
501 2497 652 2564 clericum
684 2498 791 2582 regios
819 2497 1012 2564 destinabat.
1060 2497 1184 2576 Quibus
1209 2497 1338 2581 quidem
1363 2498 1486 2563 nunciis
1510 2503 1544 2562 tu
1568 2501 1601 2562 et

269 2605 414 2690 prefatus
443 2605 704 2691 archiepiscopus
731 2606 763 2670 in
791 2605 862 2688 hiis,
892 2626 953 2688 que
977 2606 1069 2672 nobis
1093 2625 1133 2670 ex
1158 2613 1248 2690 parte
1272 2611 1380 2672 vestra
1405 2611 1602 2690 exponerent

271 2714 345 2778 viva
367 2733 457 2794 voce,
491 2720 643 2796 tanquam
676 2714 769 2779 vobis
801 2711 948 2778 adhiberi
981 2712 1075 2778 tidem
1109 2713 1285 2798 plenariam
1318 2712 1467 2799 petiistis.
1514 2712 1601 2791 Quos

270 2821 379 2902 utique
412 2825 548 2904 excepto
581 2819 668 2886 dicto
693 2820 844 2905 Symone,
878 2819 933 2903 qui
962 2819 1129 2885 dicebatur
1154 2828 1284 2905 propter
1308 2819 1520 2903 egritudinem
1544 2819 1602 2883 im·

270 2925 408 3010 peditus,
443 2946 505 2992 una
534 2947 605 2992 curn
634 2927 751 3012 prefati
775 2927 866 2992 ducis
890 2926 1017 2992 Ottonis
1048 2927 1173 2992 nunciis
1196 2925 1453 2992 consideratione
1476 2927 1601 2992 mitten-

270 3035 347 3098 tium
382 3034 519 3118 benigne
552 3033 738 3099 admisimus
771 3040 803 3098 et
836 3033 1018 3098 audivimus
1051 3031 1232 3117 diligenter.
1280 3032 1402 3111 Quibus
1426 3032 1544 3098 auditis
1568 3037 1602 3097 et

270 3161 331 3223 quc
363 3147 597 3226 proposuerunt
629 3140 810 3221 orethenus,
844 3141 967 3225 plenius
997 3139 1178 3224 intellectis,
1212 3141 1320 3205 nuncii
1345 3141 1407 3224 ipsi
1431 3141 1490 3206 sub
1515 3161 1599 3205 corn·

269 3249 366 3314 missa
400 3250 461 3316 sibi
497 3248 668 3314 credencia
703 3248 832 3333 prelata
867 3246 1028 3331 quandam
1068 3248 1160 3313 nobis
1201 3246 1415 3312 exhibuerunt
1454 3247 1599 3313 cedulam

270 3357 390 3424 tenoris
414 3365 447 3423 et
470 3357 665 3422 continentie
688 3356 926 3438 subsequentis:

376 3465 464 3530 Ista¹
495 3470 544 3528 est
573 3464 709 3527 intentio
739 3462 951 3542 dominorum,
985 3460 1133 3545 s[cilioet]
1167 3463 1254 3545 regis
1278 3461 1418 3544 Boemie,
1444 3460 1600 3546 archiepi-

270 3570 360 3655 scopi
385 3569 593 3635 Trcverensis
616 3576 648 3634 et
673 3567 765 3633 ducis
789 3569 928 3650 Austris,
954 3568 1038 3651 quod
1064 3589 1121 3652 per
1145 3589 1199 3636 eos
1223 3575 1359 3635 trahetur
1382 3577 1414 3634 et
1437 3567 1601 3633 ordinetur

269 3675 442 3741 concordia
466 3682 498 3740 ct
528 3675 722 3759 composicio
754 3674 839 3738 inter
871 3673 1032 3738 dominum
1067 3683 1207 3739 nostrum
1243 3697 1359 3760 papam
1392 3684 1601 3758 sanctamque

269 3781 447 3846 Romanam
471 3781 641 3847 ecclesiam
666 3801 706 3845 ex
730 3788 822 3865 parte
847 3801 909 3845 una
934 3789 965 3846 et
990 3781 1149 3847 Bavarum
1175 3803 1216 3847 ex
1240 3783 1353 3847 altera.
1385 3783 1427 3847 Et
1443 3783 1469 3848 si
1495 3774 1600 3847 huius·

269 3887 354 3954 modi
379 3897 536 3955 tractatus
560 3895 593 3954 et
609 3887 770 3954 ordinatio
795 3887 967 3954 concordie
991 3889 1054 3953 sint
1078 3897 1213 3974 accepte
1231 3889 1360 3954 domino
1383 3897 1492 3956 nostro
1516 3909 1601 3975 pape

269 3995 395 4080 ipsique
412 3996 555 4061 Romane
580 3996 727 4078 ecclesie,
752 3996 869 4061 virtute
893 3997 1063 4081 potestatis
1088 3997 1134 4062 eis
1151 4017 1171 4061 a
1187 3995 1275 4061 dicto
1300 3996 1426 4062 Bavaro
1451 4015 1600 4066 concesse

270 4103 352 4167 inter
375 4102 441 4167 alia
463 4103 586 4168 facient
609 4103 672 4168 ista
695 4103 763 4167 fieri
788 4123 844 4187 per
868 4104 1045 4169 Bavarurn:

375 4209 482 4275 Primo
507 4208 688 4291 quodcum
713 4209 831 4275 effectu
856 4210 995 4296 deponet
1019 4231 1108 4277 suum
1134 4211 1311 4276 hereticum
1334 4211 1532 4296 antipapam.

376 4316 525 4381 Secundo
549 4317 634 4400 quod
658 4319 785 4403 penitus
809 4319 850 4383 ah
875 4317 1094 4404 appellatione
1118 4319 1258 4385 recedet.

376 4425 487 4489 Tertio
513 4425 599 4507 quod
628 4426 745 4508 omnia,
780 4445 841 4508 que
873 4426 954 4490 fecit
986 4445 1042 4490 seu
1075 4427 1279 4510 attemplavit
1312 4431 1425 4491 contra
1456 4430 1599 4492 sanctam

270 4551 438 4615 personam
472 4529 593 4596 domiui
625 4533 725 4597 nostri
758 4552 843 4618 pape
876 4533 1111 4615 ecclesiamque
1144 4533 1332 4618 Romanam,
1366 4539 1497 4598 revocet
1530 4552 1600 4598 curn

270 4638 398 4702 effectu.

378 4854 404 4922 1)
425 4852 467 4909 Cf.
487 4868 580 4920 supra
598 4870 645 4906 ar.
665 4853 749 4907 1908.
