3642 5509
271 365 325 425 tto
836 365 905 424 1399
924 363 1006 424 littra
1024 368 1070 422 24.

271 553 436 635 utriusque
452 553 569 634 quiete,
594 551 681 633 quod
705 557 794 616 certa
818 549 945 616 decima
968 549 1011 615 ad
1035 569 1177 616 mensam
1202 556 1289 614 tuam
1313 549 1476 634 pertinens
1499 545 1604 615 eidem

274 659 414 726 Beatriei
438 657 725 739 commendaretur,
760 657 803 723 ad
827 657 915 723 dicte
939 656 1026 723 sedis
1051 655 1288 742 beneplacitum
1316 656 1506 732 ordinasset,
1535 676 1605 722 nos·

272 787 334 851 que
367 767 464 831 etiam
499 764 539 830 de
572 766 712 830 utilitate
745 764 925 830 huiusmodi
960 764 1128 829 certificati
1157 762 1359 848 postmodum
1384 762 1604 829 commendam

272 877 373 960 ipsam
409 875 500 938 iuxta
535 871 768 936 ordinationem
805 870 941 936 eandem
982 878 1154 956 propterea
1189 870 1375 936 duxerimus
1411 869 1604 952 faciendam,

271 982 495 1048 discretionem
531 988 616 1044 tuam
650 998 799 1061 rogamus
832 988 865 1043 et
899 976 1072 1060 hortamur,
1098 1027 1105 1041 .
1132 1027 1139 1041 .
1166 1027 1174 1042 .
1199 979 1348 1060 quatinus
1371 977 1605 1044 ordinationem

271 1089 441 1175 prefatam,
465 1107 560 1169 quam
585 1086 820 1152 consideratam
845 1087 999 1151 attentius
1023 1087 1200 1171 comperies
1224 1087 1256 1150 in
1281 1086 1452 1150 utilitatem
1469 1085 1604 1150 ecclesie

271 1202 455 1272 memorate,
485 1201 646 1276 tamquam
678 1213 752 1258 vere
781 1192 971 1259 obediencie
1000 1192 1066 1258 tilia
1088 1193 1318 1258 inviolabiliter·
1341 1193 1513 1258 observare
1536 1213 1605 1278 pro

272 1325 373 1370 curres.
420 1304 495 1368 Dat.
520 1301 551 1366 X
576 1300 620 1364 kl.
646 1301 758 1384 aprilis
781 1321 809 1364 a.
834 1299 1073 1365 terciodecimo.

432 1427 502 1495 Rep.
526 1429 578 1478 115
597 1439 643 1491 ps.
662 1423 681 1476 I
696 1423 719 1493 f.
740 1424 787 1477 96¹
806 1440 853 1476 nr.
873 1426 937 1477 550.

374 1701 499 1768 1700.
526 1702 612 1765 1329
636 1703 734 1765 didaz
758 1701 811 1764 24.
841 1699 1006 1786 Acipuon,

376 1843 535 1909 Iohannes
559 1842 658 1908 XXII
688 1841 859 1908 Wilhelmo
884 1841 972 1911 dicto
997 1841 1038 1906 de
1064 1842 1160 1907 Bilka
1183 1843 1309 1908 content
1333 1843 1412 1908 eccl.
1437 1842 1495 1908 SS.
1520 1844 1604 1928 Apo·

269 1952 419 2019 stolarum
437 1949 547 2015 Colon.
573 1949 807 2031 canonicatum,
832 1948 1030 2032 prehendam
1055 1968 1131 2014 vero
1156 1949 1260 2014 eidem
1284 1956 1437 2031 reservat,
1462 1970 1526 2015 non
1549 1952 1603 2016 ob·

269 2060 428 2124 stantibus
452 2055 537 2139 quod
562 2055 724 2121 deiectum
749 2056 903 2124 natalium
929 2056 1051 2140 patitur
1074 2055 1115 2120 de
1140 2057 1257 2122 acolito
1280 2058 1409 2141 genitus
1432 2064 1466 2120 et
1487 2057 1603 2139 soluta,

269 2185 364 2250 super
389 2185 461 2247 quo,
495 2169 529 2228 ut
553 2164 679 2244 asserit,
713 2183 784 2228 curn
814 2183 852 2227 eo
880 2171 930 2229 est
953 2163 1146 2228 auctoritate
1170 2164 1349 2248 apostoliea
1372 2162 1602 2248 dispensatum,

269 2293 326 2338 scu
360 2272 446 2355 quod
480 2280 553 2356 post
582 2269 853 2355 dispensationem
878 2269 1014 2336 eandem
1039 2291 1135 2356 super
1163 2272 1347 2356 provisione
1370 2271 1430 2336 sibi
1455 2270 1604 2337 facienda

269 2379 310 2445 de
344 2379 497 2445 beneficio
530 2377 751 2444 ecclesiastico
785 2397 857 2442 cunr
891 2398 969 2442 cura
999 2378 1051 2442 vel
1084 2377 1153 2444 sine
1183 2397 1260 2443 cara
1289 2376 1330 2443 ad
1361 2377 1603 2463 dispositionem

269 2485 383 2552 decani
418 2495 449 2551 et
484 2485 616 2569 capituli
652 2484 729 2550 eccl.
760 2484 794 2550 S.
819 2484 975 2551 Gereonis
1004 2484 1115 2550 Colon.
1150 2486 1359 2550 communiter
1391 2485 1443 2550 vel
1475 2485 1603 2551 divisim

268 2601 436 2679 spectante
470 2595 593 2658 litteras
626 2593 821 2678 apostolicas
844 2593 876 2657 in
900 2592 1006 2659 forma
1040 2612 1214 2678 pauperum
1239 2594 1434 2677 impetravit,
1470 2613 1602 2676 quarum

269 2701 379 2785 vigore
412 2699 645 2787 parrochialem
680 2701 848 2767 ecclesiam
883 2699 924 2765 de
955 2699 1118 2765 Lovcnieh
1144 2699 1253 2765 Colon.
1289 2699 1373 2765 dioc.
1408 2701 1602 2784 acceptavit,

268 2828 364 2892 snper
394 2829 456 2890 qna
484 2808 600 2892 litigat,
636 2809 711 2873 licet
739 2809 972 2892 possessionem
996 2808 1081 2873 illius
1103 2807 1231 2873 habeat.
1281 2809 1415 2891 Insuper
1438 2806 1603 2891 dispensat

269 2935 339 2981 oum
365 2934 413 2998 eo,
443 2922 477 2979 ut
508 2914 612 2982 dictos
637 2915 860 2982 canonicatum
886 2923 919 2980 et
942 2915 1138 3000 prebendam
1163 2916 1306 3000 recipere
1330 2922 1363 2980 et
1385 2915 1524 2980 retinere
1547 2935 1601 2979 va-

268 3023 344 3104 leat,
378 3022 465 3087 dioto
499 3021 629 3088 defectu
660 3042 723 3087 non
753 3023 912 3090 obstante.
959 3022 994 3088 Si
1019 3030 1125 3087 tamen
1150 3021 1268 3086 dictam
1294 3020 1527 3107 parrochialem
1553 3040 1603 3086 ec·

268 3130 398 3196 clesiam
422 3131 560 3212 evincat,
597 3129 684 3195 dicte
708 3129 825 3204 littere,
864 3149 922 3213 per
955 3149 1035 3212 quas
1067 3136 1234 3195 assecutus
1266 3127 1328 3194 fuit
1361 3127 1495 3194 eandem
1529 3148 1603 3212 par·

268 3234 440 3302 rochialem
465 3237 644 3317 ecclesiam,
671 3237 735 3302 sint
760 3255 860 3301 casse.

375 3343 596 3429 Suffragantia
627 3343 685 3408 tihi
715 3343 830 3408 merita
859 3392 866 3406 .
896 3390 902 3404 .
934 3393 941 3406 .
989 3342 1063 3407 Dat.
1095 3343 1188 3408 Avia.
1223 3341 1318 3407 VllIl
1351 3343 1396 3407 kl.
1429 3342 1540 3428 aprilis
1572 3363 1602 3407 a.

268 3449 498 3515 tertiodecimo.

375 3557 411 3621 In
436 3577 464 3625 e.
490 3579 530 3621 m.
564 3559 598 3624 S.
624 3557 756 3643 Georgii
785 3564 817 3623 et
846 3559 880 3624 S.
905 3558 1053 3623 Severini
1078 3557 1188 3624 Goion.
1212 3557 1345 3625 decanis
1368 3579 1409 3623 ac
1431 3556 1602 3624 scolastico

269 3662 429 3728 Tnllensis
452 3664 669 3730 ecelesiarum.

427 3813 499 3882 Rep.
520 3812 559 3866 92
577 3812 602 3882 f.
622 3812 687 3868 229‘
705 3829 752 3867 nr.
772 3812 857 3866 3425.

376 4077 493 4144 1701.
521 4080 606 4143 1329
630 4080 729 4144 Mdrz
752 4081 804 4143 24.
835 4077 1000 4164 Aviprson.

375 4219 546 4304 [Iohannes
570 4220 680 4305 XXII]
704 4220 881 4286 Godefrido
906 4220 947 4286 de
971 4221 1085 4286 Ruden
1110 4222 1227 4288 elerico
1250 4220 1448 4286 Coloniensis
1472 4219 1554 4286 dioc.

374 4328 546 4411 illegitime
571 4331 707 4411 genitos,
733 4347 813 4410 quos
830 4378 836 4392 .
853 4377 882 4392 ..
908 4329 994 4393 Sane
1019 4330 1133 4413 petitio
1157 4349 1215 4413 pro
1238 4336 1331 4414 parte
1355 4335 1411 4393 tna
1433 4329 1525 4394 nohis
1549 4347 1600 4391 ex-

268 4433 370 4500 hibita
394 4435 589 4517 continebat,
623 4434 708 4516 quod
733 4436 808 4500 olim
833 4441 939 4499 tecum
963 4455 1058 4520 super
1082 4434 1212 4501 delectu
1235 4435 1399 4515 natalium,
1429 4455 1522 4518 quem
1546 4455 1599 4520 pa·

267 4542 344 4606 teris
367 4541 408 4607 de
433 4543 609 4626 presbitero
633 4543 761 4626 genitus
785 4549 817 4606 et
841 4543 958 4624 soluta,
992 4541 1076 4625 quod
1101 4563 1140 4607 eo
1163 4564 1226 4608 non
1251 4543 1399 4609 obstante
1422 4563 1535 4627 posses
1557 4540 1599 4606 ad

267 4668 376 4714 omnes
404 4648 532 4714 ordines
560 4649 740 4734 promoveri
765 4656 797 4714 et
822 4649 1075 4715 ecclesiasticum
1101 4649 1289 4715 heneficium
1313 4650 1469 4733 obtinere,
1502 4649 1598 4714 etiarn

267 4749 294 4816 si
319 4770 426 4816 curam
452 4749 585 4816 haberet
608 4752 795 4833 animarum,
821 4751 879 4815 fuit
904 4752 1096 4817 auctoritate
1120 4751 1300 4836 apostolica
1324 4751 1542 4837 dispensatum
1566 4758 1600 4815 et
