3642 5509
732 413 940 475 reaccendar
960 415 1002 473 17.
1484 416 1533 473 111

202 591 344 661 mitade
369 597 517 678 Nasica,
541 598 695 679 mandat,
718 598 877 681 quotieas
898 597 1148 682 parrochialem
1172 596 1344 663 eccleciam
1372 598 1409 663 ia
1434 598 1534 663 Ober-

203 700 372 783 luhacteio
393 705 586 789 incorporei
610 704 743 770 ecclesie
765 706 802 768 io
826 704 1078 769 Edichenstein.

308 861 482 947 [Iohannes
503 862 613 947 XXII]
638 863 883 949 archiepiscopo
908 866 1108 930 Treverensi.

307 989 427 1054 Petitio
451 987 560 1055 dilecti
585 988 640 1053 lilii
665 989 782 1055 nobilis
806 990 866 1055 viri
890 989 1017 1055 Gerlaci
1047 990 1171 1055 comitis
1199 988 1241 1055 de
1264 990 1420 1057 Nassawe
1444 992 1535 1057 nobis

202 1115 301 1181 nuper
325 1095 470 1161 exhibita
494 1097 688 1178 continebat,
713 1095 799 1179 qnod
824 1096 894 1182 ipse
918 1095 961 1161 ad
985 1096 1135 1161 bonorem
1160 1094 1213 1161 dci
1238 1097 1267 1161 ei
1292 1097 1327 1160 B.
1350 1096 1451 1162 Maria
1475 1098 1536 1162 vir-

201 1204 286 1285 ginis
309 1204 422 1268 matris
446 1204 514 1269 eius
538 1210 571 1268 et
595 1225 653 1289 pro
676 1224 732 1271 sne
754 1205 1058 1290 progenitorumque
1081 1223 1209 1269 suorum
1233 1204 1336 1269 salute
1360 1204 1536 1269 animarum

201 1309 250 1375 ius
283 1316 474 1394 patronatus
509 1310 718 1395 parrochialis
757 1311 893 1376 ecclesie
927 1310 961 1375 in
996 1310 1159 1395 Superiori
1185 1310 1352 1375 Lainstein
1387 1316 1440 1376 tue
1470 1309 1535 1375 dio·

202 1416 295 1497 cesis,
331 1415 416 1498 quod
450 1415 492 1482 ad
526 1436 561 1482 se
593 1417 708 1483 asserit
741 1416 911 1502 pertinere,
948 1416 1086 1481 intendit
1114 1416 1306 1501 parrochiali
1335 1417 1471 1483 ecclesie
1503 1419 1536 1483 in

202 1522 432 1589 Edichenstein
466 1522 553 1590 dicte
583 1524 732 1606 diocesis,
766 1523 809 1590 ad
834 1544 928 1608 quam
952 1526 1037 1608 gerit
1061 1524 1211 1609 specialis
1234 1522 1416 1589 devotionis
1440 1524 1534 1589 affec·

202 1638 277 1714 tum,
313 1630 478 1716 applicare
509 1631 631 1716 pariter
663 1638 696 1696 et
729 1630 861 1714 donare,
895 1631 928 1695 in
965 1629 1134 1696 desideriis
1162 1630 1228 1695 suis
1256 1649 1383 1713 gerens,
1418 1637 1453 1695 ut
1476 1651 1535 1714 per

201 1737 378 1822 apostolice
401 1735 487 1803 sedis
510 1738 648 1821 gratiam
676 1737 717 1802 dc
749 1738 850 1823 ipsius
882 1735 1061 1801 redditibus
1085 1756 1143 1802 seu
1165 1736 1335 1821 presbiteri
1358 1736 1477 1821 ydonei
1501 1736 1534 1802 in

202 1843 349 1929 predicta
383 1844 522 1909 ecclesia
555 1845 586 1907 in
619 1843 850 1911 Edichenstein
884 1852 1040 1929 perpetuo
1074 1842 1200 1907 domino
1233 1842 1381 1908 servituri
1407 1843 1536 1909 valeant

202 1951 384 2015 sustentari.
430 1951 500 2017 Nos
523 1950 622 2034 igitur
736 1952 811 2034 quie
841 1949 882 2015 de
905 1950 1068 2035 premissis
1092 1968 1263 2031 eorumque
1287 1950 1535 2015 circumstantiis

202 2058 353 2123 noticiam
376 2076 439 2122 non
464 2057 629 2140 hahemus,
653 2057 848 2123 fraternitati
873 2066 1004 2122 tue...
1028 2056 1254 2122 committimus
1278 2061 1310 2121 et
1334 2055 1534 2139 mandemus,

203 2164 353 2248 quatinus
381 2162 423 2229 de
445 2163 600 2249 predictis
625 2184 696 2229 cum
720 2164 890 2248 diligentia
914 2170 945 2229 te
969 2163 1122 2229 informes
1146 2169 1178 2228 et
1201 2162 1395 2248 specialiter,
1420 2164 1447 2228 si
1470 2161 1534 2228 dic·

201 2276 268 2335 tum
299 2271 350 2336 ius
373 2278 561 2356 patronatus
594 2272 695 2356 ipsius
727 2271 865 2337 ecclesie
893 2272 926 2335 in
950 2270 1115 2356 Superiori
1140 2270 1305 2336 Lainstein
1331 2269 1373 2335 ad
1398 2270 1534 2335 eundem

201 2377 340 2442 nobilem
364 2379 514 2463 pertinet,
538 2384 573 2444 ut
589 2378 758 2463 prefertur,
782 2397 906 2443 necnon
931 2386 963 2443 et
986 2398 1044 2461 pro
1069 2386 1144 2460 quot
1168 2377 1354 2462 presbiteris
1376 2376 1535 2443 sufficient

202 2484 303 2565 ipsius
326 2484 465 2549 ecclesie
488 2485 672 2566 facultates,
696 2492 861 2551 reservata
884 2482 925 2549 de
949 2484 1028 2569 ipsis
1051 2482 1171 2549 vicario
1196 2490 1350 2569 perpetuo
1374 2484 1452 2549 inibi
1478 2481 1534 2548 do·

202 2592 287 2656 mino
323 2593 479 2656 servituro
517 2612 575 2676 pro
610 2590 779 2657 sufficienti
818 2593 1049 2656 sustentatione
1084 2589 1185 2675 ipsius
1220 2611 1259 2655 ac
1295 2591 1534 2675 episcopalibus

202 2697 324 2762 iuribus
356 2698 577 2783 persolvendis
604 2706 636 2763 et
666 2697 738 2763 aliis
766 2697 827 2763 sibi
851 2696 1108 2763 incumbentibus
1131 2697 1281 2762 oneribus
1305 2696 1533 2782 supportandis

203 2823 346 2888 congrua
378 2804 535 2889 portione.
583 2804 676 2870 Etsi
700 2825 757 2889 per
786 2804 1045 2869 informationem
1074 2801 1254 2869 huiusmodi
1283 2802 1462 2888 predictum
1487 2805 1536 2868 ius

201 2917 389 2995 patronatus
405 2912 447 2976 ad
464 2910 642 2997 predictum
666 2911 807 2977 nobilem
831 2914 991 2996 pertinere
1007 2911 1174 2995 repereris,
1198 2917 1234 2975 ut
1250 2910 1419 2995 prefertur,
1444 2910 1534 2975 facta

202 3019 303 3102 primo
337 3020 542 3083 concessione
566 3025 599 3084 et
623 3018 795 3083 donatione
828 3038 885 3103 per
919 3016 1055 3083 eundem
1087 3017 1227 3083 nobilem
1251 3016 1292 3083 de
1316 3016 1442 3101 prefato
1466 3019 1536 3083 iure

202 3131 389 3208 patronatus
420 3126 522 3209 ipsius
556 3124 692 3190 ecclesie
731 3126 763 3189 in
798 3124 963 3209 Superiori
997 3124 1179 3206 Lainstein,
1215 3123 1393 3209 predictam
1433 3124 1533 3189 eccle·

201 3231 279 3297 siam
314 3231 347 3295 in
386 3231 551 3316 Superiori
591 3231 759 3297 Lainstein
806 3250 879 3295 cum
918 3230 1065 3296 omnibus
1101 3230 1223 3297 iuribus
1261 3236 1294 3295 et
1332 3231 1535 3315 pertinentiis

203 3338 268 3403 suis
295 3338 421 3424 prefate
453 3337 591 3403 ecclesie
620 3338 652 3403 in
677 3336 908 3403 Edichenstein
952 3337 1144 3402 auctoritate
1174 3337 1352 3422 apostolica
1380 3344 1536 3422 perpetuo

205 3447 295 3511 unias
322 3444 467 3530 applices
495 3451 528 3511 ei
558 3451 748 3526 connectas3
787 3446 835 3510 ita
859 3444 1011 3511 videlicet
1035 3444 1120 3527 qrrod
1144 3451 1251 3510 rector
1274 3444 1374 3529 ipsius
1399 3444 1536 3512 ecclesie

203 3551 235 3616 in
258 3551 502 3635 Edichenstein,
527 3552 582 3635 qui
606 3560 656 3618 est
678 3571 734 3619 seu
758 3552 818 3616 erit
834 3571 891 3636 pro
908 3559 1053 3635 tempore
1076 3555 1149 3635 post
1173 3552 1319 3615 unionem
1344 3550 1535 3629 huiusmodi,

203 3659 302 3744 ipsius
332 3658 467 3725 ecclesie
494 3659 528 3724 iu
567 3659 731 3744 Superiori
756 3658 923 3723 Lainstein
955 3658 1092 3723 cedente
1115 3658 1165 3723 vel
1199 3657 1378 3723 decedente
1401 3667 1535 3740 rectore,

203 3767 401 3852 corporalem
436 3767 669 3851 possessionem
701 3767 802 3851 ipsius
835 3766 972 3831 ecclesie
1011 3766 1044 3829 in
1082 3765 1247 3851 Superiori
1286 3765 1453 3831 Lainstein
1497 3787 1536 3832 ac

204 3874 317 3938 iunium
335 3880 368 3941 et
383 3872 655 3960 pertinenciarum
680 3873 780 3958 ipsius
799 3922 806 3938 .
825 3921 832 3937 .
851 3922 859 3937 .
875 3873 977 3959 possit
992 3871 1235 3958 apprehendere
1252 3871 1352 3937 libere
1368 3879 1400 3937 et
1416 3878 1536 3956 tenere,

202 3988 258 4046 tua
290 3986 479 4064 tuorumque
511 4000 731 4046 successorum
763 3988 796 4045 et
824 3980 958 4046 alterius
990 3980 1217 4063 cuiuscumque
1245 3978 1377 4044 licentia
1406 3978 1536 4046 minime

203 4089 365 4172 requisita,
395 4088 554 4154 fructibus
582 4086 761 4154 redditibus
791 4094 823 4153 et
855 4087 1063 4172 proventibus
1092 4086 1192 4171 ipsius
1221 4085 1358 4152 ecclesie
1381 4086 1412 4151 in
1436 4086 1536 4171 Supe-

203 4196 276 4261 riori
312 4194 477 4260 Lainstein
505 4194 537 4260 in
567 4194 740 4261 eorundem
776 4196 1024 4281 presbiterorum
1059 4214 1134 4260 usus
1166 4193 1313 4279 proprios
1338 4194 1429 4258 iuxta
1452 4192 1536 4260 ordi·

203 4303 363 4368 nationem
396 4309 483 4374 tuam
516 4303 709 4368 anctoritate
733 4302 928 4387 presentium
952 4299 1136 4367 faciendam
1159 4306 1315 4386 perpetuo
1338 4300 1439 4366 libere
1463 4320 1536 4366 con·

204 4408 375 4486 vertendis,
405 4417 571 4476 reservata
603 4415 722 4492 tamen,
746 4418 781 4474 ut
805 4409 991 4495 predicitur,
1026 4407 1067 4473 de
1090 4407 1248 4474 fructibus
1272 4415 1305 4473 et
1328 4410 1537 4494 proventibus

153 4545 159 4573 ι
203 4516 326 4583 eisdem
358 4517 459 4601 ipsius
494 4516 631 4583 ecclesie
666 4518 698 4581 in
734 4517 899 4602 Superiori
927 4516 1094 4581 Lainstein
1128 4535 1185 4601 pro
1209 4514 1355 4601 predicto
1380 4521 1535 4601 perpetuo

202 4623 324 4689 vicario
357 4623 513 4689 canonice
546 4622 742 4689 instituendo
775 4621 894 4688 ibidem
929 4622 1077 4709 predicta
1110 4642 1252 4707 congrua
1284 4622 1441 4708 portione.
1493 4622 1537 4688 Et

202 4729 425 4798 nichilominus
447 4732 536 4796 facta
555 4750 614 4816 per
631 4736 673 4815 te,
690 4737 725 4795 ut
741 4731 946 4815 premittitur,
976 4731 1091 4795 unione
1107 4729 1263 4815 predicta,
1288 4732 1315 4797 si
1339 4730 1464 4816 prefate
1487 4750 1536 4801 ec·
