3642 5509
720 428 790 483 1332
808 428 979 484 November
998 428 1040 482 30.

313 692 438 760 2150.
465 697 552 759 1332
576 695 763 759 November
787 696 841 758 30.
867 691 1032 779 Acipaoa.

310 836 470 903 Iohannes
503 837 602 901 XXII
639 837 782 902 Roberto
823 836 864 901 de
896 835 1066 901 Lcscbiele
1100 834 1355 901 consideratione
1391 832 1542 898 Iohannis

206 944 293 1029 regis
310 944 440 1010 Boemie
464 932 589 1011 confert
613 945 836 1011 eccl.Trever.
861 944 1097 1024 canonicatum,
1122 941 1317 1027 prebendam
1335 961 1410 1006 voro
1434 940 1538 1005 eidem

205 1059 360 1118 reservat.

313 1158 503 1245 MultipIIcia
527 1167 581 1225 tue
604 1160 718 1224 merita
752 1209 758 1226 .
789 1208 796 1223 .
827 1208 834 1223 .
885 1159 963 1223 Dat.
987 1158 1081 1223 Avin.
1106 1158 1139 1221 II
1162 1155 1207 1223 kl.
1232 1154 1411 1221 decembris
1434 1175 1463 1219 a.
1488 1152 1541 1219 de·

207 1268 438 1352 oimoseptimo.

314 1376 351 1438 ln
375 1394 462 1440 em.
486 1374 598 1441 abbati
622 1374 809 1440 monasterii
826 1374 865 1438 Β.
882 1373 983 1439 Marie
1007 1374 1039 1437 iu
1063 1370 1285 1437 Lucemburcb
1303 1370 1434 1436 Trever.
1457 1368 1542 1434 dioc.

207 1487 239 1547 et
263 1480 492 1547 archidiacono
516 1481 724 1547 abrincensis
748 1502 788 1546 ac
812 1481 984 1546 scolastico
1008 1479 1168 1544 Tullensis
1191 1477 1408 1543 ecelesiarum.
1597 1462 1598 1467 ἵ

357 1606 427 1675 Rep.
449 1607 503 1660 104
520 1621 569 1659 ar.
588 1608 652 1660 841.

314 1871 429 1938 2151.
456 1874 543 1936 1332
567 1872 752 1937 December
769 1872 801 1934 9.
826 1869 991 1956 Auipnoa.

314 2013 472 2080 lohannes
487 2014 588 2079 XXII
611 2014 764 2100 episcopo
788 2012 888 2079 Leod.
913 2011 1055 2095 mandat,
1081 2013 1231 2096 quatinus
1254 2031 1326 2077 eum
1350 2010 1449 2077 nobili
1473 2011 1542 2076 viro

208 2110 404 2205 E'ugelberto
428 2119 469 2187 de
485 2121 600 2186 Marka
623 2120 725 2186 milite
749 2120 850 2187 Leod.
875 2118 972 2203 dioc,
997 2121 1061 2202 qui,
1086 2120 1169 2185 sicut
1193 2120 1316 2200 asserit,
1341 2120 1373 2183 in
1398 2118 1543 2184 serviciis

207 2248 292 2314 pape
317 2236 349 2294 et
373 2229 510 2294 ecclesie
532 2228 677 2295 Romane
700 2249 735 2294 se
759 2229 902 2314 periculo
927 2229 1071 2313 corporis
1094 2234 1126 2293 et
1149 2246 1255 2293 rerum
1279 2227 1375 2310 longo
1399 2235 1542 2311 tempore

208 2341 240 2403 in
272 2338 417 2423 partibus
440 2335 636 2402 Lombardie
669 2356 830 2422 exponere
862 2356 925 2400 non
960 2334 1099 2419 expacit,
1134 2342 1168 2399 et
1199 2333 1298 2399 nobili
1329 2333 1462 2399 muliere
1486 2334 1542 2398 Er·

208 2445 352 2511 meainde
376 2443 418 2509 de
434 2443 632 2510 Gbaveremo
650 2444 685 2527 (l)
703 2441 804 2508 Leod.
829 2442 925 2521 dioe,
950 2443 1003 2525 qui
1028 2444 1223 2526 ignorantes,
1249 2440 1334 2523 quod
1351 2440 1411 2524 ipsi
1429 2448 1542 2523 quarto

209 2551 497 2633 consanguinitatis
520 2550 624 2633 gradu
647 2550 709 2615 sibi
733 2549 871 2615 invicem
898 2549 1090 2625 attinebant,
1119 2546 1353 2613 matrimonium
1379 2555 1543 2613 contraxe-

209 2666 281 2725 runt
305 2658 427 2726 carnali
451 2657 654 2744 postmodum
679 2657 795 2743 copula
818 2658 1003 2739 subsecuta,
1036 2658 1062 2723 si
1089 2665 1137 2722 est
1161 2657 1207 2720 ita
1231 2662 1263 2720 et
1289 2656 1393 2720 banna
1416 2651 1544 2720 fuerunt

207 2769 239 2831 in
265 2765 403 2832 ecclesia
426 2764 524 2847 edita,
548 2772 720 2848 antequam
745 2765 972 2831 contraherent
988 2764 1234 2840 matrimonium,
1260 2762 1434 2847 dispenset,
1456 2761 1541 2845 quod

207 2876 241 2938 in
264 2872 351 2938 dicto
376 2874 584 2937 matremonio
609 2872 697 2938 licite
720 2892 886 2939 remanere
909 2871 1050 2954 valeant,
1075 2870 1196 2956 prolem
1222 2878 1404 2955 susceptam
1436 2876 1468 2934 et
1491 2890 1540 2935 su·

208 2979 407 3066 acipiendam
431 2979 608 3064 legitimam
632 2978 824 3045 nunciando.

315 3086 483 3154 Pontificis
506 3086 686 3171 precellens
710 3086 886 3151 auctoritas
903 3135 911 3151 .
930 3134 962 3151 ..
1011 3087 1087 3151 Dat.
1105 3086 1199 3150 Avin.
1217 3084 1245 3148 V
1269 3082 1340 3148 idus
1364 3082 1543 3149 decembris

208 3216 238 3261 a.
264 3194 538 3279 decimoseptimo.

357 3321 431 3389 ch.
451 3320 505 3373 106
523 3335 571 3373 ar.
586 3319 669 3373 1265.

316 3560 440 3628 2152.
472 3563 560 3626 1333
587 3561 727 3627 Jaaum·
752 3562 804 3625 10.
830 3557 996 3645 Auipaoa.

314 3706 482 3773 Ioboaaea
508 3706 618 3771 XXII
644 3707 718 3792 cepi
745 3706 890 3771 Francie
918 3706 1039 3771 scribet
1067 3705 1109 3771 de
1132 3708 1281 3770 tractatu
1305 3704 1393 3769 inter
1410 3722 1542 3787 papum

210 3822 241 3879 et
263 3835 374 3901 repom
397 3814 534 3879 Boemie
556 3814 678 3880 habito.

317 3927 488 4012 [Iohannes
510 3927 622 4011 XXII]
646 3927 715 4011 regi
740 3928 887 3993 Francie.

318 4035 471 4100 Mirantes·
494 4034 675 4100 audivimus
698 4035 799 4101 fuisse
822 4036 981 4101 turbatam
1007 4034 1229 4100 excellentiam
1247 4034 1379 4117 regiam,
1405 4030 1491 4114 quod
1509 4032 1542 4097 in

211 4151 351 4208 tractatu
376 4143 458 4207 iuter
481 4162 539 4206 nos
564 4149 596 4206 et
614 4190 621 4205 .
641 4194 646 4206 .
667 4194 674 4207 .
692 4142 865 4207 Iohannem
891 4162 998 4224 regern
1018 4141 1147 4206 lloemie
1171 4141 1323 4206 illustrem
1348 4139 1458 4203 habito
1479 4159 1541 4203 non

212 4250 272 4314 suit
294 4251 418 4332 regium
444 4250 680 4334 beneplacitum
706 4256 913 4314 reservatum.
961 4249 1122 4329 Proiecto,
1147 4248 1190 4312 lili
1216 4248 1388 4320 carissime,
1413 4247 1439 4310 si
1461 4246 1542 4310 litte·

210 4377 315 4421 rarum
350 4358 509 4439 regiarum
543 4358 635 4422 nobis
668 4377 725 4442 pro
758 4356 846 4422 dieto
879 4357 1042 4422 missarum
1073 4356 1203 4439 negotio
1233 4354 1424 4420 excellentia
1451 4354 1543 4437 regia

210 4465 326 4529 seriem
350 4464 534 4530 retinuisset
563 4465 755 4547 memoriter,
788 4484 850 4529 non
885 4463 1054 4547 credimus,
1089 4460 1173 4545 quod
1198 4460 1389 4527 turbationis
1413 4457 1542 4525 adesset

210 4570 356 4654 materia,
380 4569 436 4637 sed
462 4572 642 4653 graciarum
668 4572 781 4656 pocius
803 4572 950 4651 actionis,
976 4590 1046 4635 cum
1064 4568 1143 4635 illud
1159 4571 1321 4653 negotium
1339 4588 1396 4653 per
1412 4566 1542 4633 easdem

211 4678 335 4743 litteras
370 4679 462 4743 nobis
496 4677 583 4744 velut
619 4677 891 4744 commendaverit
924 4679 1086 4763 proprium
1120 4678 1286 4761 ipsumque
1319 4674 1380 4740 deo
1415 4681 1541 4757 gratum

210 4785 320 4867 reique
345 4785 521 4871 expediens
553 4785 682 4870 publice
705 4792 738 4851 et
761 4785 803 4851 ad
835 4784 987 4851 honorem
1020 4790 1161 4851 nostrum
1186 4791 1218 4849 et
1242 4782 1377 4847 ecclesie
1406 4780 1542 4846 asseruIt
