<?xml version="1.0" encoding="UTF-8"?>
<!DOCTYPE html PUBLIC "-//W3C//DTD XHTML 1.0 Transitional//EN"
    "http://www.w3.org/TR/xhtml1/DTD/xhtml1-transitional.dtd">
<html xmlns="http://www.w3.org/1999/xhtml" xml:lang="en" lang="en">
 <head>
  <title>
</title>
<meta http-equiv="Content-Type" content="text/html;charset=utf-8" />
  <meta name='ocr-system' content='tesseract 3.04.00' />
  <meta name='ocr-capabilities' content='ocr_page ocr_carea ocr_par ocr_line ocrx_word'/>
</head>
<body>
  <div class='ocr_page' id='page_1' title='image "./urkundenundrege00thimgoog_0598.png"; bbox 0 0 3642 5509; ppageno 0'>
   <div class='ocr_carea' id='block_1_1' title="bbox 730 427 1541 499">
    <p class='ocr_par' dir='ltr' id='par_1_1' title="bbox 730 427 1541 499">
     <span class='ocr_line' id='line_1_1' title="bbox 730 427 1541 499; baseline 0.002 -16"><span class='ocrx_word' id='word_1_1' title='bbox 730 428 801 483; x_wconf 82' lang='lat'>1340</span> <span class='ocrx_word' id='word_1_2' title='bbox 818 427 941 499; x_wconf 82' lang='lat' dir='ltr'><strong>August</strong></span> <span class='ocrx_word' id='word_1_3' title='bbox 960 429 1004 485; x_wconf 84' lang='lat'><strong>30.</strong></span> <span class='ocrx_word' id='word_1_4' title='bbox 1488 429 1541 485; x_wconf 75' lang='grc'><strong>569</strong></span> 
     </span>
    </p>
   </div>
   <div class='ocr_carea' id='block_1_2' title="bbox 202 607 1543 4872">
    <p class='ocr_par' dir='ltr' id='par_1_2' title="bbox 202 607 1543 4872">
     <span class='ocr_line' id='line_1_2' title="bbox 208 607 1541 695; baseline 0.004 -24"><span class='ocrx_word' id='word_1_5' title='bbox 208 607 345 673; x_wconf 89' lang='lat' dir='ltr'><strong>cularias</strong></span> <span class='ocrx_word' id='word_1_6' title='bbox 368 607 539 674; x_wconf 89' lang='lat' dir='ltr'><strong>earundem</strong></span> <span class='ocrx_word' id='word_1_7' title='bbox 564 608 658 674; x_wconf 85' lang='lat' dir='ltr'><strong>solito</strong></span> <span class='ocrx_word' id='word_1_8' title='bbox 691 609 948 692; x_wconf 84' lang='lat' dir='ltr'><strong>contingentibus</strong></span> <span class='ocrx_word' id='word_1_9' title='bbox 981 616 1014 674; x_wconf 90' lang='lat' dir='ltr'><strong>et</strong></span> <span class='ocrx_word' id='word_1_10' title='bbox 1045 610 1279 693; x_wconf 86' lang='lat' dir='ltr'><strong>pertinentibus</strong></span> <span class='ocrx_word' id='word_1_11' title='bbox 1311 631 1369 695; x_wconf 93' lang='lat' dir='ltr'><strong>per</strong></span> <span class='ocrx_word' id='word_1_12' title='bbox 1401 609 1541 694; x_wconf 90' lang='lat' dir='ltr'><strong>modum,</strong></span> 
     </span>
     <span class='ocr_line' id='line_1_3' title="bbox 208 714 1541 800; baseline 0.004 -23"><span class='ocrx_word' id='word_1_13' title='bbox 208 715 261 796; x_wconf 94' lang='lat' dir='ltr'><strong>qui</strong></span> <span class='ocrx_word' id='word_1_14' title='bbox 291 714 376 780; x_wconf 84' lang='lat' dir='ltr'><strong>inira</strong></span> <span class='ocrx_word' id='word_1_15' title='bbox 409 715 561 797; x_wconf 90' lang='lat' dir='ltr'><strong>sequitur,</strong></span> <span class='ocrx_word' id='word_1_16' title='bbox 596 715 707 782; x_wconf 88' lang='lat' dir='ltr'><strong>habita</strong></span> <span class='ocrx_word' id='word_1_17' title='bbox 741 716 998 781; x_wconf 81' lang='lat' dir='ltr'><strong>consideratione</strong></span> <span class='ocrx_word' id='word_1_18' title='bbox 1031 736 1161 782; x_wconf 90' lang='lat' dir='ltr'><strong>onerum</strong></span> <span class='ocrx_word' id='word_1_19' title='bbox 1185 724 1218 781; x_wconf 93' lang='lat' dir='ltr'><strong>et</strong></span> <span class='ocrx_word' id='word_1_20' title='bbox 1249 718 1541 800; x_wconf 82' lang='lat' dir='ltr'><strong>emolumentorum,</strong></span> 
     </span>
     <span class='ocr_line' id='line_1_4' title="bbox 207 822 1543 905; baseline 0.004 -19"><span class='ocrx_word' id='word_1_21' title='bbox 207 823 239 886; x_wconf 91' lang='lat' dir='ltr'><strong>in</strong></span> <span class='ocrx_word' id='word_1_22' title='bbox 269 822 383 905; x_wconf 91' lang='lat' dir='ltr'><strong>quibus</strong></span> <span class='ocrx_word' id='word_1_23' title='bbox 413 823 526 888; x_wconf 88' lang='lat' dir='ltr'><strong>eadem</strong></span> <span class='ocrx_word' id='word_1_24' title='bbox 556 824 694 890; x_wconf 90' lang='lat' dir='ltr'><strong>ecclesia</strong></span> <span class='ocrx_word' id='word_1_25' title='bbox 724 822 765 889; x_wconf 90' lang='lat' dir='ltr'><strong>de</strong></span> <span class='ocrx_word' id='word_1_26' title='bbox 796 824 929 888; x_wconf 85' lang='lat' dir='ltr'><strong>Erelens</strong></span> <span class='ocrx_word' id='word_1_27' title='bbox 958 832 990 888; x_wconf 91' lang='lat' dir='ltr'><strong>et</strong></span> <span class='ocrx_word' id='word_1_28' title='bbox 1020 824 1088 889; x_wconf 90' lang='lat' dir='ltr'><strong>eius</strong></span> <span class='ocrx_word' id='word_1_29' title='bbox 1117 823 1182 888; x_wconf 89' lang='lat' dir='ltr'><strong>filia</strong></span> <span class='ocrx_word' id='word_1_30' title='bbox 1210 824 1251 889; x_wconf 91' lang='lat' dir='ltr'><strong>de</strong></span> <span class='ocrx_word' id='word_1_31' title='bbox 1280 832 1388 890; x_wconf 92' lang='lat' dir='ltr'><strong>cetero</strong></span> <span class='ocrx_word' id='word_1_32' title='bbox 1417 828 1543 892; x_wconf 88' lang='lat' dir='ltr'><strong>onerari</strong></span> 
     </span>
     <span class='ocr_line' id='line_1_5' title="bbox 208 929 1543 1015; baseline 0.003 -22"><span class='ocrx_word' id='word_1_33' title='bbox 208 936 356 1014; x_wconf 89' lang='lat' dir='ltr'><strong>poterunt</strong></span> <span class='ocrx_word' id='word_1_34' title='bbox 380 930 427 995; x_wconf 89' lang='lat' dir='ltr'><strong>sic</strong></span> <span class='ocrx_word' id='word_1_35' title='bbox 451 929 554 996; x_wconf 90' lang='lat' dir='ltr'><strong>divise</strong></span> <span class='ocrx_word' id='word_1_36' title='bbox 579 936 610 996; x_wconf 91' lang='lat' dir='ltr'><strong>et</strong></span> <span class='ocrx_word' id='word_1_37' title='bbox 634 931 731 996; x_wconf 86' lang='lat' dir='ltr'><strong>etiam</strong></span> <span class='ocrx_word' id='word_1_38' title='bbox 755 931 847 996; x_wconf 85' lang='lat' dir='ltr'><strong>iuxta</strong></span> <span class='ocrx_word' id='word_1_39' title='bbox 875 952 974 996; x_wconf 88' lang='lat' dir='ltr'><strong>onera</strong></span> <span class='ocrx_word' id='word_1_40' title='bbox 997 930 1148 996; x_wconf 88' lang='lat' dir='ltr'><strong>decenter·</strong></span> <span class='ocrx_word' id='word_1_41' title='bbox 1171 933 1317 1014; x_wconf 90' lang='lat' dir='ltr'><strong>relevari,</strong></span> <span class='ocrx_word' id='word_1_42' title='bbox 1348 952 1419 997; x_wconf 91' lang='lat' dir='ltr'><strong>cum</strong></span> <span class='ocrx_word' id='word_1_43' title='bbox 1443 952 1543 1015; x_wconf 91' lang='lat' dir='ltr'><strong>usqne</strong></span> 
     </span>
     <span class='ocr_line' id='line_1_6' title="bbox 207 1035 1543 1105; baseline 0.003 -4"><span class='ocrx_word' id='word_1_44' title='bbox 207 1035 248 1101; x_wconf 91' lang='lat' dir='ltr'><strong>ad</strong></span> <span class='ocrx_word' id='word_1_45' title='bbox 273 1036 413 1102; x_wconf 88' lang='lat' dir='ltr'><strong>valorem</strong></span> <span class='ocrx_word' id='word_1_46' title='bbox 438 1045 565 1104; x_wconf 91' lang='lat' dir='ltr'><strong>centum</strong></span> <span class='ocrx_word' id='word_1_47' title='bbox 590 1038 783 1103; x_wconf 83' lang='lat' dir='ltr'><strong>florenorum</strong></span> <span class='ocrx_word' id='word_1_48' title='bbox 808 1058 976 1104; x_wconf 88' lang='lat' dir='ltr'><strong>aureomm</strong></span> <span class='ocrx_word' id='word_1_49' title='bbox 1004 1037 1046 1102; x_wconf 89' lang='lat' dir='ltr'><strong>ad</strong></span> <span class='ocrx_word' id='word_1_50' title='bbox 1070 1044 1196 1104; x_wconf 90' lang='lat' dir='ltr'><strong>scutum</strong></span> <span class='ocrx_word' id='word_1_51' title='bbox 1221 1039 1271 1103; x_wconf 91' lang='lat' dir='ltr'><strong>vel</strong></span> <span class='ocrx_word' id='word_1_52' title='bbox 1294 1038 1408 1104; x_wconf 91' lang='lat' dir='ltr'><strong>saltem</strong></span> <span class='ocrx_word' id='word_1_53' title='bbox 1436 1038 1543 1105; x_wconf 83' lang='lat' dir='ltr'><strong>sexies</strong></span> 
     </span>
     <span class='ocr_line' id='line_1_7' title="bbox 208 1139 1542 1227; baseline 0.001 -19"><span class='ocrx_word' id='word_1_54' title='bbox 208 1144 321 1227; x_wconf 80' lang='lat' dir='ltr'><strong>viginti</strong></span> <span class='ocrx_word' id='word_1_55' title='bbox 350 1151 382 1209; x_wconf 93' lang='lat' dir='ltr'><strong>et</strong></span> <span class='ocrx_word' id='word_1_56' title='bbox 410 1140 578 1207; x_wconf 89' lang='lat' dir='ltr'><strong>duodecim</strong></span> <span class='ocrx_word' id='word_1_57' title='bbox 603 1142 796 1207; x_wconf 83' lang='lat' dir='ltr'><strong>florenorum</strong></span> <span class='ocrx_word' id='word_1_58' title='bbox 824 1162 1006 1226; x_wconf 91' lang='lat' dir='ltr'><strong>parvorum,</strong></span> <span class='ocrx_word' id='word_1_59' title='bbox 1035 1139 1178 1207; x_wconf 89' lang='lat' dir='ltr'><strong>deducta</strong></span> <span class='ocrx_word' id='word_1_60' title='bbox 1208 1142 1350 1207; x_wconf 87' lang='lat' dir='ltr'><strong>inferiori</strong></span> <span class='ocrx_word' id='word_1_61' title='bbox 1380 1142 1542 1209; x_wconf 84' lang='lat' dir='ltr'><strong>decisione</strong></span> 
     </span>
     <span class='ocr_line' id='line_1_8' title="bbox 206 1248 1542 1335; baseline 0 -20"><span class='ocrx_word' id='word_1_62' title='bbox 206 1251 238 1315; x_wconf 93' lang='lat' dir='ltr'><strong>in</strong></span> <span class='ocrx_word' id='word_1_63' title='bbox 262 1250 437 1317; x_wconf 81' lang='lat' dir='ltr'><strong>subsidium</strong></span> <span class='ocrx_word' id='word_1_64' title='bbox 455 1250 591 1315; x_wconf 88' lang='lat' dir='ltr'><strong>ecclesie</strong></span> <span class='ocrx_word' id='word_1_65' title='bbox 603 1250 762 1332; x_wconf 80' lang='lat' dir='ltr'><strong>Aquensis</strong></span> <span class='ocrx_word' id='word_1_66' title='bbox 779 1248 936 1334; x_wconf 90' lang='lat' dir='ltr'><strong>predicte,</strong></span> <span class='ocrx_word' id='word_1_67' title='bbox 954 1248 995 1313; x_wconf 87' lang='lat' dir='ltr'><strong>ad</strong></span> <span class='ocrx_word' id='word_1_68' title='bbox 1013 1269 1093 1334; x_wconf 91' lang='lat' dir='ltr'><strong>opus</strong></span> <span class='ocrx_word' id='word_1_69' title='bbox 1109 1249 1300 1314; x_wconf 91' lang='lat' dir='ltr'><strong>vicariorum</strong></span> <span class='ocrx_word' id='word_1_70' title='bbox 1316 1257 1542 1335; x_wconf 88' lang='lat' dir='ltr'><strong>perpetuorum</strong></span> 
     </span>
     <span class='ocr_line' id='line_1_9' title="bbox 206 1355 1542 1443; baseline -0.001 -21"><span class='ocrx_word' id='word_1_71' title='bbox 206 1358 237 1423; x_wconf 89' lang='lat' dir='ltr'><strong>in</strong></span> <span class='ocrx_word' id='word_1_72' title='bbox 261 1358 415 1443; x_wconf 90' lang='lat' dir='ltr'><strong>predictis</strong></span> <span class='ocrx_word' id='word_1_73' title='bbox 444 1357 588 1423; x_wconf 90' lang='lat' dir='ltr'><strong>eeclesiis</strong></span> <span class='ocrx_word' id='word_1_74' title='bbox 611 1355 860 1422; x_wconf 85' lang='lat' dir='ltr'><strong>deservientium</strong></span> <span class='ocrx_word' id='word_1_75' title='bbox 890 1376 1055 1422; x_wconf 90' lang='lat' dir='ltr'><strong>remanere</strong></span> <span class='ocrx_word' id='word_1_76' title='bbox 1087 1355 1304 1440; x_wconf 88' lang='lat' dir='ltr'><strong>dinoscuntur,</strong></span> <span class='ocrx_word' id='word_1_77' title='bbox 1333 1358 1380 1423; x_wconf 89' lang='lat' dir='ltr'><strong>sic</strong></span> <span class='ocrx_word' id='word_1_78' title='bbox 1397 1364 1432 1422; x_wconf 90' lang='lat' dir='ltr'><strong>ut</strong></span> <span class='ocrx_word' id='word_1_79' title='bbox 1456 1356 1542 1440; x_wconf 90' lang='lat' dir='ltr'><strong>quod</strong></span> 
     </span>
     <span class='ocr_line' id='line_1_10' title="bbox 207 1462 1541 1549; baseline -0.001 -19"><span class='ocrx_word' id='word_1_80' title='bbox 207 1465 344 1533; x_wconf 88' lang='lat' dir='ltr'><strong>ecclesia</strong></span> <span class='ocrx_word' id='word_1_81' title='bbox 367 1463 553 1531; x_wconf 85' lang='lat' dir='ltr'><strong>deErclens</strong></span> <span class='ocrx_word' id='word_1_82' title='bbox 575 1465 608 1529; x_wconf 96' lang='lat' dir='ltr'><strong>in</strong></span> <span class='ocrx_word' id='word_1_83' title='bbox 632 1462 744 1529; x_wconf 90' lang='lat' dir='ltr'><strong>maiori</strong></span> <span class='ocrx_word' id='word_1_84' title='bbox 769 1484 865 1529; x_wconf 89' lang='lat' dir='ltr'><strong>onere</strong></span> <span class='ocrx_word' id='word_1_85' title='bbox 889 1464 998 1529; x_wconf 86' lang='lat' dir='ltr'><strong>extitit</strong></span> <span class='ocrx_word' id='word_1_86' title='bbox 1022 1471 1055 1529; x_wconf 92' lang='lat' dir='ltr'><strong>et</strong></span> <span class='ocrx_word' id='word_1_87' title='bbox 1077 1470 1221 1529; x_wconf 83' lang='lat' dir='ltr'><strong>remanet</strong></span> <span class='ocrx_word' id='word_1_88' title='bbox 1237 1464 1389 1548; x_wconf 84' lang='lat' dir='ltr'><strong>obligata,</strong></span> <span class='ocrx_word' id='word_1_89' title='bbox 1413 1465 1460 1530; x_wconf 95' lang='lat' dir='ltr'><strong>sic</strong></span> <span class='ocrx_word' id='word_1_90' title='bbox 1484 1485 1541 1549; x_wconf 93' lang='lat' dir='ltr'><strong>pro</strong></span> 
     </span>
     <span class='ocr_line' id='line_1_11' title="bbox 207 1569 1541 1656; baseline -0.001 -18"><span class='ocrx_word' id='word_1_91' title='bbox 207 1574 385 1656; x_wconf 87' lang='lat' dir='ltr'><strong>quantitate</strong></span> <span class='ocrx_word' id='word_1_92' title='bbox 409 1579 442 1636; x_wconf 91' lang='lat' dir='ltr'><strong>et</strong></span> <span class='ocrx_word' id='word_1_93' title='bbox 466 1572 621 1653; x_wconf 81' lang='lat' dir='ltr'><strong>qualitate</strong></span> <span class='ocrx_word' id='word_1_94' title='bbox 649 1570 754 1637; x_wconf 89' lang='lat' dir='ltr'><strong>oneris</strong></span> <span class='ocrx_word' id='word_1_95' title='bbox 781 1572 823 1635; x_wconf 91' lang='lat' dir='ltr'><strong>sit</strong></span> <span class='ocrx_word' id='word_1_96' title='bbox 846 1570 993 1655; x_wconf 90' lang='lat' dir='ltr'><strong>ampliori</strong></span> <span class='ocrx_word' id='word_1_97' title='bbox 1017 1569 1198 1636; x_wconf 85' lang='lat' dir='ltr'><strong>reddituum</strong></span> <span class='ocrx_word' id='word_1_98' title='bbox 1222 1570 1365 1637; x_wconf 91' lang='lat' dir='ltr'><strong>subsidio</strong></span> <span class='ocrx_word' id='word_1_99' title='bbox 1388 1572 1541 1654; x_wconf 89' lang='lat' dir='ltr'><strong>relevata,</strong></span> 
     </span>
     <span class='ocr_line' id='line_1_12' title="bbox 205 1678 1541 1766; baseline -0.001 -21"><span class='ocrx_word' id='word_1_100' title='bbox 205 1686 316 1766; x_wconf 91' lang='lat' dir='ltr'><strong>utpote</strong></span> <span class='ocrx_word' id='word_1_101' title='bbox 341 1681 431 1744; x_wconf 80' lang='lat' dir='ltr'><strong>iuxta</strong></span> <span class='ocrx_word' id='word_1_102' title='bbox 447 1679 686 1744; x_wconf 83' lang='lat' dir='ltr'><strong>extimationem</strong></span> <span class='ocrx_word' id='word_1_103' title='bbox 710 1678 890 1743; x_wconf 88' lang='lat' dir='ltr'><strong>reddituum</strong></span> <span class='ocrx_word' id='word_1_104' title='bbox 915 1686 948 1743; x_wconf 93' lang='lat' dir='ltr'><strong>et</strong></span> <span class='ocrx_word' id='word_1_105' title='bbox 971 1680 1197 1744; x_wconf 88' lang='lat' dir='ltr'><strong>obventionum</strong></span> <span class='ocrx_word' id='word_1_106' title='bbox 1221 1678 1317 1743; x_wconf 91' lang='lat' dir='ltr'><strong>dictis</strong></span> <span class='ocrx_word' id='word_1_107' title='bbox 1341 1679 1485 1745; x_wconf 89' lang='lat' dir='ltr'><strong>ecclesiis</strong></span> <span class='ocrx_word' id='word_1_108' title='bbox 1508 1686 1541 1745; x_wconf 91' lang='lat' dir='ltr'><strong>et</strong></span> 
     </span>
     <span class='ocr_line' id='line_1_13' title="bbox 205 1785 1542 1871; baseline -0.001 -19"><span class='ocrx_word' id='word_1_109' title='bbox 205 1808 313 1853; x_wconf 92' lang='lat' dir='ltr'><strong>eornm</strong></span> <span class='ocrx_word' id='word_1_110' title='bbox 338 1786 467 1852; x_wconf 85' lang='lat' dir='ltr'><strong>vicariis</strong></span> <span class='ocrx_word' id='word_1_111' title='bbox 491 1786 719 1851; x_wconf 90' lang='lat' dir='ltr'><strong>remanentium</strong></span> <span class='ocrx_word' id='word_1_112' title='bbox 749 1792 905 1871; x_wconf 90' lang='lat' dir='ltr'><strong>perpetuo</strong></span> <span class='ocrx_word' id='word_1_113' title='bbox 936 1785 1054 1851; x_wconf 89' lang='lat' dir='ltr'><strong>habere</strong></span> <span class='ocrx_word' id='word_1_114' title='bbox 1083 1786 1190 1851; x_wconf 88' lang='lat' dir='ltr'><strong>valeat</strong></span> <span class='ocrx_word' id='word_1_115' title='bbox 1214 1792 1351 1868; x_wconf 89' lang='lat' dir='ltr'><strong>quatuor</strong></span> <span class='ocrx_word' id='word_1_116' title='bbox 1377 1792 1486 1871; x_wconf 88' lang='lat' dir='ltr'><strong>partes</strong></span> <span class='ocrx_word' id='word_1_117' title='bbox 1509 1794 1542 1851; x_wconf 92' lang='lat' dir='ltr'><strong>et</strong></span> 
     </span>
     <span class='ocr_line' id='line_1_14' title="bbox 205 1891 1541 1978; baseline -0.001 -18"><span class='ocrx_word' id='word_1_118' title='bbox 205 1894 342 1960; x_wconf 89' lang='lat' dir='ltr'><strong>ecclesia</strong></span> <span class='ocrx_word' id='word_1_119' title='bbox 372 1893 412 1958; x_wconf 91' lang='lat' dir='ltr'><strong>de</strong></span> <span class='ocrx_word' id='word_1_120' title='bbox 437 1892 634 1958; x_wconf 84' lang='lat' dir='ltr'><strong>Cndehoven</strong></span> <span class='ocrx_word' id='word_1_121' title='bbox 663 1898 786 1977; x_wconf 85' lang='lat' dir='ltr'><strong>partem</strong></span> <span class='ocrx_word' id='word_1_122' title='bbox 817 1892 972 1975; x_wconf 89' lang='lat' dir='ltr'><strong>reliquam</strong></span> <span class='ocrx_word' id='word_1_123' title='bbox 1002 1893 1142 1957; x_wconf 91' lang='lat' dir='ltr'><strong>omnium</strong></span> <span class='ocrx_word' id='word_1_124' title='bbox 1169 1891 1351 1957; x_wconf 89' lang='lat' dir='ltr'><strong>reddituum</strong></span> <span class='ocrx_word' id='word_1_125' title='bbox 1381 1913 1439 1978; x_wconf 92' lang='lat' dir='ltr'><strong>pro</strong></span> <span class='ocrx_word' id='word_1_126' title='bbox 1462 1893 1541 1977; x_wconf 93' lang='lat' dir='ltr'><strong>ipsis</strong></span> 
     </span>
     <span class='ocr_line' id='line_1_15' title="bbox 206 1998 1540 2082; baseline -0.001 -15"><span class='ocrx_word' id='word_1_127' title='bbox 206 2002 350 2067; x_wconf 90' lang='lat' dir='ltr'><strong>ecclesiis</strong></span> <span class='ocrx_word' id='word_1_128' title='bbox 385 2001 417 2064; x_wconf 93' lang='lat' dir='ltr'><strong>in</strong></span> <span class='ocrx_word' id='word_1_129' title='bbox 449 2002 511 2065; x_wconf 87' lang='lat' dir='ltr'><strong>ista</strong></span> <span class='ocrx_word' id='word_1_130' title='bbox 545 1999 746 2065; x_wconf 91' lang='lat' dir='ltr'><strong>ordinatione</strong></span> <span class='ocrx_word' id='word_1_131' title='bbox 782 2005 986 2082; x_wconf 90' lang='lat' dir='ltr'><strong>retentorum,</strong></span> <span class='ocrx_word' id='word_1_132' title='bbox 1023 1999 1063 2064; x_wconf 88' lang='lat' dir='ltr'><strong>de</strong></span> <span class='ocrx_word' id='word_1_133' title='bbox 1099 1999 1290 2065; x_wconf 88' lang='lat' dir='ltr'><strong>venerabilis</strong></span> <span class='ocrx_word' id='word_1_134' title='bbox 1325 2000 1385 2064; x_wconf 91' lang='lat' dir='ltr'><strong>viri</strong></span> <span class='ocrx_word' id='word_1_135' title='bbox 1420 1998 1540 2065; x_wconf 92' lang='lat' dir='ltr'><strong>domini</strong></span> 
     </span>
     <span class='ocr_line' id='line_1_16' title="bbox 205 2105 1541 2194; baseline -0.001 -20"><span class='ocrx_word' id='word_1_136' title='bbox 205 2108 367 2194; x_wconf 87' lang='lat' dir='ltr'><strong>Raynaldi</strong></span> <span class='ocrx_word' id='word_1_137' title='bbox 391 2105 611 2173; x_wconf 76' lang='lat' dir='ltr'><strong>archidiaconi</strong></span> <span class='ocrx_word' id='word_1_138' title='bbox 635 2106 772 2192; x_wconf 83' lang='lat' dir='ltr'><strong>predicti</strong></span> <span class='ocrx_word' id='word_1_139' title='bbox 796 2113 828 2173; x_wconf 90' lang='lat' dir='ltr'><strong>et</strong></span> <span class='ocrx_word' id='word_1_140' title='bbox 851 2108 952 2171; x_wconf 91' lang='lat' dir='ltr'><strong>nostri</strong></span> <span class='ocrx_word' id='word_1_141' title='bbox 976 2106 1172 2171; x_wconf 91' lang='lat' dir='ltr'><strong>honorabilis</strong></span> <span class='ocrx_word' id='word_1_142' title='bbox 1195 2107 1328 2192; x_wconf 89' lang='lat' dir='ltr'><strong>capituli</strong></span> <span class='ocrx_word' id='word_1_143' title='bbox 1351 2106 1541 2173; x_wconf 88' lang='lat' dir='ltr'><strong>Leodieusis</strong></span> 
     </span>
     <span class='ocr_line' id='line_1_17' title="bbox 205 2212 1541 2300; baseline -0.001 -20"><span class='ocrx_word' id='word_1_144' title='bbox 205 2222 237 2280; x_wconf 92' lang='lat' dir='ltr'><strong>et</strong></span> <span class='ocrx_word' id='word_1_145' title='bbox 262 2213 398 2300; x_wconf 88' lang='lat' dir='ltr'><strong>predicti</strong></span> <span class='ocrx_word' id='word_1_146' title='bbox 423 2212 579 2299; x_wconf 86' lang='lat' dir='ltr'><strong>prepositi</strong></span> <span class='ocrx_word' id='word_1_147' title='bbox 601 2213 759 2296; x_wconf 82' lang='lat' dir='ltr'><strong>Aquensis</strong></span> <span class='ocrx_word' id='word_1_148' title='bbox 783 2233 933 2299; x_wconf 85' lang='lat' dir='ltr'><strong>expresso</strong></span> <span class='ocrx_word' id='word_1_149' title='bbox 958 2233 1116 2279; x_wconf 90' lang='lat' dir='ltr'><strong>consensu</strong></span> <span class='ocrx_word' id='word_1_150' title='bbox 1137 2220 1347 2279; x_wconf 89' lang='lat' dir='ltr'><strong>memoratam</strong></span> <span class='ocrx_word' id='word_1_151' title='bbox 1370 2213 1541 2280; x_wconf 88' lang='lat' dir='ltr'><strong>ecclesiam</strong></span> 
     </span>
     <span class='ocr_line' id='line_1_18' title="bbox 206 2319 1540 2404; baseline 0.001 -19"><span class='ocrx_word' id='word_1_152' title='bbox 206 2320 246 2387; x_wconf 95' lang='lat' dir='ltr'><strong>de</strong></span> <span class='ocrx_word' id='word_1_153' title='bbox 271 2322 404 2387; x_wconf 84' lang='lat' dir='ltr'><strong>Erelens</strong></span> <span class='ocrx_word' id='word_1_154' title='bbox 428 2319 514 2385; x_wconf 91' lang='lat' dir='ltr'><strong>dicte</strong></span> <span class='ocrx_word' id='word_1_155' title='bbox 539 2321 675 2388; x_wconf 89' lang='lat' dir='ltr'><strong>ecclesie</strong></span> <span class='ocrx_word' id='word_1_156' title='bbox 697 2321 839 2403; x_wconf 89' lang='lat' dir='ltr'><strong>Aquensi</strong></span> <span class='ocrx_word' id='word_1_157' title='bbox 863 2321 922 2387; x_wconf 88' lang='lat' dir='ltr'><strong>snb</strong></span> <span class='ocrx_word' id='word_1_158' title='bbox 946 2319 1052 2403; x_wconf 93' lang='lat' dir='ltr'><strong>modo,</strong></span> <span class='ocrx_word' id='word_1_159' title='bbox 1078 2321 1131 2403; x_wconf 92' lang='lat' dir='ltr'><strong>qui</strong></span> <span class='ocrx_word' id='word_1_160' title='bbox 1154 2320 1309 2404; x_wconf 90' lang='lat' dir='ltr'><strong>sequitur,</strong></span> <span class='ocrx_word' id='word_1_161' title='bbox 1340 2320 1540 2387; x_wconf 85' lang='lat' dir='ltr'><strong>decernimus</strong></span> 
     </span>
     <span class='ocr_line' id='line_1_19' title="bbox 204 2426 1540 2514; baseline -0.001 -20"><span class='ocrx_word' id='word_1_162' title='bbox 204 2428 388 2495; x_wconf 88' lang='lat' dir='ltr'><strong>uniendam.</strong></span> <span class='ocrx_word' id='word_1_163' title='bbox 428 2428 581 2493; x_wconf 91' lang='lat' dir='ltr'><strong>Volumus</strong></span> <span class='ocrx_word' id='word_1_164' title='bbox 598 2429 729 2493; x_wconf 92' lang='lat' dir='ltr'><strong>enimet</strong></span> <span class='ocrx_word' id='word_1_165' title='bbox 746 2434 855 2493; x_wconf 89' lang='lat' dir='ltr'><strong>tenore</strong></span> <span class='ocrx_word' id='word_1_166' title='bbox 872 2429 1067 2514; x_wconf 87' lang='lat' dir='ltr'><strong>presentium</strong></span> <span class='ocrx_word' id='word_1_167' title='bbox 1083 2426 1279 2511; x_wconf 85' lang='lat' dir='ltr'><strong>ordinamus,</strong></span> <span class='ocrx_word' id='word_1_168' title='bbox 1301 2426 1386 2511; x_wconf 90' lang='lat' dir='ltr'><strong>quod</strong></span> <span class='ocrx_word' id='word_1_169' title='bbox 1404 2426 1540 2494; x_wconf 90' lang='lat' dir='ltr'><strong>cedente</strong></span> 
     </span>
     <span class='ocr_line' id='line_1_20' title="bbox 204 2534 1541 2620; baseline -0.003 -17"><span class='ocrx_word' id='word_1_170' title='bbox 204 2537 256 2603; x_wconf 92' lang='lat' dir='ltr'><strong>vel</strong></span> <span class='ocrx_word' id='word_1_171' title='bbox 290 2537 386 2602; x_wconf 91' lang='lat' dir='ltr'><strong>etiam</strong></span> <span class='ocrx_word' id='word_1_172' title='bbox 420 2534 597 2601; x_wconf 85' lang='lat' dir='ltr'><strong>decedente</strong></span> <span class='ocrx_word' id='word_1_173' title='bbox 631 2534 759 2620; x_wconf 90' lang='lat' dir='ltr'><strong>proprio</strong></span> <span class='ocrx_word' id='word_1_174' title='bbox 791 2555 876 2600; x_wconf 91' lang='lat' dir='ltr'><strong>nnnc</strong></span> <span class='ocrx_word' id='word_1_175' title='bbox 909 2544 1032 2601; x_wconf 88' lang='lat' dir='ltr'><strong>rectore</strong></span> <span class='ocrx_word' id='word_1_176' title='bbox 1065 2555 1121 2601; x_wconf 90' lang='lat' dir='ltr'><strong>seu</strong></span> <span class='ocrx_word' id='word_1_177' title='bbox 1154 2536 1303 2601; x_wconf 90' lang='lat' dir='ltr'><strong>investito</strong></span> <span class='ocrx_word' id='word_1_178' title='bbox 1337 2534 1378 2600; x_wconf 89' lang='lat' dir='ltr'><strong>de</strong></span> <span class='ocrx_word' id='word_1_179' title='bbox 1407 2535 1541 2600; x_wconf 89' lang='lat' dir='ltr'><strong>Erelens</strong></span> 
     </span>
     <span class='ocr_line' id='line_1_21' title="bbox 205 2639 1540 2729; baseline -0.002 -20"><span class='ocrx_word' id='word_1_180' title='bbox 205 2644 331 2729; x_wconf 89' lang='lat' dir='ltr'><strong>capella</strong></span> <span class='ocrx_word' id='word_1_181' title='bbox 353 2641 501 2729; x_wconf 89' lang='lat' dir='ltr'><strong>predicta</strong></span> <span class='ocrx_word' id='word_1_182' title='bbox 524 2640 789 2724; x_wconf 80' lang='lat' dir='ltr'><strong>deCudckoven,</strong></span> <span class='ocrx_word' id='word_1_183' title='bbox 814 2662 875 2723; x_wconf 90' lang='lat' dir='ltr'><strong>que</strong></span> <span class='ocrx_word' id='word_1_184' title='bbox 898 2639 987 2706; x_wconf 90' lang='lat' dir='ltr'><strong>dicte</strong></span> <span class='ocrx_word' id='word_1_185' title='bbox 1011 2642 1147 2709; x_wconf 88' lang='lat' dir='ltr'><strong>ecclesie</strong></span> <span class='ocrx_word' id='word_1_186' title='bbox 1171 2641 1212 2706; x_wconf 90' lang='lat' dir='ltr'><strong>de</strong></span> <span class='ocrx_word' id='word_1_187' title='bbox 1228 2641 1361 2708; x_wconf 87' lang='lat' dir='ltr'><strong>Erelens</strong></span> <span class='ocrx_word' id='word_1_188' title='bbox 1384 2641 1453 2706; x_wconf 82' lang='lat' dir='ltr'><strong>iilia</strong></span> <span class='ocrx_word' id='word_1_189' title='bbox 1477 2662 1540 2706; x_wconf 92' lang='lat' dir='ltr'><strong>non</strong></span> 
     </span>
     <span class='ocr_line' id='line_1_22' title="bbox 203 2748 1539 2836; baseline -0.003 -19"><span class='ocrx_word' id='word_1_190' title='bbox 203 2757 353 2836; x_wconf 89' lang='lat' dir='ltr'><strong>separata</strong></span> <span class='ocrx_word' id='word_1_191' title='bbox 377 2750 438 2814; x_wconf 87' lang='lat' dir='ltr'><strong>init</strong></span> <span class='ocrx_word' id='word_1_192' title='bbox 461 2749 635 2831; x_wconf 90' lang='lat' dir='ltr'><strong>hueusque,</strong></span> <span class='ocrx_word' id='word_1_193' title='bbox 670 2748 824 2834; x_wconf 89' lang='lat' dir='ltr'><strong>deinceps</strong></span> <span class='ocrx_word' id='word_1_194' title='bbox 857 2754 975 2814; x_wconf 83' lang='lat' dir='ltr'><strong>extunc</strong></span> <span class='ocrx_word' id='word_1_195' title='bbox 1008 2769 1066 2833; x_wconf 91' lang='lat' dir='ltr'><strong>per</strong></span> <span class='ocrx_word' id='word_1_196' title='bbox 1098 2768 1133 2815; x_wconf 87' lang='lat' dir='ltr'><strong>se</strong></span> <span class='ocrx_word' id='word_1_197' title='bbox 1156 2748 1368 2834; x_wconf 89' lang='lat' dir='ltr'><strong>parrochialis</strong></span> <span class='ocrx_word' id='word_1_198' title='bbox 1401 2749 1539 2816; x_wconf 88' lang='lat' dir='ltr'><strong>ecclesia</strong></span> 
     </span>
     <span class='ocr_line' id='line_1_23' title="bbox 205 2854 1539 2941; baseline -0.003 -17"><span class='ocrx_word' id='word_1_199' title='bbox 205 2865 372 2925; x_wconf 88' lang='lat' dir='ltr'><strong>censeatur</strong></span> <span class='ocrx_word' id='word_1_200' title='bbox 396 2866 428 2923; x_wconf 90' lang='lat' dir='ltr'><strong>et</strong></span> <span class='ocrx_word' id='word_1_201' title='bbox 452 2864 516 2922; x_wconf 89' lang='lat' dir='ltr'><strong>tam</strong></span> <span class='ocrx_word' id='word_1_202' title='bbox 541 2854 583 2921; x_wconf 90' lang='lat' dir='ltr'><strong>ad</strong></span> <span class='ocrx_word' id='word_1_203' title='bbox 607 2876 678 2922; x_wconf 89' lang='lat' dir='ltr'><strong>eam</strong></span> <span class='ocrx_word' id='word_1_204' title='bbox 695 2875 789 2938; x_wconf 90' lang='lat' dir='ltr'><strong>quam</strong></span> <span class='ocrx_word' id='word_1_205' title='bbox 814 2854 857 2920; x_wconf 90' lang='lat' dir='ltr'><strong>ad</strong></span> <span class='ocrx_word' id='word_1_206' title='bbox 881 2856 1050 2921; x_wconf 89' lang='lat' dir='ltr'><strong>ecclesiam</strong></span> <span class='ocrx_word' id='word_1_207' title='bbox 1075 2855 1116 2921; x_wconf 87' lang='lat' dir='ltr'><strong>dc</strong></span> <span class='ocrx_word' id='word_1_208' title='bbox 1132 2856 1264 2921; x_wconf 86' lang='lat' dir='ltr'><strong>Erelens</strong></span> <span class='ocrx_word' id='word_1_209' title='bbox 1287 2875 1345 2941; x_wconf 89' lang='lat' dir='ltr'><strong>per</strong></span> <span class='ocrx_word' id='word_1_210' title='bbox 1357 2857 1539 2939; x_wconf 84' lang='lat' dir='ltr'><strong>Aquensem</strong></span> 
     </span>
     <span class='ocr_line' id='line_1_24' title="bbox 204 2961 1539 3052; baseline -0.003 -21"><span class='ocrx_word' id='word_1_211' title='bbox 204 2966 400 3052; x_wconf 90' lang='lat' dir='ltr'><strong>prepositum</strong></span> <span class='ocrx_word' id='word_1_212' title='bbox 418 2963 596 3050; x_wconf 91' lang='lat' dir='ltr'><strong>predictum</strong></span> <span class='ocrx_word' id='word_1_213' title='bbox 613 2961 676 3028; x_wconf 92' lang='lat' dir='ltr'><strong>duo</strong></span> <span class='ocrx_word' id='word_1_214' title='bbox 693 2962 806 3028; x_wconf 91' lang='lat' dir='ltr'><strong>vicarii</strong></span> <span class='ocrx_word' id='word_1_215' title='bbox 822 2963 971 3048; x_wconf 90' lang='lat' dir='ltr'><strong>perpetui</strong></span> <span class='ocrx_word' id='word_1_216' title='bbox 995 2962 1057 3027; x_wconf 92' lang='lat' dir='ltr'><strong>loci</strong></span> <span class='ocrx_word' id='word_1_217' title='bbox 1074 2962 1301 3029; x_wconf 88' lang='lat' dir='ltr'><strong>archidiacono</strong></span> <span class='ocrx_word' id='word_1_218' title='bbox 1317 2968 1539 3048; x_wconf 82' lang='lat' dir='ltr'><strong>presentantur</strong></span> 
     </span>
     <span class='ocr_line' id='line_1_25' title="bbox 204 3068 1539 3157; baseline -0.003 -19"><span class='ocrx_word' id='word_1_219' title='bbox 204 3082 236 3138; x_wconf 92' lang='lat' dir='ltr'><strong>et</strong></span> <span class='ocrx_word' id='word_1_220' title='bbox 260 3073 301 3137; x_wconf 90' lang='lat' dir='ltr'><strong>ab</strong></span> <span class='ocrx_word' id='word_1_221' title='bbox 325 3074 396 3157; x_wconf 92' lang='lat' dir='ltr'><strong>ipso</strong></span> <span class='ocrx_word' id='word_1_222' title='bbox 420 3071 626 3137; x_wconf 89' lang='lat' dir='ltr'><strong>instituantur</strong></span> <span class='ocrx_word' id='word_1_223' title='bbox 649 3069 682 3133; x_wconf 93' lang='lat' dir='ltr'><strong>in</strong></span> <span class='ocrx_word' id='word_1_224' title='bbox 711 3069 783 3135; x_wconf 90' lang='lat' dir='ltr'><strong>illis.</strong></span> <span class='ocrx_word' id='word_1_225' title='bbox 834 3068 886 3134; x_wconf 92' lang='lat' dir='ltr'><strong>Ad</strong></span> <span class='ocrx_word' id='word_1_226' title='bbox 910 3070 1000 3135; x_wconf 90' lang='lat' dir='ltr'><strong>cuius</strong></span> <span class='ocrx_word' id='word_1_227' title='bbox 1025 3068 1160 3136; x_wconf 86' lang='lat' dir='ltr'><strong>ecclesie</strong></span> <span class='ocrx_word' id='word_1_228' title='bbox 1184 3068 1226 3134; x_wconf 93' lang='lat' dir='ltr'><strong>de</strong></span> <span class='ocrx_word' id='word_1_229' title='bbox 1249 3068 1447 3136; x_wconf 80' lang='lat' dir='ltr'><strong>Oudekoven</strong></span> <span class='ocrx_word' id='word_1_230' title='bbox 1470 3089 1539 3156; x_wconf 89' lang='lat' dir='ltr'><strong>pre·</strong></span> 
     </span>
     <span class='ocr_line' id='line_1_26' title="bbox 205 3176 1540 3265; baseline -0.001 -21"><span class='ocrx_word' id='word_1_231' title='bbox 205 3180 290 3246; x_wconf 91' lang='lat' dir='ltr'><strong>dicte</strong></span> <span class='ocrx_word' id='word_1_232' title='bbox 313 3177 517 3265; x_wconf 86' lang='lat' dir='ltr'><strong>parrochiam</strong></span> <span class='ocrx_word' id='word_1_233' title='bbox 545 3178 737 3264; x_wconf 88' lang='lat' dir='ltr'><strong>spectabunt</strong></span> <span class='ocrx_word' id='word_1_234' title='bbox 765 3197 902 3263; x_wconf 89' lang='lat' dir='ltr'><strong>persone</strong></span> <span class='ocrx_word' id='word_1_235' title='bbox 932 3179 966 3243; x_wconf 92' lang='lat' dir='ltr'><strong>in</strong></span> <span class='ocrx_word' id='word_1_236' title='bbox 996 3176 1085 3244; x_wconf 90' lang='lat' dir='ltr'><strong>dicta</strong></span> <span class='ocrx_word' id='word_1_237' title='bbox 1114 3178 1191 3243; x_wconf 89' lang='lat' dir='ltr'><strong>villa</strong></span> <span class='ocrx_word' id='word_1_238' title='bbox 1215 3177 1256 3243; x_wconf 90' lang='lat' dir='ltr'><strong>de</strong></span> <span class='ocrx_word' id='word_1_239' title='bbox 1280 3176 1477 3245; x_wconf 83' lang='lat' dir='ltr'><strong>Oudekoven</strong></span> <span class='ocrx_word' id='word_1_240' title='bbox 1507 3184 1540 3242; x_wconf 91' lang='lat' dir='ltr'><strong>et</strong></span> 
     </span>
     <span class='ocr_line' id='line_1_27' title="bbox 204 3283 1539 3370; baseline -0.001 -18"><span class='ocrx_word' id='word_1_241' title='bbox 204 3294 339 3370; x_wconf 87' lang='lat' dir='ltr'><strong>quatuor</strong></span> <span class='ocrx_word' id='word_1_242' title='bbox 355 3287 460 3369; x_wconf 91' lang='lat' dir='ltr'><strong>curiis,</strong></span> <span class='ocrx_word' id='word_1_243' title='bbox 475 3306 535 3367; x_wconf 93' lang='lat' dir='ltr'><strong>que</strong></span> <span class='ocrx_word' id='word_1_244' title='bbox 552 3291 708 3352; x_wconf 92' lang='lat' dir='ltr'><strong>vocantur</strong></span> <span class='ocrx_word' id='word_1_245' title='bbox 721 3284 951 3370; x_wconf 85' lang='lat' dir='ltr'><strong>Oppcnbosgh,</strong></span> <span class='ocrx_word' id='word_1_246' title='bbox 968 3283 1055 3350; x_wconf 92' lang='lat' dir='ltr'><strong>dicte</strong></span> <span class='ocrx_word' id='word_1_247' title='bbox 1072 3284 1147 3350; x_wconf 91' lang='lat' dir='ltr'><strong>ville</strong></span> <span class='ocrx_word' id='word_1_248' title='bbox 1163 3285 1386 3351; x_wconf 88' lang='lat' dir='ltr'><strong>adiacentibus</strong></span> <span class='ocrx_word' id='word_1_249' title='bbox 1402 3304 1539 3351; x_wconf 91' lang='lat' dir='ltr'><strong>commo·</strong></span> 
     </span>
     <span class='ocr_line' id='line_1_28' title="bbox 203 3386 1539 3476; baseline -0.002 -17"><span class='ocrx_word' id='word_1_250' title='bbox 203 3401 320 3476; x_wconf 90' lang='lat' dir='ltr'><strong>rantes,</strong></span> <span class='ocrx_word' id='word_1_251' title='bbox 346 3413 407 3475; x_wconf 89' lang='lat' dir='ltr'><strong>que</strong></span> <span class='ocrx_word' id='word_1_252' title='bbox 423 3412 532 3458; x_wconf 92' lang='lat' dir='ltr'><strong>omnes</strong></span> <span class='ocrx_word' id='word_1_253' title='bbox 555 3394 586 3456; x_wconf 95' lang='lat' dir='ltr'><strong>in</strong></span> <span class='ocrx_word' id='word_1_254' title='bbox 611 3392 700 3457; x_wconf 85' lang='lat' dir='ltr'><strong>dicta</strong></span> <span class='ocrx_word' id='word_1_255' title='bbox 715 3386 853 3458; x_wconf 90' lang='lat' dir='ltr'><strong>eeclesia</strong></span> <span class='ocrx_word' id='word_1_256' title='bbox 868 3390 909 3457; x_wconf 93' lang='lat' dir='ltr'><strong>de</strong></span> <span class='ocrx_word' id='word_1_257' title='bbox 922 3391 1119 3458; x_wconf 84' lang='lat' dir='ltr'><strong>Cudekoveu</strong></span> <span class='ocrx_word' id='word_1_258' title='bbox 1142 3391 1274 3458; x_wconf 87' lang='lat' dir='ltr'><strong>audient</strong></span> <span class='ocrx_word' id='word_1_259' title='bbox 1290 3391 1402 3457; x_wconf 91' lang='lat' dir='ltr'><strong>divina</strong></span> <span class='ocrx_word' id='word_1_260' title='bbox 1425 3391 1539 3458; x_wconf 81' lang='lat' dir='ltr'><strong>officia</strong></span> 
     </span>
     <span class='ocr_line' id='line_1_29' title="bbox 204 3498 1539 3586; baseline -0.002 -20"><span class='ocrx_word' id='word_1_261' title='bbox 204 3508 236 3566; x_wconf 90' lang='lat' dir='ltr'><strong>et</strong></span> <span class='ocrx_word' id='word_1_262' title='bbox 259 3501 453 3586; x_wconf 89' lang='lat' dir='ltr'><strong>sepelientur</strong></span> <span class='ocrx_word' id='word_1_263' title='bbox 477 3498 596 3565; x_wconf 89' lang='lat' dir='ltr'><strong>ibidem</strong></span> <span class='ocrx_word' id='word_1_264' title='bbox 621 3520 660 3565; x_wconf 92' lang='lat' dir='ltr'><strong>ac</strong></span> <span class='ocrx_word' id='word_1_265' title='bbox 677 3500 783 3565; x_wconf 89' lang='lat' dir='ltr'><strong>omnia</strong></span> <span class='ocrx_word' id='word_1_266' title='bbox 806 3500 963 3584; x_wconf 90' lang='lat' dir='ltr'><strong>recipient</strong></span> <span class='ocrx_word' id='word_1_267' title='bbox 979 3506 1180 3565; x_wconf 88' lang='lat' dir='ltr'><strong>sacramenta</strong></span> <span class='ocrx_word' id='word_1_268' title='bbox 1196 3500 1417 3566; x_wconf 89' lang='lat' dir='ltr'><strong>ecclesiastica</strong></span> <span class='ocrx_word' id='word_1_269' title='bbox 1433 3504 1539 3585; x_wconf 91' lang='lat' dir='ltr'><strong>preter</strong></span> 
     </span>
     <span class='ocr_line' id='line_1_30' title="bbox 203 3604 1538 3694; baseline -0.001 -20"><span class='ocrx_word' id='word_1_270' title='bbox 203 3608 394 3694; x_wconf 90' lang='lat' dir='ltr'><strong>baptismum</strong></span> <span class='ocrx_word' id='word_1_271' title='bbox 425 3613 457 3673; x_wconf 90' lang='lat' dir='ltr'><strong>et</strong></span> <span class='ocrx_word' id='word_1_272' title='bbox 486 3608 668 3673; x_wconf 88' lang='lat' dir='ltr'><strong>unctionem</strong></span> <span class='ocrx_word' id='word_1_273' title='bbox 692 3613 878 3689; x_wconf 83' lang='lat' dir='ltr'><strong>extremam,</strong></span> <span class='ocrx_word' id='word_1_274' title='bbox 902 3627 982 3690; x_wconf 92' lang='lat' dir='ltr'><strong>quos</strong></span> <span class='ocrx_word' id='word_1_275' title='bbox 1005 3607 1164 3693; x_wconf 90' lang='lat' dir='ltr'><strong>recipient</strong></span> <span class='ocrx_word' id='word_1_276' title='bbox 1186 3606 1273 3693; x_wconf 92' lang='lat' dir='ltr'><strong>apud</strong></span> <span class='ocrx_word' id='word_1_277' title='bbox 1303 3607 1474 3673; x_wconf 89' lang='lat' dir='ltr'><strong>ecclesiam</strong></span> <span class='ocrx_word' id='word_1_278' title='bbox 1497 3604 1538 3673; x_wconf 93' lang='lat' dir='ltr'><strong>de</strong></span> 
     </span>
     <span class='ocr_line' id='line_1_31' title="bbox 205 3712 1538 3799; baseline -0.001 -20"><span class='ocrx_word' id='word_1_279' title='bbox 205 3715 347 3797; x_wconf 87' lang='lat' dir='ltr'><strong>Erelens,</strong></span> <span class='ocrx_word' id='word_1_280' title='bbox 378 3720 472 3799; x_wconf 91' lang='lat' dir='ltr'><strong>prout</strong></span> <span class='ocrx_word' id='word_1_281' title='bbox 500 3720 549 3780; x_wconf 92' lang='lat' dir='ltr'><strong>est</strong></span> <span class='ocrx_word' id='word_1_282' title='bbox 578 3713 732 3780; x_wconf 89' lang='lat' dir='ltr'><strong>hactenus</strong></span> <span class='ocrx_word' id='word_1_283' title='bbox 761 3720 957 3780; x_wconf 89' lang='lat' dir='ltr'><strong>consuetum.</strong></span> <span class='ocrx_word' id='word_1_284' title='bbox 1013 3714 1072 3779; x_wconf 81' lang='lat' dir='ltr'><strong>Cui</strong></span> <span class='ocrx_word' id='word_1_285' title='bbox 1106 3715 1241 3781; x_wconf 88' lang='lat' dir='ltr'><strong>ecclesie</strong></span> <span class='ocrx_word' id='word_1_286' title='bbox 1272 3712 1312 3780; x_wconf 92' lang='lat' dir='ltr'><strong>de</strong></span> <span class='ocrx_word' id='word_1_287' title='bbox 1341 3712 1538 3780; x_wconf 84' lang='lat' dir='ltr'><strong>Oudekoven</strong></span> 
     </span>
     <span class='ocr_line' id='line_1_32' title="bbox 203 3820 1539 3907; baseline -0.001 -20"><span class='ocrx_word' id='word_1_288' title='bbox 203 3842 260 3907; x_wconf 92' lang='lat' dir='ltr'><strong>pro</strong></span> <span class='ocrx_word' id='word_1_289' title='bbox 284 3821 361 3887; x_wconf 90' lang='lat' dir='ltr'><strong>dote</strong></span> <span class='ocrx_word' id='word_1_290' title='bbox 384 3842 507 3886; x_wconf 90' lang='lat' dir='ltr'><strong>necnon</strong></span> <span class='ocrx_word' id='word_1_291' title='bbox 532 3823 599 3887; x_wconf 89' lang='lat' dir='ltr'><strong>eius</strong></span> <span class='ocrx_word' id='word_1_292' title='bbox 623 3821 743 3887; x_wconf 90' lang='lat' dir='ltr'><strong>vicario</strong></span> <span class='ocrx_word' id='word_1_293' title='bbox 766 3841 824 3905; x_wconf 93' lang='lat' dir='ltr'><strong>pro</strong></span> <span class='ocrx_word' id='word_1_294' title='bbox 848 3840 907 3887; x_wconf 88' lang='lat' dir='ltr'><strong>sua</strong></span> <span class='ocrx_word' id='word_1_295' title='bbox 927 3822 1143 3906; x_wconf 88' lang='lat' dir='ltr'><strong>competentia</strong></span> <span class='ocrx_word' id='word_1_296' title='bbox 1166 3820 1313 3907; x_wconf 88' lang='lat' dir='ltr'><strong>predicta</strong></span> <span class='ocrx_word' id='word_1_297' title='bbox 1335 3822 1539 3905; x_wconf 82' lang='lat' dir='ltr'><strong>assignamus</strong></span> 
     </span>
     <span class='ocr_line' id='line_1_33' title="bbox 203 3927 1539 4013; baseline 0.001 -19"><span class='ocrx_word' id='word_1_298' title='bbox 203 3948 312 3994; x_wconf 91' lang='lat' dir='ltr'><strong>omncs</strong></span> <span class='ocrx_word' id='word_1_299' title='bbox 336 3928 514 3994; x_wconf 90' lang='lat' dir='ltr'><strong>oblationes</strong></span> <span class='ocrx_word' id='word_1_300' title='bbox 531 3934 562 3993; x_wconf 91' lang='lat' dir='ltr'><strong>et</strong></span> <span class='ocrx_word' id='word_1_301' title='bbox 586 3928 809 4010; x_wconf 88' lang='lat' dir='ltr'><strong>emolumenta,</strong></span> <span class='ocrx_word' id='word_1_302' title='bbox 835 3947 915 4010; x_wconf 92' lang='lat' dir='ltr'><strong>quos</strong></span> <span class='ocrx_word' id='word_1_303' title='bbox 932 3928 973 3993; x_wconf 89' lang='lat' dir='ltr'><strong>de</strong></span> <span class='ocrx_word' id='word_1_304' title='bbox 997 3929 1218 4013; x_wconf 86' lang='lat' dir='ltr'><strong>parrochianis</strong></span> <span class='ocrx_word' id='word_1_305' title='bbox 1234 3927 1377 3996; x_wconf 91' lang='lat' dir='ltr'><strong>eiusdem</strong></span> <span class='ocrx_word' id='word_1_306' title='bbox 1401 3929 1539 3995; x_wconf 90' lang='lat' dir='ltr'><strong>ecclesie</strong></span> 
     </span>
     <span class='ocr_line' id='line_1_34' title="bbox 203 4032 1537 4122; baseline 0 -21"><span class='ocrx_word' id='word_1_307' title='bbox 203 4035 244 4101; x_wconf 93' lang='lat' dir='ltr'><strong>de</strong></span> <span class='ocrx_word' id='word_1_308' title='bbox 273 4032 480 4118; x_wconf 84' lang='lat' dir='ltr'><strong>Oudehoven,</strong></span> <span class='ocrx_word' id='word_1_309' title='bbox 514 4041 549 4100; x_wconf 93' lang='lat' dir='ltr'><strong>ut</strong></span> <span class='ocrx_word' id='word_1_310' title='bbox 582 4042 631 4101; x_wconf 90' lang='lat' dir='ltr'><strong>est</strong></span> <span class='ocrx_word' id='word_1_311' title='bbox 669 4033 801 4119; x_wconf 88' lang='lat' dir='ltr'><strong>dictum,</strong></span> <span class='ocrx_word' id='word_1_312' title='bbox 834 4036 1003 4121; x_wconf 88' lang='lat' dir='ltr'><strong>provenire</strong></span> <span class='ocrx_word' id='word_1_313' title='bbox 1036 4036 1213 4120; x_wconf 83' lang='lat' dir='ltr'><strong>continget,</strong></span> <span class='ocrx_word' id='word_1_314' title='bbox 1247 4037 1392 4122; x_wconf 86' lang='lat' dir='ltr'><strong>exceptis</strong></span> <span class='ocrx_word' id='word_1_315' title='bbox 1421 4036 1537 4101; x_wconf 92' lang='lat' dir='ltr'><strong>emolu-</strong></span> 
     </span>
     <span class='ocr_line' id='line_1_35' title="bbox 202 4142 1538 4229; baseline 0.001 -21"><span class='ocrx_word' id='word_1_316' title='bbox 202 4144 318 4209; x_wconf 88' lang='lat' dir='ltr'><strong>mentis</strong></span> <span class='ocrx_word' id='word_1_317' title='bbox 335 4142 375 4208; x_wconf 90' lang='lat' dir='ltr'><strong>de</strong></span> <span class='ocrx_word' id='word_1_318' title='bbox 394 4142 563 4209; x_wconf 91' lang='lat' dir='ltr'><strong>babtismo·</strong></span> <span class='ocrx_word' id='word_1_319' title='bbox 574 4149 606 4209; x_wconf 92' lang='lat' dir='ltr'><strong>et</strong></span> <span class='ocrx_word' id='word_1_320' title='bbox 630 4149 774 4209; x_wconf 82' lang='lat' dir='ltr'><strong>extrema</strong></span> <span class='ocrx_word' id='word_1_321' title='bbox 791 4143 940 4208; x_wconf 90' lang='lat' dir='ltr'><strong>unctione</strong></span> <span class='ocrx_word' id='word_1_322' title='bbox 964 4144 1175 4229; x_wconf 89' lang='lat' dir='ltr'><strong>proventuris,</strong></span> <span class='ocrx_word' id='word_1_323' title='bbox 1200 4163 1262 4225; x_wconf 90' lang='lat' dir='ltr'><strong>quc</strong></span> <span class='ocrx_word' id='word_1_324' title='bbox 1278 4142 1395 4209; x_wconf 90' lang='lat' dir='ltr'><strong>cedent</strong></span> <span class='ocrx_word' id='word_1_325' title='bbox 1417 4145 1538 4209; x_wconf 84' lang='lat' dir='ltr'><strong>vicario</strong></span> 
     </span>
     <span class='ocr_line' id='line_1_36' title="bbox 203 4249 1539 4336; baseline 0.001 -20"><span class='ocrx_word' id='word_1_326' title='bbox 203 4249 339 4316; x_wconf 89' lang='lat' dir='ltr'><strong>ecclesie</strong></span> <span class='ocrx_word' id='word_1_327' title='bbox 373 4249 413 4315; x_wconf 94' lang='lat' dir='ltr'><strong>de</strong></span> <span class='ocrx_word' id='word_1_328' title='bbox 446 4250 581 4316; x_wconf 84' lang='lat' dir='ltr'><strong>Erelens</strong></span> <span class='ocrx_word' id='word_1_329' title='bbox 613 4250 721 4334; x_wconf 89' lang='lat' dir='ltr'><strong>sepius</strong></span> <span class='ocrx_word' id='word_1_330' title='bbox 754 4256 938 4318; x_wconf 89' lang='lat' dir='ltr'><strong>memorate.</strong></span> <span class='ocrx_word' id='word_1_331' title='bbox 995 4249 1137 4316; x_wconf 90' lang='lat' dir='ltr'><strong>Habebit</strong></span> <span class='ocrx_word' id='word_1_332' title='bbox 1170 4252 1301 4335; x_wconf 90' lang='lat' dir='ltr'><strong>insuper</strong></span> <span class='ocrx_word' id='word_1_333' title='bbox 1335 4250 1539 4336; x_wconf 89' lang='lat' dir='ltr'><strong>supradictus</strong></span> 
     </span>
     <span class='ocr_line' id='line_1_37' title="bbox 203 4354 1538 4444; baseline 0.001 -23"><span class='ocrx_word' id='word_1_334' title='bbox 203 4357 342 4423; x_wconf 90' lang='lat' dir='ltr'><strong>vicarius</strong></span> <span class='ocrx_word' id='word_1_335' title='bbox 366 4356 501 4422; x_wconf 89' lang='lat' dir='ltr'><strong>ecclesie</strong></span> <span class='ocrx_word' id='word_1_336' title='bbox 526 4356 567 4421; x_wconf 94' lang='lat' dir='ltr'><strong>de</strong></span> <span class='ocrx_word' id='word_1_337' title='bbox 591 4355 787 4422; x_wconf 84' lang='lat' dir='ltr'><strong>Oudekoven</strong></span> <span class='ocrx_word' id='word_1_338' title='bbox 812 4354 927 4422; x_wconf 89' lang='lat' dir='ltr'><strong>nedum</strong></span> <span class='ocrx_word' id='word_1_339' title='bbox 952 4377 1052 4441; x_wconf 88' lang='lat' dir='ltr'><strong>panes</strong></span> <span class='ocrx_word' id='word_1_340' title='bbox 1075 4376 1193 4436; x_wconf 89' lang='lat' dir='ltr'><strong>omnes,</strong></span> <span class='ocrx_word' id='word_1_341' title='bbox 1219 4359 1272 4441; x_wconf 92' lang='lat' dir='ltr'><strong>qui</strong></span> <span class='ocrx_word' id='word_1_342' title='bbox 1296 4357 1472 4444; x_wconf 88' lang='lat' dir='ltr'><strong>presbitero</strong></span> <span class='ocrx_word' id='word_1_343' title='bbox 1497 4355 1538 4422; x_wconf 92' lang='lat' dir='ltr'><strong>de</strong></span> 
     </span>
     <span class='ocr_line' id='line_1_38' title="bbox 202 4462 1538 4549; baseline 0.001 -20"><span class='ocrx_word' id='word_1_344' title='bbox 202 4464 334 4529; x_wconf 86' lang='lat' dir='ltr'><strong>Erelens</strong></span> <span class='ocrx_word' id='word_1_345' title='bbox 358 4464 438 4529; x_wconf 91' lang='lat' dir='ltr'><strong>solvi</strong></span> <span class='ocrx_word' id='word_1_346' title='bbox 462 4464 617 4529; x_wconf 88' lang='lat' dir='ltr'><strong>hactenus</strong></span> <span class='ocrx_word' id='word_1_347' title='bbox 641 4468 873 4530; x_wconf 90' lang='lat' dir='ltr'><strong>consueverunt</strong></span> <span class='ocrx_word' id='word_1_348' title='bbox 896 4462 954 4529; x_wconf 90' lang='lat' dir='ltr'><strong>sed</strong></span> <span class='ocrx_word' id='word_1_349' title='bbox 977 4463 1197 4530; x_wconf 87' lang='lat' dir='ltr'><strong>anniversaria</strong></span> <span class='ocrx_word' id='word_1_350' title='bbox 1220 4484 1405 4548; x_wconf 89' lang='lat' dir='ltr'><strong>nuncusque</strong></span> <span class='ocrx_word' id='word_1_351' title='bbox 1428 4464 1538 4549; x_wconf 84' lang='lat' dir='ltr'><strong>legata</strong></span> 
     </span>
     <span class='ocr_line' id='line_1_39' title="bbox 202 4568 1536 4655; baseline 0 -20"><span class='ocrx_word' id='word_1_352' title='bbox 202 4570 339 4637; x_wconf 90' lang='lat' dir='ltr'><strong>ecclesie</strong></span> <span class='ocrx_word' id='word_1_353' title='bbox 362 4570 403 4636; x_wconf 92' lang='lat' dir='ltr'><strong>de</strong></span> <span class='ocrx_word' id='word_1_354' title='bbox 428 4571 571 4653; x_wconf 82' lang='lat' dir='ltr'><strong>Erelens,</strong></span> <span class='ocrx_word' id='word_1_355' title='bbox 596 4590 658 4653; x_wconf 89' lang='lat' dir='ltr'><strong>que</strong></span> <span class='ocrx_word' id='word_1_356' title='bbox 681 4569 724 4635; x_wconf 88' lang='lat' dir='ltr'><strong>ad</strong></span> <span class='ocrx_word' id='word_1_357' title='bbox 749 4568 931 4653; x_wconf 90' lang='lat' dir='ltr'><strong>quindecim</strong></span> <span class='ocrx_word' id='word_1_358' title='bbox 956 4591 1034 4637; x_wconf 89' lang='lat' dir='ltr'><strong>vasa</strong></span> <span class='ocrx_word' id='word_1_359' title='bbox 1057 4570 1194 4655; x_wconf 83' lang='lat' dir='ltr'><strong>siliginis</strong></span> <span class='ocrx_word' id='word_1_360' title='bbox 1222 4572 1272 4637; x_wconf 91' lang='lat' dir='ltr'><strong>vel</strong></span> <span class='ocrx_word' id='word_1_361' title='bbox 1303 4573 1431 4639; x_wconf 89' lang='lat' dir='ltr'><strong>circiter</strong></span> <span class='ocrx_word' id='word_1_362' title='bbox 1454 4572 1536 4637; x_wconf 81' lang='lat' dir='ltr'><strong>exti-</strong></span> 
     </span>
     <span class='ocr_line' id='line_1_40' title="bbox 202 4677 1537 4765; baseline 0 -22"><span class='ocrx_word' id='word_1_363' title='bbox 202 4685 338 4759; x_wconf 89' lang='lat' dir='ltr'><strong>mantur,</strong></span> <span class='ocrx_word' id='word_1_364' title='bbox 363 4698 425 4743; x_wconf 90' lang='lat' dir='ltr'><strong>una</strong></span> <span class='ocrx_word' id='word_1_365' title='bbox 449 4698 521 4743; x_wconf 88' lang='lat' dir='ltr'><strong>cum</strong></span> <span class='ocrx_word' id='word_1_366' title='bbox 545 4678 690 4743; x_wconf 92' lang='lat' dir='ltr'><strong>omnibus</strong></span> <span class='ocrx_word' id='word_1_367' title='bbox 713 4678 805 4744; x_wconf 92' lang='lat' dir='ltr'><strong>bonis</strong></span> <span class='ocrx_word' id='word_1_368' title='bbox 828 4679 950 4745; x_wconf 91' lang='lat' dir='ltr'><strong>iuribus</strong></span> <span class='ocrx_word' id='word_1_369' title='bbox 973 4677 1152 4743; x_wconf 91' lang='lat' dir='ltr'><strong>redditibus</strong></span> <span class='ocrx_word' id='word_1_370' title='bbox 1175 4678 1382 4764; x_wconf 90' lang='lat' dir='ltr'><strong>proventibus</strong></span> <span class='ocrx_word' id='word_1_371' title='bbox 1411 4687 1444 4746; x_wconf 86' lang='lat' dir='ltr'><strong>et</strong></span> <span class='ocrx_word' id='word_1_372' title='bbox 1467 4699 1537 4765; x_wconf 91' lang='lat' dir='ltr'><strong>per·</strong></span> 
     </span>
     <span class='ocr_line' id='line_1_41' title="bbox 205 4785 1538 4872; baseline 0.003 -23"><span class='ocrx_word' id='word_1_373' title='bbox 205 4785 348 4851; x_wconf 88' lang='lat' dir='ltr'><strong>tinentiis</strong></span> <span class='ocrx_word' id='word_1_374' title='bbox 364 4787 519 4851; x_wconf 90' lang='lat' dir='ltr'><strong>universis</strong></span> <span class='ocrx_word' id='word_1_375' title='bbox 544 4786 586 4851; x_wconf 88' lang='lat' dir='ltr'><strong>ad</strong></span> <span class='ocrx_word' id='word_1_376' title='bbox 610 4785 858 4851; x_wconf 90' lang='lat' dir='ltr'><strong>matriculariam</strong></span> <span class='ocrx_word' id='word_1_377' title='bbox 881 4787 1102 4872; x_wconf 88' lang='lat' dir='ltr'><strong>spectantibus</strong></span> <span class='ocrx_word' id='word_1_378' title='bbox 1126 4787 1261 4853; x_wconf 90' lang='lat' dir='ltr'><strong>ecclesie</strong></span> <span class='ocrx_word' id='word_1_379' title='bbox 1285 4785 1538 4854; x_wconf 82' lang='lat' dir='ltr'><strong>deCudekoven</strong></span> 
     </span>
    </p>
   </div>
   <div class='ocr_carea' id='block_1_3' title="bbox 0 0 1826 5509">
    <p class='ocr_par' dir='ltr' id='par_1_3' title="bbox 0 0 1826 5509">
     <span class='ocr_line' id='line_1_42' title="bbox 0 0 1826 5509; baseline 0 1"><span class='ocrx_word' id='word_1_380' title='bbox 0 0 1826 5509; x_wconf 95' lang='lat' dir='ltr'><strong> </strong></span> 
     </span>
    </p>
   </div>
  </div>
 </body>
</html>
