3642 5509
745 418 815 478 1323
833 418 953 478 Jauuar
973 418 1015 476 l‘l.
1478 416 1529 475 113

196 601 236 668 ud
270 603 331 670 hoc
365 602 516 670 duxerint
547 602 764 686 eliquendum‚
796 602 844 668 eis
877 603 1018 667 oruuium
1048 608 1253 687 peccatorum
1277 601 1453 687 plenariam
1477 622 1524 668 re-

198 712 377 777 missionem
400 709 499 777 semcl
523 717 648 776 tautum
670 711 704 775 in
726 709 839 775 mortis
861 708 1006 795 periculo
1030 708 1186 793 impertiri
1209 708 1328 775 ualeat.

301 819 457 884 Provenit
480 838 522 883 ex
545 823 652 885 vestre
675 816 856 883 deuotionis
872 861 880 878 .
899 864 907 881 .
926 864 933 880 .
981 815 1056 880 Dat.
1081 814 1175 881 Aviu.
1193 814 1292 880 XVI*
1310 814 1355 880 lrl.
1372 815 1527 881 februarii

196 947 226 991 a.
250 924 453 991 duodecimo.

342 1048 417 1120 Req.
436 1050 475 1103 36
492 1047 517 1119 f.
536 1048 596 1103 332
612 1064 661 1102 rar.
681 1047 746 1102 927.

300 1336 421 1402 1373.
449 1338 537 1401 1323
558 1336 697 1402 Janaar
721 1337 775 1402 17.
807 1332 973 1422 Am'puoo.

300 1477 460 1543 Iohannes
481 1477 582 1542 XXII
605 1476 742 1543 Gerlaco
767 1476 876 1543 comiti
900 1475 942 1541 de
965 1476 1122 1543 Nassawe
1145 1484 1178 1543 et
1200 1479 1320 1563 Agneti
1343 1478 1412 1545 eius
1434 1478 1526 1544 uxori
1657 1532 1658 1535 ,

194 1584 327 1651 Treuer.
363 1584 447 1650 dioc.
485 1582 641 1669 indulget,
681 1590 716 1649 ut
752 1603 860 1649 eorum
896 1583 1059 1649 confessor
1088 1583 1244 1669 ydoneus,
1281 1605 1376 1668 quem
1398 1584 1441 1650 ad
1466 1583 1527 1651 hoc

194 1689 345 1757 duxerint
378 1690 574 1774 eligendum,
610 1691 657 1756 eis
689 1692 828 1757 omnium
861 1698 1066 1775 peccatorum
1100 1690 1277 1775 plenariam
1309 1692 1527 1757 remissionem

195 1799 293 1864 semel
316 1804 440 1864 tautum
462 1798 496 1861 iu
520 1799 631 1863 mortis
653 1797 796 1883 periculo
820 1795 1000 1862 concedere
1024 1797 1143 1864 ualeat.

300 1905 428 1970 Eximie
452 1904 634 1971 deuotionis
657 1904 810 1971 affectum
828 1956 836 1973 .
853 1950 888 1970 ..
936 1905 1011 1969 Dat.
1035 1904 1128 1969 Aviu.
1146 1904 1224 1970 XVI
1249 1905 1293 1971 kl.
1318 1904 1474 1971 februarii
1497 1926 1527 1971 a.

196 2009 397 2079 duodecimo.

378 2117 452 2188 Rep.
471 2118 510 2171 36
526 2116 552 2186 f.
571 2118 633 2172 332
649 2133 697 2172 rar.
716 2119 779 2174 923.

301 2381 426 2448 1380.
452 2383 540 2447 1323
564 2382 704 2448 Jaaaar
728 2384 781 2449 17.
818 2381 981 2470 Aoipnoo.

300 2524 462 2590 Iohannes
477 2523 578 2589 XXII
602 2523 741 2591 Gerlaco
765 2524 875 2591 comiti
898 2523 940 2591 de
963 2524 1120 2592 Nassawc
1143 2530 1176 2590 et
1199 2524 1318 2609 Agneti
1342 2526 1411 2593 eius
1433 2525 1525 2593 uxori

195 2630 326 2699 Treuer.
349 2631 434 2697 dioc.
458 2629 615 2715 indulget,
644 2633 734 2697 utin
758 2632 846 2714 Iocis,
878 2630 921 2697 ad
944 2652 1007 2715 quc
1030 2650 1084 2697 cos
1108 2632 1243 2698 forsitan
1267 2632 1428 2701 declinare
1452 2654 1527 2700 con·

195 2740 308 2824 tinget,
341 2739 439 2805 liceat
463 2738 510 2803 eis
538 2758 596 2823 per
626 2740 787 2824 proprium
813 2738 864 2804 vel
887 2739 985 2803 alium
1009 2737 1211 2805 sacerdotem
1233 2738 1407 2825 ydoneum,
1441 2747 1530 2807 autc·

195 2866 288 2929 quam
321 2845 488 2911 illucescat
520 2842 600 2926 dies,
637 2865 708 2909 cum
741 2843 775 2910 id
810 2864 851 2911 ex
890 2846 975 2910 iusta
1007 2863 1106 2913 causa
1134 2846 1181 2912 eis
1210 2846 1305 2912 luerit
1331 2854 1531 2933 oportunum,

194 2953 323 3019 missam
346 2952 457 3018 lacere
480 2950 647 3016 celebrari.

300 3059 435 3124 Sincere
459 3056 641 3123 deuotionis
663 3056 801 3124 affectus
818 3107 826 3123 .
845 3105 877 3124 ..
926 3059 1001 3124 Dat.
1026 3058 1120 3126 Aviu.
1144 3059 1224 3125 XVI
1247 3059 1294 3126 kl.
1318 3060 1472 3127 februarii
1497 3082 1526 3127 a.

196 3164 395 3233 duodecimo.

356 3290 429 3361 1309.
448 3290 486 3345 36
503 3289 529 3362 f.
548 3289 618 3346 332¹
635 3306 685 3347 nr.
704 3290 769 3347 930.

300 3542 418 3609 1381.
448 3544 537 3608 1323
559 3543 699 3610 Jauaar
723 3544 776 3610 17.
804 3542 969 3631 Aoipoon.

303 3682 476 3768 [Iohannes
499 3682 611 3768 XXII]
635 3683 774 3751 Gerlaco
798 3683 907 3751 comiti
931 3684 973 3752 dc
999 3685 1167 3756 Nassawc.

301 3790 430 3857 Eximie
453 3790 635 3857 devotionis
660 3791 796 3858 affectus
813 3842 820 3857 .
839 3842 872 3861 ..
920 3792 1000 3859 Cum
1024 3793 1143 3876 itaque,
1167 3794 1251 3859 sicut
1275 3814 1315 3860 ex
1338 3799 1450 3861 tenore
1473 3801 1530 3860 tue

195 3897 360 3984 petitionis
388 3899 580 3983 accepimus,
614 3898 756 3964 uouuulli
786 3899 928 3982 religiosi
961 3899 1192 3983 cisterciensis,
1226 3899 1467 3967 Predicatorum
1498 3908 1531 3967 et

194 4005 329 4072 aliorum
353 4005 499 4071 ordinum
527 4024 605 4090 sepe
633 4004 677 4070 ad
701 4004 829 4072 domum
852 4013 941 4072 tuam
966 4012 1166 4090 concurrant,
1196 4006 1312 4090 quibus
1335 4013 1457 4073 statuta
1480 4007 1530 4073 sui

194 4111 317 4178 ordinis
340 4132 428 4177 esum
452 4113 594 4178 carnium
618 4111 825 4195 interdicunt,
849 4119 882 4178 et
902 4113 1095 4180 laboriosum
1121 4115 1163 4178 sit
1186 4112 1300 4182 diebus
1323 4134 1386 4179 non
1411 4114 1530 4181 ieiuna·

194 4220 311 4285 bilibus
335 4217 454 4283 habere
478 4236 632 4303 personas
655 4219 701 4283 uti
726 4219 857 4286 cibariis
880 4220 943 4285 sibi
966 4222 1128 4305 appositio
1152 4240 1215 4286 uon
1232 4220 1387 4303 valentes,
1412 4241 1530 4288 uos...

195 4327 264 4410 tibi,
287 4332 324 4390 ut
346 4324 488 4409 religiosi
512 4325 583 4410 ipsi,
608 4324 780 4392 dummodo
798 4326 940 4393 uiatores
961 4328 1112 4411 existant,
1137 4326 1249 4393 dicbus
1273 4334 1391 4413 tamen,
1415 4329 1531 4413 quibus

193 4453 256 4499 uon
280 4440 330 4497 est
354 4450 427 4499 esus
451 4432 594 4497 carnium
617 4431 808 4499 interdictus
831 4434 863 4499 iu
888 4433 982 4499 domo
1006 4439 1072 4518 tua,
1087 4484 1095 4499 .
1113 4483 1146 4500 ..
1173 4434 1324 4500 carnibus
1347 4438 1435 4502 vesci
1459 4458 1531 4522 pos·

195 4541 266 4621 sint
285 4588 293 4604 .
312 4588 320 4604 .
338 4586 347 4604 .
370 4536 599 4622 indulgemus.
617 4588 625 4603 .
643 4588 651 4604 .
676 4539 752 4606 Dat.
769 4540 863 4607 Aviu.
881 4540 960 4606 XVI
976 4540 1021 4606 kl.
1043 4540 1194 4607 februarii
1218 4563 1249 4608 a.
1266 4540 1468 4613 duodecimo.

342 4661 417 4733 Rep.
441 4664 480 4716 36
495 4661 520 4731 f.
541 4663 578 4716 70
594 4678 643 4721 or.
663 4665 746 4720 1133.

302 4791 332 4851 a)
352 4785 392 4841 VI
411 4784 447 4841 in
464 4802 527 4859 req.

248 4890 369 4937 usam
383 4890 556 4946 ιιιωιωιι
1353 4886 1372 4949 3
