3642 5509
739 487 809 547 1327
828 487 959 547 October
980 486 1023 545 11.
1532 474 1567 546 83

223 676 331 738 nostro
364 676 397 736 et
428 672 612 737 Hermanno
646 670 688 738 de
718 670 861 738 llonreal
886 670 1064 737 Bonnensis
1090 670 1200 737 Goion.
1234 668 1318 737 dioc.
1353 670 1561 738 ecclesiarum

224 779 396 846 canonicis.

330 884 517 970 Apostolice
540 883 628 949 sedis
651 884 896 970 circumspecta.
953 883 1039 950 Sanc
1062 905 1120 969 pro
1144 892 1236 970 parte
1260 892 1368 951 vestra
1391 884 1485 951 nobis
1510 886 1564 951 oh-

222 991 290 1057 lata
312 991 427 1075 petitio
451 992 646 1074 continebat,
671 991 757 1074 quod
781 992 856 1057 olim
872 1012 930 1057 vos
955 1011 995 1057 cx
1019 992 1106 1057 iussu
1130 999 1163 1057 et
1186 992 1319 1077 speciali
1347 990 1563 1058 mandato...

223 1098 459 1183 archiepiscopi
483 1097 681 1164 Coloniensis
709 1119 768 1183 pro
798 1100 919 1165 iuribus
943 1106 975 1163 et
1004 1098 1177 1164 honoribus
1202 1098 1338 1164 ecclesie
1362 1098 1563 1165 Coloniensis

224 1203 448 1271 deffendendis
472 1213 506 1271 ct
528 1203 761 1271 conservandis
784 1206 816 1269 in
840 1206 950 1271 multis
973 1206 1066 1273 bellis
1091 1214 1123 1271 et
1147 1204 1358 1282 conflictibus,
1388 1208 1422 1271 in
1446 1206 1563 1289 quihus

223 1310 315 1376 multi
338 1310 500 1376 interfecti
524 1311 663 1392 inerunt,
687 1317 855 1397 presentes
878 1312 1090 1397 personaliter
1114 1313 1276 1394 extitistis,
1301 1320 1487 1379 nontamen
1504 1333 1562 1379 vos

223 1418 362 1500 aliquem
386 1417 592 1484 interfecistis
616 1417 668 1483 vel
699 1419 872 1484 mutilastis
895 1425 952 1484 aut
975 1420 1006 1484 in
1032 1427 1165 1484 mortem
1189 1420 1431 1485 interfectorum
1457 1420 1562 1486 huius-

223 1524 311 1590 modi
338 1524 494 1590 auxilium
522 1524 689 1590 consilium
713 1526 765 1591 vel
794 1526 938 1591 favorem
963 1525 1108 1592 dedistis.
1153 1526 1260 1605 Quare
1283 1528 1376 1593 nobis
1399 1526 1562 1593 humiliter

223 1631 441 1717 supplicastis,
465 1638 500 1697 ut
523 1631 693 1717 providere
717 1633 809 1698 vobis
832 1652 928 1718 super
951 1632 1014 1699 hoc
1037 1632 1078 1697 de
1102 1639 1259 1717 oportune
1283 1632 1424 1699 remedio
1448 1633 1561 1718 digna·

223 1758 337 1804 remor.
379 1740 452 1806 Nos
474 1740 575 1822 igitur
601 1787 660 1804 ...
690 1746 725 1804 ut
747 1739 915 1806 confessor
938 1746 1045 1805 vester
1067 1789 1074 1805 .
1093 1789 1127 1805 ..
1151 1760 1210 1805 ros
1234 1746 1266 1805 et
1289 1746 1427 1805 vestrum
1453 1760 1561 1823 quem-

224 1847 304 1911 lihet
327 1848 369 1913 ab
394 1846 733 1912 excommunicationis
757 1846 919 1911 sententia
943 1896 1003 1913 ...
1030 1847 1198 1913 absolvere
1222 1854 1255 1912 ot
1277 1845 1441 1913 vobiscum
1466 1866 1562 1934 super

224 1954 474 2036 irregularitate,
510 1954 538 2019 si
562 1973 642 2036 quas
666 1973 707 2019 er
730 1952 792 2020 hiis
819 1954 957 2020 forsitan
981 1954 1154 2037 incurritis,
1179 1951 1365 2038 dispensare
1385 2002 1392 2019 .
1417 1954 1559 2038 .valeat,

224 2112 233 2125 .
250 2114 258 2128 .
275 2111 283 2127 .
300 2061 504 2144 indulgemus
521 2109 528 2125 .
544 2109 574 2125 ..
615 2061 690 2125 Dat.
707 2060 802 2127 Avin.
819 2062 852 2125 ll
869 2082 970 2127 nonas
986 2062 1126 2128 octobris
1146 2082 1176 2127 a.
1194 2060 1394 2130 duodecimo.

388 2187 461 2257 ch.
480 2186 519 2239 85
536 2184 559 2255 f.
581 2186 637 2238 186
655 2199 705 2240 nr.
722 2186 796 2250 514,·
823 2186 876 2240 Ra.
896 2186 961 2239 915.

331 2458 459 2531 1804.
484 2462 733 2528 lacunarota
757 2464 809 2530 11.
838 2460 1004 2550 Aoipnoa.

332 2601 505 2688 [lohannes
528 2603 639 2688 XXII]
674 2604 919 2691 archiepiscopo
944 2605 1137 2671 Trevercnsi
1172 2611 1205 2671 et
1235 2605 1348 2672 abbati
1381 2604 1553 2670 monasteri

225 2708 267 2776 de
289 2710 516 2795 Lucemhurga
539 2730 578 2776 ac
601 2710 830 2778 archidiacono
854 2713 1054 2778 Treverensi.

330 2816 450 2883 Potitio
474 2817 639 2884 carissime
666 2819 698 2883 in
722 2818 849 2885 Christo
872 2819 937 2885 filie
961 2825 1069 2886 nostre
1093 2819 1266 2886 Elisabeth
1294 2820 1406 2903 regina
1429 2820 1559 2899 Boemie

222 2925 355 2991 illustris
377 2926 470 2991 nohis
493 2945 594 3011 nuper
617 2925 763 2992 exhibita
787 2926 984 3011 continebat,
1009 2926 1094 3010 quod
1119 2936 1184 2992 tam
1209 2933 1306 3011 capnt
1329 2926 1363 2993 S.
1386 2926 1560 3011 Margarite

224 3053 318 3116 quam
343 3032 492 3098 nonnulle
515 3032 580 3098 alic
603 3033 794 3099 Sanctorum
823 3033 957 3116 reliquie
987 3054 1087 3119 penes
1111 3034 1199 3100 clare
1222 3033 1374 3099 memorie
1397 3034 1559 3100 Wentues·

222 3139 308 3205 lanm
343 3146 467 3225 patrem
503 3147 536 3205 et
570 3147 644 3225 post
678 3140 747 3206 eius
781 3141 903 3206 obitum
938 3160 1038 3225 penes
1062 3140 1298 3207 chtaeslaum
1322 3140 1452 3205 fratrem
1483 3160 1558 3206 suos

223 3266 316 3330 reges
340 3246 483 3329 Boemie,
517 3266 578 3329 que
602 3245 645 3311 ad
669 3266 724 3312 eos
752 3248 845 3312 iuste·
868 3253 1091 3332 pervenerant,
1125 3247 1254 3312 fuerunt
1286 3266 1357 3312 oum
1387 3246 1558 3313 devotione

222 3355 363 3420 maxima
387 3352 558 3436 custodita,
589 3352 738 3436 quodque
761 3352 813 3419 bo.
836 3374 898 3419 me.
922 3354 1037 3420 Petrus
1065 3353 1328 3439 archiepiscopus
1350 3351 1558 3437 Magantinus

223 3468 320 3546 capnt
345 3466 378 3525 et
401 3460 482 3525 alias
506 3460 697 3526 Sanctorum
731 3460 882 3543 reliquias
915 3460 1102 3546 supradicta
1134 3458 1178 3526 ad
1210 3461 1313 3545 ipsam
1343 3460 1488 3543 reginam
1511 3482 1559 3527 ra-

222 3566 421 3634 tionabiliter
453 3567 648 3653 pertinentia
679 3588 738 3652 pro
771 3566 910 3650 quadam
943 3587 1067 3633 summa
1091 3566 1227 3653 pecunie
1250 3568 1319 3633 sine
1342 3566 1425 3633 scitu
1449 3575 1482 3633 et
1505 3588 1558 3634 vo·

222 3675 346 3740 luntate
370 3674 470 3759 ipsius
493 3674 603 3757 regine
626 3675 819 3740 auctoritate
842 3676 973 3761 propria
996 3674 1154 3761 asportari
1179 3696 1235 3742 seu
1262 3675 1378 3742 deduci
1403 3675 1498 3741 fecit.
1521 3724 1558 3740 ..

222 3780 330 3859 Quare
354 3782 483 3866 prefata
506 3782 618 3866 regina
641 3781 734 3848 nohis
750 3781 913 3848 humiliter
927 3784 1133 3868 supplicavit,
1156 3791 1210 3849 ut.
1228 3834 1236 3850 .
1256 3833 1263 3849 .
1280 3783 1558 3869 archiepiscopum

222 3896 256 3955 et
272 3938 279 3953 .
298 3937 306 3953 .
324 3888 499 3974 capitulum
516 3888 661 3973 lingunt.
685 3910 725 3955 ac
748 3890 891 3973 singulas
915 3910 1068 3975 personas
1092 3889 1133 3956 de
1149 3890 1219 3976 ipso
1236 3891 1388 3977 capitulo,
1413 3888 1456 3956 ad
1478 3910 1557 3973 quos

222 4003 320 4082 caput
344 4003 378 4061 et
402 3997 535 4079 reliquie
557 3994 745 4081 supradicta
768 3999 954 4082 pervenisse
979 3997 1139 4081 dicuntur,
1164 4018 1235 4064 cum
1259 3999 1311 4081 sit,
1336 4004 1371 4065 ut
1395 3998 1557 4074 asseritur,

220 4110 338 4189 paratu
360 4104 484 4169 solvere
507 4104 677 4190 pecuniam
699 4103 929 4189 supradictam,
959 4104 1002 4170 ad
1026 4104 1259 4171 restitutionem
1365 4104 1557 4190 compellere

223 4261 231 4277 .
249 4259 257 4273 .
275 4258 282 4274 .
300 4210 515 4295 dignaremur.
548 4210 632 4290 Quia
656 4231 730 4277 vero
747 4210 788 4277 de
804 4214 959 4297 premisso
983 4212 1131 4279 notitiam
1153 4233 1216 4278 non
1241 4213 1407 4295 habemus,
1422 4261 1429 4276 .
1445 4260 1474 4276 ..
1494 4211 1558 4277 dis-

222 4319 359 4385 cretioni
382 4325 566 4384 vestre...
589 4320 815 4385 committimus
838 4325 871 4385 et
894 4318 1095 4403 mandamus,
1119 4322 1268 4403 quatinus
1296 4368 1357 4386 ...
1386 4326 1490 4385 utrum
1515 4316 1557 4383 ad

222 4425 344 4491 dictam
368 4425 514 4510 reginam
537 4425 588 4491 vel
611 4423 655 4491 ad
679 4426 848 4492 ecclesiam
871 4426 1092 4510 Magantinam
1121 4475 1181 4492 ...
1207 4426 1395 4513 supradicta
1418 4425 1558 4492 debcant

221 4534 394 4619 pertinere,
427 4552 485 4598 ros
512 4532 657 4618 plenarie
679 4533 858 4599 informetis
881 4541 915 4599 et
937 4534 1062 4599 illorum
1087 4534 1221 4600 alterum
1255 4581 1314 4599 ...
1339 4532 1470 4599 faciatis

222 4639 439 4726 predictorum
462 4639 601 4724 pacifica
623 4640 825 4724 possessione
847 4640 991 4725 gaudere
1013 4691 1020 4707 .
1048 4690 1055 4707 .
1083 4690 1091 4707 .
1139 4640 1214 4707 Dat.
1238 4640 1335 4708 Avin.
1360 4641 1388 4706 V
1411 4638 1484 4709 idus
1508 4658 1558 4705 oe

223 4749 324 4814 tohris
346 4768 377 4813 a.
401 4746 603 4814 duodecimo.

383 4874 458 4947 ch.
475 4872 556 4949 dos.
576 4873 641 4931 127‘
659 4889 707 4930 or.
726 4876 798 4942 348,-
817 4874 871 4933 Ra.
890 4872 985 4933 920a.
