3642 5509
280 438 332 498 300
822 443 893 498 1330
910 441 1029 500 Januar
1048 441 1072 500 7.

387 623 475 690 Inter
498 624 654 708 obsequia
677 623 737 690 deo
765 673 824 690 ...
858 625 945 691 Sane
969 646 1040 691 cum
1065 645 1122 692 nos
1147 624 1265 691 dudum
1285 674 1318 690 ..
1345 625 1546 692 Theoderico
1570 625 1611 692 de

280 731 424 800 Essende
449 734 602 798 canonico
626 733 762 798 ecclesie
779 733 813 798 S.
831 731 961 798 Andree
978 732 1178 800 (tolonensis
1194 732 1235 799 dc
1257 733 1452 817 parrochiali
1476 734 1613 800 ecclesia

279 839 515 906 Baoheraoensi
538 841 747 906 Treverensis
771 840 909 906 diocesis
934 847 1008 905 tuno
1033 848 1121 906 certo
1146 839 1240 906 modo
1265 847 1403 907 vacante
1428 840 1612 909 duxerimus

278 946 511 1033 providendum
547 948 679 1032 ipseque
721 949 789 1013 eius
833 949 1066 1031 possessionem
1110 947 1277 1032 pacificam
1311 967 1368 1032 per·
1397 947 1611 1015 venerabilem

279 1056 411 1120 fratrem
427 1060 567 1120 nostrum
585 1102 591 1117 .
612 1055 868 1120 .Treuereusem
891 1055 1169 1140 archiepiscopum
1194 1053 1366 1141 impeditus
1383 1076 1439 1140 pro
1457 1075 1505 1138 eo,
1528 1055 1611 1138 quod

278 1164 311 1228 in
334 1164 479 1229 Romana
513 1163 602 1226 ouria
633 1162 795 1244 ohsequiis
819 1163 1012 1228 uenerabilis
1036 1161 1146 1228 fratris
1175 1163 1275 1228 nostri
1300 1162 1431 1227 Hernici
1456 1162 1612 1248 archiepi-

279 1271 367 1356 scopi
393 1270 571 1354 hlagnntiui
603 1271 732 1354 insistit,
765 1269 907 1335 nondum
941 1271 1079 1356 potuerit
1111 1268 1259 1355 adipisci,
1294 1269 1499 1336 nobilitatem
1524 1277 1609 1337 tuam

279 1397 453 1462 rogamus.
472 1427 479 1442 .
498 1428 505 1442 .
523 1378 673 1461 quatinus
691 1427 698 1442 .
717 1427 724 1442 .
743 1427 750 1443 .
767 1385 802 1444 ut
824 1380 1060 1463 possessionem
1085 1376 1226 1444 eiusdem
1249 1377 1459 1463 parrochialis
1476 1377 1612 1445 ecclesie

279 1485 311 1550 ln
339 1492 395 1550 tua
428 1485 549 1550 ditione
582 1485 723 1551 extantia
757 1483 895 1570 adipisci
930 1504 1064 1569 eamque
1092 1486 1230 1550 retinere
1254 1485 1389 1570 pacifice
1414 1486 1531 1568 valeat,
1565 1486 1613 1552 sic

279 1592 358 1658 velis
391 1591 496 1658 eidem
530 1593 681 1658 assistere
714 1593 842 1657 auxiliis
867 1592 1009 1658 consiliis
1032 1591 1199 1677 oportunis
1229 1641 1237 1657 .
1266 1641 1274 1656 .
1304 1641 1311 1657 .
1358 1594 1433 1658 Dat.
1459 1595 1552 1658 Avin.
1576 1599 1612 1658 ut

278 1719 375 1785 snpra
398 1700 517 1781 (=Vll
541 1699 613 1765 idus
636 1700 773 1765 ianuarii
797 1721 826 1763 a.
851 1697 1117 1781 quartodecimo).

437 1828 510 1898 Ray.
530 1829 583 1881 115
601 1841 647 1896 ps.
668 1826 703 1880 ΙΙ
717 1826 741 1895 f.
762 1825 825 1880 160‘
843 1842 891 1880 nr.
912 1827 1001 1892 190&
1023 1827 1074 1882 Ra.
1089 1827 1172 1881 1244.

387 2074 508 2142 1827.
537 2077 624 2141 1330
647 2076 787 2142 Jouuor
811 2079 840 2140 7.
867 2073 1033 2162 Aoipaou.

384 2218 543 2284 lohannes
569 2218 666 2282 XXII
695 2218 831 2284 Iohanni
856 2225 931 2283 nato
956 2217 1114 2284 Ludovici
1139 2219 1267 2285 baronis
1291 2226 1324 2284 et
1347 2217 1552 2303 burchgravii
1575 2219 1608 2283 in

279 2326 469 2391 Hamerston
499 2324 622 2390 confert
645 2325 723 2390 ecel.
753 2325 884 2391 Trever.
909 2324 1144 2408 canonicatum,
1180 2325 1376 2411 prebendam
1405 2346 1480 2392 vero
1505 2326 1609 2392 eidem

277 2438 431 2498 reservat.

384 2539 560 2606 Probitatis
584 2544 637 2604 tuo
660 2539 847 2605 merita...
876 2538 952 2604 Dat.
970 2538 1064 2604 rivin.
1091 2540 1152 2605 Vll
1176 2539 1247 2606 idus
1271 2541 1406 2606 ianuarii
1430 2562 1460 2606 a.
1485 2548 1610 2625 quarto-

277 2643 461 2711 tiodecimo.

384 2751 422 2818 In
447 2772 473 2818 e.
498 2775 539 2818 m.
576 2753 607 2819 S.
630 2752 836 2820 Pantaleonls
860 2760 893 2819 et
917 2754 950 2820 S.
974 2753 1103 2820 Martini
1128 2755 1237 2821 Calon.
1268 2756 1529 2822 monasteriorum
1555 2755 1610 2821 ah·

278 2859 407 2926 batibus
430 2880 469 2926 ao
493 2861 633 2927 Henrioo
657 2860 698 2927 de
722 2861 845 2927 luliaco
870 2863 1026 2927 canonico
1050 2862 1260 2930 Traiectensi.

438 2985 510 3056 Rep.
531 2985 569 3039 94
586 3001 634 3039 ur.
653 2985 718 3040 507.

381 3225 506 3292 1828.
534 3229 622 3292 1330
644 3229 783 3293 Jaauor
807 3231 837 3292 7.
866 3227 1032 3314 Avipuoa.

385 3368 544 3435 Iohannes
569 3369 667 3434 XXII
704 3368 877 3435 Frederico
907 3377 984 3435 nato
1008 3369 1166 3434 Ludovici
1197 3370 1325 3435 baronis
1349 3377 1380 3434 et
1405 3369 1610 3453 burchgravii

277 3480 309 3543 iu
334 3479 524 3544 Hamerstcn
548 3478 673 3542 confert
696 3478 776 3542 eccl.
807 3477 841 3542 S.
866 3477 987 3542 Florini
1016 3477 1047 3541 in
1072 3475 1271 3543 Confluentis
1295 3477 1425 3542 Trever.
1452 3476 1535 3542 dioc.
1561 3496 1610 3542 ca·

276 3587 471 3668 nonicatum,
495 3585 692 3670 prebendam
718 3604 793 3649 vero
818 3583 925 3648 cidem
948 3591 1100 3649 reservat.

383 3692 603 3777 Suffragantia
627 3692 685 3756 tibi
709 3693 824 3756 merita
852 3739 859 3755 .
888 3739 894 3753 .
927 3740 934 3755 .
997 3692 1071 3756 Dat.
1096 3691 1189 3756 Avin.
1217 3692 1277 3756 Vll
1308 3691 1379 3757 idus
1413 3693 1550 3758 ianuarii
1579 3713 1609 3758 a.

277 3799 529 3882 quartodecimo.

383 3908 420 3971 In
444 3927 471 3971 e.
496 3927 537 3971 m.
573 3905 606 3970 S.
631 3905 837 3972 Pantaleonis
860 3913 894 3970 ct
918 3907 951 3972 S.
976 3906 1107 3972 Martini
1132 3906 1241 3972 Colon.
1268 3908 1529 3973 monasteriorum
1555 3908 1608 3973 ab·

277 4013 405 4079 batibus
428 4033 467 4079 ao
491 4013 631 4079 Henrico
655 4012 696 4078 de
719 4013 843 4079 luliaco
867 4015 1022 4079 canonico
1047 4014 1256 4081 Traiectcnsi.

436 4138 509 4207 Rep.
529 4139 567 4192 95
585 4153 633 4191 nr.
652 4137 719 4192 943.

380 4360 504 4427 1829.
531 4362 618 4426 1330
641 4361 779 4428 Joauor
803 4364 832 4425 7.
856 4359 1021 4448 Aoipuou.

383 4503 542 4570 Iohannes
563 4505 662 4570 XXlI
697 4505 832 4571 iohanni
863 4505 997 4570 Welteri
1030 4503 1071 4570 de
1103 4506 1202 4571 Porta
1226 4506 1338 4571 hlautis
1370 4505 1496 4571 confert
1529 4507 1606 4571 eccl.

275 4612 309 4676 S.
326 4611 496 4677 Kuniherti
514 4611 624 4677 Colon.
649 4613 884 4696 canonicatum,
909 4611 1105 4698 prebendam
1130 4633 1205 4679 vero
1230 4632 1268 4678 ac
1285 4613 1422 4679 officium
1446 4613 1514 4678 siue
1531 4631 1608 4678 cura

276 4720 307 4783 in
332 4717 444 4784 cadem
469 4719 573 4785 eidem
597 4727 749 4803 reservat,
774 4721 1010 4785 nonobstante
1035 4719 1120 4803 qurod
1145 4722 1175 4785 in
1200 4721 1277 4786 eccl.
1304 4721 1483 4804 Angarcnsi
1507 4720 1606 4787 Osna·

276 4826 444 4911 burgensis
468 4826 551 4892 dioc.
577 4828 800 4894 canonicatum
824 4828 883 4894 suh
908 4827 1133 4913 expectatione
1156 4827 1320 4913 prebende
1344 4827 1476 4893 obtinet.
