3642 5509
240 426 294 481 292
755 423 826 480 1329
844 423 1013 482 December
1034 421 1059 480 6.

240 612 328 672 teras
351 626 447 691 snper
471 606 533 671 hiis
556 606 719 691 deputatis
744 612 799 671 aut
821 606 1106 672 subcollectoribus
1132 605 1361 672 constituendis
1378 606 1481 671 abeis
1504 603 1573 670 sine

241 712 428 778 difficultate
452 713 593 796 qualibet
616 713 832 798 persolvatis.
863 763 870 778 .
900 763 907 778 .
954 714 1030 778 Dat.
1056 719 1090 778 ut
1112 734 1210 799 supra
1239 716 1290 794 (=
1308 713 1403 779 Avin.
1427 712 1498 779 idus
1522 711 1573 778 de-

241 820 377 886 cembris
400 842 429 886 a.
455 820 720 904 quartodecimo).

400 963 473 1033 Rep.
493 964 548 1017 115
564 979 611 1033 ps.
631 963 665 1016 11
679 963 705 1031 f.
724 966 788 1018 148*
807 963 964 1028 nr.1862;
984 963 1037 1018 Ra.
1057 963 1142 1017 1233.

346 1311 465 1378 1810.
503 1315 589 1378 1329
613 1314 797 1379 December
820 1317 849 1378 6.
873 1311 1039 1400 Aoipuen.

351 1456 518 1521 Iohannes
542 1458 652 1520 XXII
671 1458 859 1521 Henderico
878 1459 1054 1541 preposito
1080 1458 1114 1522 S.
1132 1458 1285 1523 Severini
1315 1453 1427 1522 Coton.
1453 1465 1483 1522 et
1507 1457 1572 1523 Go-

242 1564 415 1629 deachetco
448 1564 488 1628 de
521 1565 698 1650 Bucherglz
730 1565 903 1629 scolastico
937 1565 1114 1629 Buunensi
1146 1567 1297 1653 mundat,
1329 1567 1489 1650 quatinus
1522 1567 1572 1630 de·

241 1670 362 1735 cimam
385 1671 602 1735 senennulem
625 1673 694 1735 ium
718 1691 740 1735 n
762 1669 928 1736 Clemente
949 1672 977 1734 V
997 1673 1199 1756 impositam,
1224 1673 1260 1736 in
1281 1673 1458 1757 prouincia
1484 1670 1574 1738 Coto·

240 1778 352 1842 aiensi
374 1777 544 1863 colligant.

346 1918 518 2003 [Iohannes
541 1918 654 2002 XXII]
691 1918 871 1985 Heudcrieo
900 1922 1065 2006 preposito
1090 1921 1123 1988 S.
1148 1921 1296 1987 Severini
1321 1921 1518 1988 Coloniensis
1543 1929 1574 1987 et

241 2025 465 2093 Goclesehalce
489 2026 529 2091 de
546 2025 713 2111 Barbergh
738 2027 909 2092 scolastico
928 2028 1105 2093 Burrnensis
1122 2027 1231 2095 Gelon.
1249 2028 1334 2094 dioc.
1357 2028 1573 2094 eeclesiarum.

347 2133 475 2198 Dudum
505 2133 546 2198 fe.
570 2153 614 2197 re.
640 2140 700 2198 etc.
726 2140 761 2198 ut
789 2155 887 2218 supra
920 2137 1064 2220 proxime
1099 2135 1167 2222 (Cf.
1186 2139 1371 2222 precedens
1395 2159 1447 2202 nr.
1474 2139 1572 2216 1809)

241 2259 354 2322 usque:
388 2239 584 2323 dinoscatur,
608 2239 794 2306 discretioni
819 2250 925 2306 vestre
950 2291 1009 2306 ...
1034 2242 1232 2326 maridamus,
1267 2244 1417 2326 quatinus
1440 2265 1459 2308 a
1484 2265 1574 2308 vene·

240 2347 394 2412 rabilibus
416 2347 570 2412 fratribus
594 2345 836 2432 archiepiscopo
862 2349 1045 2414 Coloniensi
1069 2349 1202 2432 eiusque
1226 2350 1441 2434 suffraganeis
1466 2372 1504 2416 ae
1528 2349 1573 2415 di-

241 2453 333 2519 lectis
375 2453 448 2518 filiis
484 2454 654 2520 abhatibus
688 2460 749 2519 etc.
786 2461 821 2520 ut
855 2475 952 2540 supra
988 2475 1109 2538 usque:
1158 2457 1420 2534 consistentibus,
1460 2457 1575 2540 quibus

240 2566 366 2626 nostras
390 2561 471 2625 alias
494 2560 620 2626 litteras
643 2581 739 2646 super
762 2561 825 2627 hiis
849 2561 1028 2646 dirigimus,
1051 2583 1109 2647 per
1132 2582 1189 2628 sex
1212 2584 1311 2628 annos
1335 2566 1480 2650 proximo
1504 2564 1575 2629 snb-

240 2674 410 2751 sequentes
444 2667 603 2733 decimam
636 2667 815 2751 predictam
844 2670 877 2732 in
906 2669 1031 2735 duobus
1055 2670 1197 2736 terminis
1221 2671 1356 2754 siugulis
1380 2673 1472 2737 annis
1496 2670 1574 2736 dicti

240 2775 396 2857 sexennii,
422 2795 502 2857 quos
525 2774 572 2840 eis
596 2780 628 2841 et
652 2796 760 2841 eorum
784 2777 918 2860 singulis
942 2797 1000 2862 per
1023 2775 1153 2842 easdem
1177 2778 1303 2845 litteras
1327 2777 1477 2845 duximus
1500 2799 1574 2864 pre-

239 2880 397 2965 figendas,
430 2881 634 2948 medietatem
668 2881 821 2950 videlicet
854 2884 886 2948 in
919 2885 1089 2950 nativitate
1122 2885 1158 2950 B.
1183 2884 1337 2952 Iohannis
1360 2887 1507 2972 Baptiste
1543 2895 1575 2952 et

241 2988 337 3053 aliam
360 2990 393 3053 in
418 2989 450 3054 S.
476 2989 605 3055 Andree
638 2991 777 3074 apostoli
809 2991 1042 3057 festivitatibus
1072 2997 1182 3076 petere
1212 2993 1344 3075 exigere
1376 2999 1408 3058 et
1431 2995 1575 3079 recipere

240 3102 348 3161 nostro
377 3104 409 3162 et
438 3098 575 3162 ecclesie
598 3103 773 3163 memorate
797 3097 924 3163 nomine
948 3118 1006 3183 per
1030 3118 1086 3164 vos
1111 3105 1142 3163 et
1165 3099 1417 3166 subcollectores
1441 3121 1460 3165 a
1484 3102 1575 3167 vohis

238 3203 271 3266 in
303 3205 437 3286 singulis
471 3204 656 3270 civitatibus
689 3213 722 3269 et
755 3204 938 3271 diocesibus
968 3204 1053 3270 dicte
1082 3207 1247 3290 provincie
1275 3206 1478 3292 deputandos
1503 3229 1573 3273 cuum

238 3310 426 3392 integritate
456 3311 588 3394 curetis,
617 3310 776 3376 facientes
804 3312 896 3377 vobis
924 3332 981 3396 per
1010 3312 1140 3378 eosdem
1163 3313 1413 3382 subcollectores
1438 3315 1572 3381 eandem

241 3415 398 3482 decimam
422 3418 454 3482 in
478 3418 612 3502 singulis
636 3416 780 3484 terminis
809 3417 974 3502 predictis,
1009 3440 1081 3484 eum
1115 3421 1233 3486 collata
1267 3421 1373 3505 fuerit,
1410 3424 1574 3507 assignare

240 3522 282 3587 ad
310 3523 397 3588 sedis
426 3523 604 3609 apostolice
636 3545 795 3589 cameram
827 3525 1030 3609 postmodum
1063 3527 1262 3610 integraliter
1286 3530 1574 3612 transmittendam,

242 3649 460 3712 quoscumque
494 3629 748 3696 contradictores
779 3651 876 3716 super
907 3631 969 3696 hiis
994 3638 1025 3697 et
1049 3633 1185 3700 rebelles
1215 3635 1441 3719 cuiuscumque
1472 3636 1575 3720 digni-

240 3736 317 3802 tatis
431 3739 625 3802 auctoritate
658 3743 768 3803 nostra
801 3739 1019 3823 appellatione
1046 3742 1226 3824 postposita
1255 3742 1576 3826 compescendo...

243 3843 396 3909 Volumus
412 3851 529 3928 autem,
544 3843 628 3928 quod
652 3845 900 3911 subcollectores
916 3846 1079 3930 predictos
1096 3849 1297 3932 assignantes
1313 3850 1403 3914 vobis
1419 3848 1576 3915 decimam

244 3950 442 4016 antedictam
469 3951 605 4016 valeatis
634 3952 801 4018 absolvere
832 3953 956 4037 plenius
980 3961 1012 4018 ct
1041 3956 1165 4036 quitare
1189 3955 1230 4020 de
1254 3955 1324 4039 hiis,
1354 3956 1512 4038 quoinde
1536 3959 1577 4022 ah

239 4057 318 4142 ipsis
350 4059 494 4143 recipere
527 4078 585 4124 vos
618 4058 792 4144 continget,
826 4059 977 4126 faciendo
1010 4082 1105 4147 super
1135 4063 1269 4146 singulis
1300 4063 1574 4146 assignationibus

240 4164 421 4230 huiusmodi
454 4164 517 4230 duo
552 4166 666 4231 confici
699 4167 877 4233 consimilia
907 4169 1037 4253 publica
1065 4170 1285 4253 instrumenta,
1320 4189 1451 4253 quorum
1475 4171 1576 4237 altero

239 4291 339 4357 penes
362 4291 418 4336 eos
442 4271 572 4340 dimisso
596 4273 752 4356 reliquum
777 4274 819 4340 ad
844 4275 979 4341 eandem
1004 4277 1130 4341 mittere
1159 4295 1317 4342 cameram
1342 4298 1404 4342 non
1430 4277 1574 4362 tardetis,

240 4379 343 4464 ipsam
379 4379 586 4446 certificaturi
622 4382 847 4449 nichilominus
882 4382 924 4449 de
959 4385 1120 4468 premissis
1156 4384 1243 4450 clarc
1277 4383 1516 4470 particulariter
1544 4393 1576 4451 ct

241 4484 403 4552 distincte.
451 4488 527 4553 Dat.
560 4494 595 4553 ut
628 4508 726 4575 supra
761 4493 813 4572 (ε
843 4491 939 4556 Avin.
970 4492 1048 4556 VllI
1077 4491 1149 4556 idus
1176 4490 1355 4557 decembris
1387 4513 1417 4557 a.
1451 4499 1577 4576 quarto-

242 4589 378 4659 decimo.

389 4735 462 4808 sep.
483 4739 537 4791 115
554 4753 601 4807 ps.
621 4737 695 4810 ruf.
715 4739 771 4794 149
789 4756 836 4794 ur.
859 4742 948 4807 rosa·
969 4740 1020 4796 ne.
1041 4741 1119 4796 1233
1139 4757 1169 4795 u.
1190 4743 1215 4795 1.
