3642 5509
277 399 331 456 496
807 398 877 454 1336
896 398 1033 454 Bebrnar
1052 395 1118 494 231

278 581 466 646 canonicum
491 599 552 644 uon
576 580 721 660 obsistat,
756 579 878 644 faciant
909 578 942 643 in
967 578 1055 645 dicto
1079 579 1284 661 monasterio,
1317 579 1344 644 si
1374 598 1437 659 qua
1461 577 1502 644 de
1525 576 1617 644 dicto

276 708 407 754 numero
427 687 518 752 deest
534 685 576 751 ad
593 705 725 771 presens
742 687 792 752 vel
810 707 905 770 quam
923 688 1059 772 primum
1076 685 1225 762 defuerit,
1246 685 1347 771 recipi
1364 687 1395 751 in
1412 685 1617 751 monacham.

384 793 580 860 Prudentum
611 792 771 877 virginum
803 795 887 858 votis
912 843 920 858 .
946 842 954 857 .
979 844 986 858 .
1041 793 1117 859 Dat.
1141 794 1237 858 Avin.
1262 793 1359 858 VIIII
1383 792 1428 857 kl.
1452 793 1559 857 martii
1582 813 1615 857 a.

276 902 429 969 seeundo.

431 1009 503 1076 ch.
523 1009 576 1063 121
594 1022 641 1060 ar.
662 1007 739 1074 262;
765 1007 816 1062 Re.
837 1008 910 1061 1777
930 1022 960 1062 a.
979 1007 1007 1060 2.

383 1240 527 1309 *2252
554 1243 641 1306 1336
664 1240 818 1307 Febraar
841 1243 894 1306 28.
924 1240 1089 1327 Aoiqaoa.

384 1378 578 1445 Benedictus
603 1379 692 1464 [XII]
726 1379 889 1465 preposito
919 1378 1056 1445 ecclesie
1081 1379 1114 1444 S.
1139 1377 1304 1444 Cuniberti
1329 1377 1438 1445 Colon.
1456 1377 1612 1461 mandat,

277 1487 426 1570 quatinus
449 1507 498 1566 ea,
528 1507 590 1570 que
620 1486 661 1551 de
691 1487 783 1552 honis
807 1486 990 1552 nrouasterii
1015 1487 1049 1552 S.
1074 1486 1203 1570 Agathe
1228 1486 1426 1552 Coloniensis
1447 1505 1506 1571 per
1528 1487 1614 1570 prio

276 1596 388 1661 rissam
422 1593 507 1660 soliti
540 1593 712 1678 gubernari
737 1593 805 1658 ord.
830 1593 862 1659 S.
888 1595 1025 1677 August.
1050 1593 1191 1658 alienata
1224 1594 1383 1660 invenerit
1414 1594 1525 1660 illicite
1558 1594 1611 1658 vel

276 1702 441 1786 distracta,
473 1700 514 1767 ad
544 1701 684 1768 eiusdem
710 1702 759 1767 ius
783 1708 815 1766 ct
840 1701 1070 1786 proprietatem
1102 1701 1245 1784 legitime
1275 1721 1427 1767 revocare
1450 1710 1610 1786 procuret.

382 1809 434 1874 Ad
458 1809 654 1875 audientiam
679 1815 819 1875 nostram
843 1811 992 1894 pervenit
1016 1858 1023 1872 .
1051 1859 1058 1873 .
1084 1859 1091 1874 .
1139 1810 1214 1874 Dat.
1240 1809 1334 1874 Avin.
1356 1809 1405 1873 lll
1429 1808 1473 1873 kl.
1496 1810 1609 1874 marcii

300 1940 354 1984 .n.
372 1940 401 1984 a.
426 1915 579 1983 secundo.

274 1940 296 2004 p
443 2022 594 2079 Cartalar.
614 2021 644 2078 S.
664 2021 810 2093 Apelleae.
831 2021 931 2078 Coton.
951 2023 1007 2094 fol.
1018 2024 1062 2077 14.
1080 2023 1276 2094 Ddccctdorf.
1296 2021 1460 2092 Arca-rep.
1482 2021 1517 2075 B.
1536 2023 1609 2076 cea.

379 2309 507 2377 2253.
536 2311 622 2375 1336
646 2309 1009 2396 Mdr215.r⁴ioiquoo.

379 2451 575 2519 Benedictus
598 2452 665 2516 Xll
700 2451 943 2538 archiepiscopo
967 2452 1149 2520 Coloniensi
1179 2454 1322 2538 mandat,
1356 2456 1505 2538 quatinus
1534 2476 1606 2521 cunr

271 2561 421 2647 Adolpho
455 2560 495 2626 dc
528 2559 701 2626 Meschede
733 2559 851 2625 acolito
887 2560 998 2626 Goion.
1034 2559 1117 2626 dioc.
1152 2558 1193 2626 de
1226 2562 1404 2646 presbitero
1438 2568 1471 2627 et
1501 2563 1606 2629 soluts

271 2671 381 2754 genito
415 2667 590 2754 dispenset,
624 2673 659 2732 ut
686 2688 748 2732 non
780 2669 929 2733 obstante
960 2665 1090 2732 deiectu
1119 2667 1275 2733 natalium
1299 2668 1341 2734 ad
1365 2689 1475 2735 omnes
1497 2689 1607 2735 sacros

272 2777 399 2842 ordines
426 2775 606 2861 promoveri
629 2781 661 2839 ct
688 2773 876 2840 beneficium
900 2775 1165 2859 ecclesiasticum,
1190 2777 1286 2841 etiarn
1308 2777 1336 2842 si
1359 2797 1468 2842 curam
1489 2775 1608 2842 habeat

271 2883 457 2966 animarum,
482 2881 627 2949 obtinere
649 2882 767 2947 valeat.

377 2990 577 3057 Constitutus
605 2991 637 3053 in
666 2988 830 3075 presentia
859 2995 1035 3055 nostra..
1061 3036 1068 3051 .
1123 2990 1197 3055 Dat.
1223 2991 1319 3056 Avin.
1348 2990 1421 3056 idus
1445 2989 1550 3056 martii
1574 3012 1605 3056 a.

272 3098 423 3166 secundo.

430 3189 503 3257 ch.
523 3186 578 3241 122
598 3184 791 3254 (GGCXLVI)
812 3201 859 3240 ur.
879 3188 942 3239 475.

373 3459 500 3527 2254.
531 3459 617 3524 1336
640 3461 738 3524 Mdrz
756 3461 808 3525 15.
833 3456 1000 3546 Aciqaoo.

375 3603 569 3669 Benedictus
593 3603 658 3668 XII
688 3602 933 3688 archiepiscopo
957 3603 1149 3669 Treverensi
1177 3603 1320 3686 mandat,
1352 3604 1502 3686 quatinus
1530 3622 1600 3667 cum

267 3713 412 3779 Iohanne
443 3716 521 3777 nato
543 3709 696 3776 Iohannis
721 3709 762 3775 de
785 3710 993 3776 ltusernacho
1025 3711 1141 3777 scolari
1169 3710 1302 3777 Trever.
1336 3709 1420 3776 dioc.
1452 3708 1493 3775 de
1516 3729 1600 3795 pres·

266 3821 370 3887 bitero
394 3827 426 3883 et
450 3819 552 3884 soluta
577 3819 687 3902 genito
711 3816 886 3902 dispenset,
911 3824 947 3882 ut
970 3838 1032 3884 non
1057 3819 1206 3883 obstante
1231 3817 1363 3884 defectu
1387 3815 1541 3883 natalium
1558 3814 1600 3880 ad

265 3948 374 3994 sacros
398 3925 528 3992 ordines
551 3925 733 4012 promoveri
753 3931 786 3990 et
801 3925 991 3991 beneficium
1015 3925 1281 4007 ecclesiasticum,
1306 3927 1403 3991 etiam
1428 3924 1457 3990 si
1482 3923 1599 3990 habeat

266 4054 374 4101 curam
398 4035 586 4115 animarum,
611 4033 755 4098 obtinere
778 4032 896 4098 valeat.

372 4140 571 4207 Constitutus
600 4140 633 4204 in
663 4141 826 4225 presentia
854 4147 965 4206 nostra
989 4190 997 4205 .
1023 4186 1030 4202 .
1057 4191 1064 4204 .
1122 4141 1198 4205 Dat.
1223 4139 1318 4206 Avin.
1342 4140 1415 4205 idus
1437 4138 1544 4205 martii
1567 4159 1597 4204 a.

264 4249 415 4317 secunde.

412 4352 485 4420 ch.
505 4349 563 4405 122
583 4347 778 4420 (GGOXLVI)
798 4365 846 4404 nr.
865 4351 935 4404 463.

370 4539 499 4607 2255.
527 4543 614 4607 1336
637 4543 736 4606 Mdrz
761 4542 812 4607 15.
838 4539 1005 4627 Avipaoa.

368 4667 564 4734 Benedictus
587 4667 653 4733 ΧΠ
688 4667 932 4753 archiepiscopo
956 4668 1147 4734 Treverensi
1177 4666 1320 4744 mandat,
1350 4667 1501 4750 quatinus
1524 4687 1596 4734 curn

262 4776 405 4844 Iohanne
431 4775 591 4842 Dominici
622 4775 664 4840 de
687 4775 782 4842 Oons.
806 4774 924 4842 clerieo
948 4776 1080 4843 Trever.
1105 4775 1189 4841 dioc.
1215 4773 1256 4841 de
1280 4775 1458 4862 presbitero
1486 4781 1596 4842 curato
