3642 5509
748 479 817 538 1337
836 478 956 538 Januar
975 480 1016 538 10.
1484 476 1538 538 513

203 659 298 728 candi
322 683 378 729 seu
402 663 500 730 etiam
525 669 558 729 et
579 662 746 730 relaxandi
771 669 804 728 et
826 663 958 748 insuper
981 669 1092 728 contra
1115 683 1331 746 quoscumque
1355 663 1537 730 turbatores

203 770 294 853 pacis
318 770 500 838 huiusmodi
530 820 536 834 .
567 819 574 836 .
604 819 611 836 .
640 769 838 855 procedendi
864 790 983 853 eosque
1006 790 1065 855 per
1088 790 1256 836 censuram
1280 770 1535 836 ecclesiasticam

204 923 264 942 ...
291 877 516 964 compescendi
542 878 633 944 vobis
655 878 784 963 plenam
809 884 841 942 et
865 877 998 943 liberam
1023 876 1231 943 concedimus
1339 877 1537 943 facultatem.

205 983 362 1050 Volumus
386 985 484 1051 etiam
509 1035 516 1050 .
547 1034 554 1050 .
585 983 712 1067 .'quod,
741 985 767 1050 si
792 983 877 1049 idem
903 983 1110 1051 Baldewinus
1132 984 1393 1070 archiepiscopus
1416 1004 1548 1070 posses·

204 1092 325 1156 sionem
361 1100 536 1157 castrorum
570 1090 813 1158 tortelliciornm
848 1091 995 1156 villarum
1028 1090 1196 1176 opidorum
1228 1090 1482 1158 iurisdictionum
1507 1097 1540 1157 et

202 1197 317 1263 iurium
340 1198 557 1284 predictorum
580 1200 615 1263 in
638 1197 784 1263 manibus
807 1199 924 1263 vestris
947 1197 1048 1264 libere
1071 1247 1078 1262 .
1106 1247 1113 1262 .
1140 1247 1147 1262 .
1172 1196 1333 1264 dimittere
1356 1249 1362 1262 .
1389 1247 1396 1258 .
1420 1247 1428 1263 .
1452 1218 1538 1263 recu·

202 1303 323 1369 severit
339 1305 390 1371 vel
414 1305 575 1372 distulerit
598 1307 780 1389 requisitus,
805 1305 970 1391 predictos
993 1325 1162 1390 processus
1179 1311 1212 1371 et
1235 1305 1411 1372 sententias
1428 1313 1540 1371 contra

203 1412 305 1496 ipsum
331 1419 363 1477 et
387 1433 604 1497 quoscumque
628 1413 711 1478 alios
740 1413 846 1478 iactos
871 1432 1037 1496 ...quos
1061 1411 1152 1479 vobis
1174 1414 1207 1477 in
1231 1412 1294 1478 hac
1316 1420 1409 1498 parte
1432 1413 1539 1478 inobe-

204 1519 329 1586 dientes
344 1521 532 1589 inreneritis
550 1570 557 1585 .
577 1570 583 1585 .
602 1569 609 1585 .
627 1521 808 1586 executioni
826 1519 936 1585 debite
954 1518 1200 1602 demandantes,
1218 1541 1272 1586 eos
1290 1570 1297 1584 .
1316 1569 1323 1584 .
1342 1519 1540 1586 ‚solenniter

203 1627 375 1713 publicetis
407 1636 440 1693 et
472 1628 602 1695 faciatis
634 1647 692 1712 per
727 1627 809 1693 alios
844 1626 1021 1711 publicari,
1058 1625 1312 1694 contradictores
1346 1628 1540 1693 auctoritate

202 1742 313 1800 nostra
342 1736 559 1820 appellatione
583 1733 764 1820 postposita
793 1732 1110 1818 compescendo...
1157 1733 1234 1799 Dat.
1258 1735 1351 1800 Avin.
1377 1735 1444 1798 llll
1467 1733 1539 1800 idus

205 1841 341 1907 ianuarii
365 1864 394 1908 a.
421 1842 525 1908 tertio.

363 1984 435 2056 Rep.
455 1984 512 2039 124
530 2001 578 2038 ar.
597 1985 650 2049 43‚·
669 1983 720 2039 Rs.
742 1985 823 2039 1857.

310 2282 439 2351 22⁷⁶.
474 2286 559 2350 1337
584 2285 723 2351 Jonaar
747 2285 799 2354 10.
823 2281 990 2372 Aoipaoa.

309 2425 503 2494 Benedictus
532 2427 597 2492 XII
633 2428 776 2514 capitulo
810 2428 948 2495 ecclesie
980 2428 1171 2513 Magnntine
1204 2429 1353 2514 inmugit,
1387 2433 1538 2513 quatinus

203 2533 342 2620 Guigoui
366 2534 408 2601 de
431 2534 464 2601 S.
483 2535 643 2600 Germano
667 2543 700 2600 et
722 2535 857 2603 Nicolao
880 2535 1016 2622 Cepotie
1040 2534 1081 2601 de
1105 2535 1139 2602 S.
1156 2534 1341 2602 Audomaro
1365 2537 1537 2623 prepositis

202 2642 378 2727 capellanis
401 2648 433 2708 et
457 2642 582 2707 nunciis
608 2639 695 2706 sedis
724 2642 902 2726 apostolice
930 2661 1027 2726 super
1050 2643 1226 2708 commissis
1250 2642 1371 2708 eisdem
1396 2645 1535 2728 negotiis

202 2768 317 2833 parere
341 2756 462 2831 curent,
487 2754 666 2833 prestantes
690 2748 811 2814 eisdem
835 2749 868 2812 in
892 2749 1049 2829 omnibus,
1075 2768 1171 2834 super
1194 2749 1309 2833 quibus
1332 2751 1365 2814 in
1388 2753 1536 2836 pemissio

203 2874 259 2920 eos
282 2853 517 2938 requisiverint,
542 2859 733 2939 oportunum
758 2855 912 2920 auxilinm
937 2854 1104 2921 consilinm
1129 2864 1162 2920 et
1184 2855 1338 2922 favorem.
1384 2859 1539 2942 Alioquin

202 2963 385 3046 sententias,
421 2981 501 3045 quas
530 2960 592 3046 ipsi
626 2962 686 3026 rite
719 2962 850 3028 tulerint
876 2963 909 3026 in
938 2962 1085 3043 rebelles,
1120 2982 1207 3047 papa
1236 2971 1324 3029 ratas
1348 2963 1481 3031 habebit
1504 2973 1539 3032 et

203 3067 301 3134 saciet
324 3088 424 3152 usque
447 3067 489 3133 ad
513 3068 765 3134 satisfactionem
792 3067 986 3152 condignam
1009 3069 1238 3134 inviolabiliter
1262 3070 1438 3136 observari.

309 3175 388 3242 Oum
411 3173 547 3241 dilectos
571 3173 653 3240 tilios
670 3223 677 3239 .
697 3225 731 3240 ..
768 3175 844 3241 Dat.
869 3176 964 3240 Avin.
978 3175 1047 3249 IIII
1070 3174 1145 3242 idus
1167 3176 1305 3241 ianuarii
1328 3198 1359 3243 a.
1384 3180 1491 3245 tertio.

309 3285 347 3348 In
370 3303 398 3349 e.
416 3305 457 3348 m.
482 3283 567 3349 clero
591 3282 732 3348 civitatis
756 3291 789 3349 et
812 3282 895 3348 dioc.
921 3283 1108 3366 Magantine
1137 3333 1145 3350 .
1174 3332 1182 3348 .
1210 3332 1217 3346 .
1246 3285 1365 3369 populo
1389 3285 1478 3352 civit.
1503 3293 1537 3353 et

202 3389 285 3456 dioc.
310 3391 396 3476 Mag.
415 3389 639 3456 ...vassallis
662 3389 741 3455 eocl.
766 3390 851 3474 Mag.
871 3440 877 3454 .
897 3441 903 3455 .
923 3438 930 3454 .
947 3389 1161 3474 suffraganeis
1184 3390 1264 3456 ecel.
1289 3391 1376 3476 Mag.

363 3533 435 3604 Rep.
453 3533 509 3587 124
527 3548 574 3587 nr.
594 3533 648 3599 51,·
676 3533 728 3587 Ra.
748 3533 830 3588 1860.

309 3841 434 3909 2277.
468 3843 554 3908 1337
579 3843 718 3909 Jauuur
745 3845 798 3908 13.
826 3841 991 3929 Avipaon.

309 3984 504 4051 Benedictus
528 3985 593 4049 ΧΠ
627 3986 785 4052 universis
808 3985 980 4051 abbatibus
1005 3983 1164 4069 prioribus
1189 3989 1221 4049 et
1244 3982 1377 4050 decanis
1399 3984 1536 4069 aliisque

202 4094 347 4178 personis
379 4092 501 4158 ordinis
533 4111 590 4158 seu
622 4091 787 4176 religionis
818 4091 1046 4157 monachornm
1076 4093 1239 4174 nigrorum
1262 4091 1296 4156 in
1319 4091 1465 4175 proximo
1489 4092 1537 4178 ip

203 4220 307 4266 sorum
332 4200 522 4286 provinciali
546 4198 689 4284 capitulo
713 4199 745 4263 in
769 4198 952 4265 Coloniensi
975 4205 1009 4265 et
1032 4199 1224 4265 'lieverensi
1249 4198 1442 4264 celebrando
1465 4220 1537 4284 pro·

203 4307 317 4373 vinciis
341 4306 484 4387 mandat,
509 4306 658 4389 quatinus
681 4305 899 4372 ordinationes
916 4313 948 4371 et
971 4311 1103 4381 statuta,
1127 4325 1208 4387 quas
1223 4306 1294 4390 ipse
1309 4325 1396 4390 papa
1411 4307 1537 4371 noviter

203 4414 293 4498 fecit,
323 4434 466 4497 quasque
495 4414 554 4479 sub
584 4412 697 4480 eadem
722 4413 811 4478 bulla
833 4413 913 4498 ipsis
935 4412 1135 4496 transmittit,
1168 4412 1343 4479 efficaciter
1366 4413 1536 4478 observent

203 4529 246 4606 et,
271 4527 423 4605 quantum
448 4520 490 4586 ad
515 4521 601 4606 ipsos
624 4521 823 4607 pertinuerit,
848 4521 973 4586 faciant
997 4540 1054 4606 per
1076 4520 1158 4585 alios
1182 4519 1357 4587 observari.

309 4627 361 4694 Ad
394 4628 553 4694 salubrem
589 4635 621 4694 et
654 4627 779 4695 felicem
813 4635 1031 4694 statum...
1084 4627 1161 4692 Dat.
1185 4626 1279 4692 Arin.
1305 4626 1377 4692 idus
1400 4627 1536 4692 ianuarii

204 4759 233 4803 a.
259 4737 363 4803 tertio.

364 4861 436 4931 Rep.
456 4859 511 4913 124
528 4859 582 4929 sol.
600 4857 779 4928 penultimo.

255 4967 376 5014 varrum.
388 4967 515 5021 Regestsn
530 4964 562 5010 11.
1342 4947 1378 5002 33
