3642 5509
890 439 960 494 1333
978 435 1052 495 Juni
1071 436 1096 493 3.

413 656 534 724 2174.
561 660 647 723 1333
670 658 758 724 Joat
779 660 811 722 8.
844 656 1009 743 Aoipnoa.

414 800 573 866 Iohannes
594 801 694 866 XXII
718 798 921 866 Theoderico
945 808 1022 866 nato
1045 800 1199 866 Iohannis
1222 797 1302 864 dicti
1325 797 1445 864 Ubilde
1468 796 1510 862 de
1533 797 1640 866 Nomi·

306 906 403 990 nagio
421 910 454 987 (l)
479 908 595 974 clerico
621 908 731 974 Colon.
765 907 848 973 dioc.
883 915 1029 973 reservat
1062 906 1250 973 beneficium
1284 906 1540 972 ecclesiasticum
1570 924 1639 970 cnm

306 1035 385 1081 cura
408 1016 459 1081 vel
483 1016 552 1081 sine
577 1035 663 1098 cura,
689 1017 779 1080 cuius
802 1014 935 1098 fructus,
958 1015 987 1081 si
1004 1022 1159 1097 curatum,
1184 1014 1311 1097 viginti,
1336 1015 1362 1079 si
1379 1033 1456 1078 vero
1480 1013 1549 1078 sine
1564 1031 1640 1076 cura

306 1122 413 1203 fuerit,
447 1121 629 1205 quindecim
658 1120 860 1187 marcharum
889 1122 1015 1205 argenti
1040 1122 1182 1187 valorem
1212 1141 1352 1186 annuum
1383 1141 1446 1185 non
1470 1118 1640 1199 excedunt,

306 1231 470 1314 pertinens
498 1230 708 1294 communiter
736 1229 787 1294 uel
820 1227 949 1295 divisim
983 1227 1026 1293 sd
1059 1227 1302 1313 dispositionem
1335 1229 1492 1314 prepositi
1526 1227 1639 1292 decani

307 1342 341 1402 et
365 1336 498 1421 capituli
521 1338 601 1402 eccl.
625 1336 822 1403 Xanctensis
846 1335 956 1401 (lolon.
982 1335 1067 1403 dioc.

413 1444 464 1510 Ex
487 1450 542 1510 tue
566 1442 747 1510 deuotionis
764 1493 771 1509 .
790 1491 822 1507 ..
850 1443 924 1508 Dat.
942 1444 1037 1508 Avin.
1058 1444 1101 1509 VI
1124 1443 1197 1509 idus
1219 1443 1297 1508 iunii
1317 1462 1347 1507 a.
1364 1441 1638 1527 decimoseptimo.

414 1553 451 1616 In
475 1571 503 1616 e.
520 1573 561 1617 m.
586 1552 619 1618 S.
637 1551 816 1617 Salvatoris
832 1551 975 1617 Traiect.
1001 1557 1033 1616 et
1054 1550 1242 1616 Zellicensis
1265 1550 1375 1616 (lolcn.
1401 1548 1486 1615 dioc.
1510 1548 1642 1614 decanis

306 1678 346 1724 ac
362 1660 516 1742 magistro
533 1660 652 1724 Iacobo
669 1658 711 1724 de
729 1659 850 1724 Mutina
865 1659 1037 1724 scolastico
1054 1659 1215 1724 Tullensis
1238 1658 1318 1723 eccl.
1336 1657 1504 1742 capellano
1520 1656 1641 1741 papali.

467 1784 540 1854 Bep.
560 1788 615 1839 144
632 1799 680 1838 nr.
701 1785 767 1838 863.

415 2050 536 2118 2175.
563 2053 650 2116 1333
673 2051 760 2118 Juno'
781 2052 835 2118 30.
862 2050 1055 2140 (Aoipooa.)

416 2193 576 2260 lohannes
592 2193 691 2259 XXII
717 2193 879 2261 Walramo
903 2194 1149 2280 archiepiscopo
1173 2194 1368 2262 Coloniensi.

415 2301 568 2386 Receptis
602 2300 726 2386 pridem
759 2302 855 2368 solita
886 2302 1088 2386 benignitate
1121 2308 1176 2368 tue
1208 2304 1423 2369 fraternitatis
1454 2303 1573 2370 litteris
1603 2323 1644 2369 ac

309 2409 469 2474 contentis
491 2409 525 2472 in
541 2410 587 2474 eis
603 2407 789 2492 diligentius
811 2408 996 2491 intellectis,
1021 2410 1166 2475 volumus
1183 2417 1214 2475 te
1232 2417 1352 2494 tenere,
1377 2409 1464 2493 quod
1486 2411 1644 2477 neminem

309 2523 422 2585 contra
446 2523 499 2582 tue
527 2514 709 2581 devotionis
738 2516 977 2582 fraternitatem
1010 2536 1106 2602 super
1139 2517 1268 2582 matiria
1291 2518 1323 2582 in
1348 2518 1468 2583 eisdem
1492 2526 1645 2584 contenta

309 2623 426 2688 litteris
459 2621 641 2689 audivimus
676 2622 902 2706 obloquentem
939 2643 999 2689 nec
1034 2621 1075 2689 de
1110 2623 1200 2689 facili
1235 2625 1433 2691 sumentibus
1463 2622 1645 2690 huiusmodi

308 2749 403 2796 aures
437 2729 586 2796 credulas
618 2731 833 2815 preberemus.
880 2730 932 2795 Tu
956 2750 1044 2813 ergo,
1077 2729 1189 2812 frater,
1223 2729 1256 2795 in
1281 2729 1454 2798 devotione
1476 2732 1571 2799 solita
1594 2730 1645 2795 fir-

309 2838 404 2903 miter
428 2857 649 2923 perseverans,
684 2857 748 2903 non
781 2845 814 2902 te
847 2839 1017 2923 permittas
1049 2839 1234 2920 quorumvis
1267 2837 1482 2924 dampnandis
1515 2858 1646 2924 persua·

308 2945 451 3011 sionibus
475 2943 583 3030 decipi
610 2964 668 3010 seu
697 2944 879 3011 devotionis
903 2945 1045 3011 eiusdem
1070 2945 1291 3027 integritatem
1315 2945 1556 3027 quomodolibet
1580 2947 1645 3010 vio-

309 3053 379 3118 lari.
426 3054 501 3117 Dat.
527 3052 561 3118 Il
586 3051 630 3121 kl.
655 3052 723 3117 iulii
747 3073 776 3118 a.
801 3051 1080 3138 septimodecimo.

458 3177 531 3246 Rep.
551 3177 604 3230 117
623 3176 648 3246 f.
668 3176 732 3231 126‘
752 3191 799 3230 nr.
819 3178 889 3240 647,·
909 3176 962 3230 Ba.
983 3177 1064 3230 1617.

416 3442 537 3510 217⁰.
568 3444 655 3508 1333
678 3443 765 3509 Jom·
786 3444 841 3508 30.
867 3441 1060 3529 (Aoipooo.)

418 3586 592 3671 [Iohannes
612 3585 723 3670 XXII]
748 3584 910 3650 Willelmo
927 3634 935 3650 .
954 3636 962 3650 .
981 3635 988 3650 .
1006 3587 1115 3652 comiti
1135 3636 1142 3650 .
1161 3635 1169 3651 .
1187 3636 1194 3653 .
1212 3587 1394 3654 Iuliocensi.

418 3695 572 3778 Receptis
596 3701 658 3758 eto.
682 3700 717 3758 ut
740 3694 773 3758 in
797 3694 862 3758 alia
877 3713 979 3776 usque
995 3695 1119 3759 violari.
1166 3694 1315 3760 Ceterum
1339 3695 1534 3761 oblationem
1559 3703 1644 3760 tuam

311 3801 344 3866 in
368 3800 489 3867 eisdem
523 3801 676 3866 insertam
708 3800 823 3865 litteris
856 3799 950 3865 nobis
982 3801 1102 3866 factam
1135 3809 1262 3884 gratam
1293 3801 1449 3868 habentes
1477 3803 1646 3888 plurimum

312 3915 344 3973 et
368 3915 536 3994 acceptam
566 3928 702 3991 eamque
732 3907 840 3992 dignis
868 3907 901 3972 in
931 3907 1060 3972 domino
1088 3906 1238 3974 laudibus
1267 3908 1529 3976 commendantes
1551 3929 1647 3994 super

312 4016 384 4101 ipsa
407 4017 584 4099 gratiarum
608 4015 668 4080 tibi
690 4014 860 4080 referimus
883 4015 998 4080 uberes
1022 4015 1176 4080 actiones.
1224 4017 1300 4082 Dat.
1325 4023 1360 4081 ut
1383 4036 1482 4102 supra
1497 4017 1645 4097 (=llkl.

313 4122 387 4187 Iulii
411 4143 440 4187 a.
464 4121 753 4208 septimodecimo).

481 4261 552 4330 aeq.
574 4259 666 4328 rrrf.
687 4259 752 4314 rao
771 4275 819 4314 nr.
839 4260 912 4324 caa-
933 4260 985 4315 m.
1004 4261 1085 4315 1617.

418 4547 559 4615 *2172
584 4550 671 4614 1333
693 4547 770 4616 Joti
791 4552 820 4614 1.
849 4548 1041 4636 (Aoipaoo.)

422 4691 536 4757 Frater
559 4691 675 4757 Daniel
708 4693 879 4777 episcopus
903 4693 1056 4757 Motensis
1079 4691 1168 4758 vices
1199 4713 1316 4777 gerens
1346 4694 1378 4758 in
1411 4691 1651 4779 pontificalibus

315 4807 347 4868 et
370 4799 589 4886 spiritualibus
612 4798 792 4865 Baldewini
822 4799 1057 4885 archiepiscopi
1083 4801 1215 4866 Trever.
1243 4810 1391 4884 testatur,
1422 4800 1509 4886 quod
1532 4800 1652 4869 eadem
