3642 5509
250 383 302 437 184
807 379 875 434 1328
894 378 1025 435 October
1043 379 1068 433 8.

355 561 475 629 1554.
506 561 591 626 1328
615 562 755 627 October
780 562 812 625 8.
837 558 1004 646 Adpone.

358 705 518 771 lohannes
546 704 646 768 XXII
671 702 836 769 Adeberto
861 703 902 768 de
926 702 1025 770 Vicus
1042 707 1076 784 (l)
1102 702 1228 768 confert
1252 701 1330 766 eccl.
1355 702 1388 766 S.
1407 701 1527 766 Florini
1552 701 1584 764 in

252 811 453 879 Confluentis
477 811 607 876 Trever.
642 809 725 875 dioc.
759 811 1002 894 preposituram,
1037 830 1131 892 quam
1166 807 1327 892 qnondam
1358 807 1516 872 lohannes
1544 806 1585 872 de

252 919 408 987 Nassavve
440 919 541 1003 ipsius
574 917 710 982 ecclesie
743 916 925 1002 prepositus
958 917 1137 1002 apostolice
1166 915 1254 981 sedis
1278 915 1474 1000 capellanus,
1510 913 1585 979 dnm

252 1027 386 1108 viveret,
418 1025 585 1090 obtinebat
610 1031 641 1088 ct
665 1044 725 1106 qne
751 1031 845 1088 vacat
869 1045 926 1109 per
949 1024 1050 1108 ipsius
1073 1023 1226 1088 Iohannis
1249 1023 1380 1106 obitum,
1406 1022 1469 1104 qui,
1497 1029 1585 1087 ante-

252 1153 348 1216 quam
382 1131 634 1198 consecrationis
665 1132 698 1194 in
722 1132 905 1216 episcopum
931 1131 1203 1214 Bambergeusem
1237 1149 1350 1195 munus
1382 1129 1585 1213 suscepisset,

252 1240 285 1305 in
309 1239 455 1324 partibus
479 1238 542 1304 illis
567 1238 681 1304 clausit
705 1236 789 1301 diem
814 1245 1001 1303 extremum.

360 1346 582 1432 Suffragantia
612 1346 670 1410 tibi
701 1346 816 1410 merita
846 1394 852 1408 .
882 1392 888 1406 .
920 1394 927 1409 .
975 1345 1049 1409 Dat.
1075 1344 1168 1409 Avin.
1194 1345 1274 1409 VllI
1297 1343 1369 1410 idus
1392 1343 1533 1409 octobris
1556 1365 1585 1407 a.

253 1452 483 1520 tertiodecimo.

361 1562 398 1626 Iu
423 1581 450 1629 e.
477 1581 518 1624 m.
553 1560 679 1626 decano
703 1561 907 1626 Camotensis
932 1567 965 1625 et
994 1560 1157 1645 preposito
1182 1559 1407 1625 Aviuioneusis
1439 1578 1479 1623 ac
1501 1557 1586 1642 Ray·

255 1667 373 1735 mundo
398 1667 471 1734 Boti
496 1668 650 1733 canonico
675 1667 827 1751 Aptensis
851 1667 1069 1732 ecelesiarum.

414 1792 486 1861 Ray.
506 1791 545 1844 89
562 1791 588 1860 f.
608 1789 673 1845 239‘
691 1806 739 1844 rar.
757 1791 819 1844 617.

364 2004 485 2073 1555.
512 2009 598 2073 1328
622 2008 762 2074 October
788 2009 837 2072 11.
867 2005 1032 2094 Auipuon.

360 2148 519 2214 lohannes
548 2149 647 2214 XXll
682 2150 818 2216 ecclesie
854 2150 1051 2235 Magantine,
1086 2151 1177 2214 cuius
1209 2150 1421 2233 provisionem
1455 2149 1515 2213 sibi
1549 2167 1588 2212 aa

256 2256 327 2320 vice
356 2265 579 2321 reservaverat
613 2255 720 2322 adhuc
756 2257 882 2322 vivente
918 2256 1042 2321 Mathia
1076 2255 1331 2341 archiepiscopo,
1367 2256 1497 2321 vacanti
1531 2275 1588 2338 per

257 2368 388 2428 mortem
423 2363 544 2428 ltlatbie
576 2362 712 2448 predicti
746 2364 894 2449 providet
927 2363 969 2429 de
1002 2383 1140 2448 persona
1167 2364 1295 2428 Henrici
1325 2370 1402 2428 tunc
1434 2362 1589 2448 prepositi

257 2468 393 2535 ecclesie
419 2471 596 2536 Buuueusis
619 2471 730 2537 Goion.
755 2471 839 2537 dioc.
864 2473 897 2537 iu
921 2471 1110 2537 diaconatus
1133 2469 1246 2536 ordine
1270 2471 1444 2536 constituti.

364 2577 486 2644 Sancta
509 2577 654 2644 Romana
678 2579 840 2644 ecclesia.
868 2627 873 2641 .
909 2579 985 2644 Dat.
1004 2578 1140 2643 Aviu.V
1163 2576 1235 2642 idus
1259 2578 1399 2643 octobris
1422 2598 1452 2642 a.
1476 2577 1589 2640 tercio·

256 2681 391 2750 decimo.

405 2791 477 2860 Rep.
496 2792 534 2846 89
551 2791 576 2862 f.
596 2791 660 2846 128‘
678 2793 803 2856 ur.317,·
824 2793 876 2848 aa
898 2793 977 2846 1088.

363 2994 485 3061 1556.
516 2997 602 3060 1328
623 2997 762 3062 October
788 3000 839 3061 11.
864 2996 1028 3082 Avipnon.

364 3129 534 3222 [Iohannes
551 3139 662 3223 XXII]
687 3139 826 3205 Henrieo
850 3139 954 3204 electo
978 3139 1176 3224 Magnutiuo.

364 3245 450 3312 Saue
474 3247 550 3329 quia
573 3247 696 3312 litteras
719 3246 909 3331 provisionis
934 3245 1114 3312 huiusmodi
1137 3247 1220 3313 adeo
1245 3246 1403 3328 celeriter,
1427 3245 1589 3312 sicuttibi

259 3359 291 3418 et
314 3351 418 3420 eidem
443 3353 630 3437 Maguntiuc
654 3353 822 3438 expediret
846 3354 994 3436 ecclesie,
1030 3353 1149 3419 habere
1182 3353 1224 3419 de
1256 3352 1450 3418 cancellaria
1481 3360 1590 3419 nostra

216 3524 224 3538 ,
258 3459 394 3526 forsitan
426 3480 489 3524 uon
522 3460 656 3543 valeres,
690 3480 747 3525 nos
771 3462 833 3527 tuis
863 3468 896 3525 et
919 3459 1060 3526 eiusdem
1089 3461 1224 3526 ecclesie
1248 3461 1391 3526 volentes
1414 3458 1590 3543 indempni-

259 3566 378 3631 tatibns
406 3586 503 3649 super
533 3565 594 3632 biis
623 3565 728 3631 studio
754 3575 886 3650 paterne
910 3566 1126 3632 solicitudinis
1149 3586 1333 3651 precavere,
1367 3573 1411 3647 nt,
1445 3567 1590 3649 quamvis

259 3670 384 3737 litteras
416 3673 503 3757 ipsas
532 3693 593 3738 uon
617 3672 739 3740 habeas
762 3693 820 3738 uec
845 3673 1007 3756 ostendas,
1042 3673 1179 3739 ecclesie
1202 3674 1302 3758 ipsius
1325 3673 1512 3756 Magnutiue
1535 3671 1589 3737 ad·

259 3777 523 3845 ministrationem
558 3781 590 3843 in
623 3779 842 3864 spiritualibus
876 3788 909 3845 et
942 3779 1170 3864 temporalibus
1202 3781 1364 3864 suscipere
1396 3801 1435 3845 ac
1469 3799 1526 3863 per
1558 3786 1590 3843 te

259 3891 394 3969 tuosque
426 3886 564 3952 vicarios
599 3886 752 3953 officiales
785 3895 817 3952 et
849 3889 1011 3953 ministros
1038 3887 1181 3970 plenarie
1213 3906 1325 3969 gerere
1349 3887 1459 3952 valeas
1490 3893 1522 3951 et
1545 3884 1591 3950 di·

259 3993 335 4058 lecti
367 3991 422 4057 filii
457 3994 629 4078 capitulum
663 3995 763 4079 ipsius
796 3994 932 4060 ecclesie
960 4015 999 4058 ac
1027 4014 1137 4059 omues
1159 3993 1215 4058 alii
1239 3999 1271 4058 et
1293 3993 1421 4076 singuli,
1458 4012 1590 4075 quornm

260 4095 404 4176 interest,
435 4095 493 4160 tibi
518 4096 643 4179 tuisque
667 4097 796 4162 vicariis
820 4095 1012 4162 officialibus
1036 4104 1069 4160 et
1092 4096 1244 4162 ministris
1268 4095 1399 4161 obedire
1423 4101 1592 4160 teneantur

261 4247 268 4264 .
288 4201 396 4266 ..tibi
422 4200 625 4268 concedimus
642 4251 649 4266 .
668 4251 675 4268 .
693 4202 889 4271 facultatem.
938 4203 1089 4268 Volumus
1112 4208 1230 4284 antem,
1255 4201 1341 4284 quod
1364 4201 1489 4267 litteras
1505 4200 1592 4267 dicte

260 4309 451 4395 provisionis
483 4308 567 4374 iufra
599 4317 664 4375 tres
696 4329 821 4376 manses
853 4309 973 4375 habere
1002 4327 1173 4393 procures;
1213 4307 1354 4392 alioquin
1379 4316 1497 4374 extunc
1520 4326 1591 4393 pre·

260 4423 366 4483 sentes
390 4416 496 4483 littere
519 4415 624 4481 nullus
647 4417 711 4483 siut
734 4417 858 4482 roboris
881 4416 931 4482 vel
963 4417 1124 4482 momenti.
1172 4416 1248 4480 Dat.
1279 4416 1372 4483 Aviu.
1401 4413 1518 4480 Vidns
1541 4433 1592 4479 oc·

261 4525 364 4590 tobris
387 4545 416 4590 a.
442 4521 673 4589 tertiodecimo.

370 4629 588 4724 Dupp[lica]te
612 4631 670 4696 snb
694 4630 807 4696 eadem
833 4629 911 4695 data
934 4651 1004 4697 cnm
1028 4631 1135 4715 spatio
1159 4651 1216 4697 sex
1239 4630 1406 4696 meusium.

423 4757 495 4826 Ray.
515 4757 570 4810 116
585 4770 636 4826 pa.
655 4755 712 4825 If.
729 4757 774 4810 811
792 4771 841 4810 nr.
861 4755 959 4820 477a;
976 4755 1029 4809 Ite.
1049 4755 1076 4808 0.
