3642 5509
740 314 808 369 1331
829 314 998 369 December
1016 313 1041 369 5.
1498 314 1552 370 583

320 496 402 561 Item
435 495 496 561 fnit
527 496 588 559 sihi
624 494 744 560 tradita
767 515 831 560 una
853 502 971 580 patens
994 496 1104 560 littera
1127 496 1233 579 sigillo
1258 515 1384 561 camere
1407 495 1551 578 sigillata

214 600 318 666 cidem
352 600 481 666 domino
513 602 612 667 Petro
642 601 766 667 directa
794 622 889 687 snper
919 602 1110 667 collectione
1132 603 1292 667 fructuum
1320 602 1546 668 beneficiorum

213 708 504 775 ecelesiasticorum
527 708 614 793 apud
638 708 746 774 sedem
771 709 984 793 apostolmam
1009 711 1204 775 vacantium.

355 832 479 902 Ibapm.
490 830 564 886 libri
576 847 693 887 camere
706 830 877 899 apostolice.
888 830 989 887 Paris.
1001 830 1079 886 Bihl.
1092 834 1155 886 uat.
1166 849 1220 887 ms.
1231 831 1319 887 tatia.
1328 848 1375 885 nr.
1384 834 1456 887 4191
1462 832 1486 901 s.
1495 832 1550 886 311.

319 976 437 1042 2400
458 977 604 1056 (roam).
629 979 713 1040 1331
738 977 923 1041 December
944 978 977 1041 5.
1002 975 1194 1063 (Auipaoa.)

317 1120 366 1184 De
400 1120 600 1204 prepositura
632 1120 664 1184 S.
693 1119 812 1184 Florini
845 1118 877 1184 in
915 1120 1122 1185 confluentia
1156 1128 1269 1186 curata
1301 1121 1385 1187 dioc.
1416 1122 1549 1186 Trever.

213 1232 359 1308 vacante,
384 1227 459 1310 quia
476 1226 678 1292 Audebertus
702 1227 743 1291 de
764 1226 862 1293 Viens
886 1235 1052 1292 assecutus
1076 1235 1126 1293 est
1150 1230 1388 1313 preposituram
1413 1228 1550 1294 ecclesie

213 1334 434 1418 Vapincensis,
458 1334 520 1398 tuit
548 1335 708 1418 provisum
733 1333 867 1399 Iohanni
894 1333 1031 1399 Gerardi
1056 1335 1223 1418 burgravii
1247 1356 1347 1401 nonas
1370 1336 1550 1402 decembris

214 1446 256 1521 (a.
282 1440 383 1522 XVI).

321 1548 369 1612 De
400 1548 537 1613 ecclesia
567 1555 678 1613 curata
705 1550 738 1612 in
767 1548 874 1614 Rense
902 1549 1034 1613 Trever.
1060 1548 1157 1630 dioc,
1185 1552 1211 1614 si
1236 1557 1332 1615 vacat
1354 1571 1412 1635 per
1435 1552 1550 1615 eonsti-

214 1656 389 1723 tucionem:
415 1656 616 1721 Execrahilis
632 1657 683 1720 vel
696 1656 787 1737 alias,
800 1656 860 1721 luit
872 1656 1037 1740 provisum
1051 1656 1181 1723 Cristini
1190 1660 1224 1738 (l)
1236 1658 1371 1723 Gerardi
1384 1658 1426 1724 de
1434 1658 1548 1724 Rense.

365 1758 612 1817 Collectoriururn
625 1764 645 1815 t.
655 1762 715 1815 280
735 1762 809 1829 (acra
823 1760 980 1830 sotiatus).
1004 1761 1150 1827 (Notitiae
1168 1764 1334 1818 carcerales
1347 1765 1384 1818 de
1397 1762 1550 1819 solvendis

360 1849 514 1919 fructibus
530 1848 629 1919 primi
648 1849 746 1919 anni.)
781 1850 866 1919 Cous.
886 1866 935 1903 rar.
954 1853 1031 1905 2080
1049 1854 1078 1905 et
1096 1852 1182 1906 2073.

319 2030 430 2096 2401
453 2032 598 2111 (mlta).
629 2033 812 2096 1332Μαὶ
838 2034 892 2096 23.
922 2029 1115 2117 (Avipuorr.)

317 2164 366 2227 De
389 2163 591 2247 prepositura
615 2164 648 2228 S.
669 2164 794 2229 Paulini
825 2171 917 2228 extra
941 2184 1048 2229 muros
1072 2166 1204 2228 Trever.
1229 2171 1366 2229 vacante
1390 2185 1430 2229 er
1455 2165 1549 2231 devo·

213 2270 332 2333 lotione
356 2272 446 2335 iuxta
470 2270 687 2336 Lateranense
712 2271 881 2336 concilium
906 2270 968 2334 fuit
992 2271 1153 2354 provisum
1169 2272 1330 2336 Walramo
1356 2272 1485 2336 Henrici
1508 2271 1550 2337 de

213 2376 345 2441 Treveri
370 2378 400 2441 X
426 2377 470 2441 kl.
495 2378 572 2441 iunii
598 2384 637 2456 (a.
664 2378 769 2458 XVI).

374 2483 623 2539 Collectorr'urum
651 2486 670 2537 t.
698 2485 766 2539 280.

316 2638 432 2704 2402
457 2642 600 2721 (artua).
637 2644 722 2707 1337
748 2643 886 2707 Jauuur
914 2644 964 2705 12.
1000 2641 1165 2728 Avipaou.

319 2764 514 2830 Benedictus
539 2766 602 2830 XII
632 2768 803 2831 abhatibus
826 2766 859 2830 S.
885 2768 1092 2831 Pantalconis
1116 2767 1227 2833 Coton.
1252 2774 1285 2832 et
1308 2765 1341 2831 S.
1365 2766 1488 2831 Mathie
1512 2786 1552 2830 ac

213 2872 246 2936 S.
261 2872 426 2937 Maximini
450 2882 542 2937 extra
566 2894 671 2940 muros
689 2874 820 2969 Treper.
845 2876 1109 2940 monasteriorum
1134 2873 1243 2939 ord.S
1269 2872 1390 2937 Bened.
1407 2870 1551 2949 mandat,

213 2980 363 3061 quatinus
386 2988 584 3062 exequantur
608 2988 728 3045 statuta
753 2988 785 3046 et
808 2981 1042 3056 ordinacionem
1068 3001 1130 3063 que
1154 3002 1239 3066 papa
1256 2979 1360 3045 edidit
1376 3000 1436 3064 pro
1453 2978 1553 3043 refor-

213 3087 352 3151 matione
377 3086 498 3152 ordinis
527 3088 753 3152 monachorum
778 3089 951 3171 nigrorum,
981 3088 1138 3172 imprimis
1166 3088 1198 3151 in
1223 3088 1335 3153 Calon.
1361 3093 1394 3150 ct
1419 3086 1553 3150 Trevcr.

213 3194 388 3277 provincia,
414 3214 492 3276 quas
517 3216 602 3279 papa
626 3217 682 3280 pro
707 3195 768 3260 hac
792 3217 825 3259 rc
850 3196 919 3259 vult
943 3197 1084 3279 reputari
1109 3216 1167 3280 pro
1191 3214 1270 3274 nna;
1308 3199 1555 3273 convocentque

213 3300 385 3384 capitulum
411 3302 606 3384 provinciale
631 3304 782 3367 abbatum
807 3310 839 3367 et
856 3304 995 3388 priorum
1020 3302 1283 3367 monasteriorum
1305 3299 1398 3365 dicte
1423 3298 1557 3376 ordinis,

213 3407 297 3488 quod
323 3407 441 3472 exinde
465 3409 565 3473 tercio
590 3429 716 3492 quoque
741 3430 824 3475 anno
850 3410 1037 3475 celebretur.

312 3514 451 3579 Pateme
464 3515 734 3581 consideracionis
746 3518 848 3581 aciem
861 3565 868 3580 .
881 3566 888 3581 .
902 3565 910 3580 .
925 3516 999 3580 Dat.
1013 3516 1106 3580 huin.
1115 3517 1147 3580 II
1159 3513 1233 3580 idus
1245 3514 1390 3579 ianuarii
1402 3534 1433 3577 a.
1448 3510 1559 3577 tercio.

371 3640 443 3707 Rep.
462 3641 516 3693 126
533 3639 557 3708 f.
578 3640 624 3693 27‘
642 3656 690 3693 ar.
709 3642 745 3693 11
751 3656 764 3707 ;
782 3641 834 3695 Ita.
854 3640 930 3693 1923
949 3639 1123 3708 (mendose).

316 3812 452 3878 *2403
477 3812 641 3895 0322930).
668 3818 753 3880 1337
778 3816 854 3881 Jutc'
878 3817 933 3878 26.
958 3814 1159 3900 Godeaberp.

319 3938 498 4005 Walramus
527 3940 788 4025 archiepiscopus
812 3940 924 4005 Colon.
950 3948 1058 4002 notum
1083 3938 1177 4018 facit,
1204 3935 1294 4019 qnod
1321 3933 1494 4015 obligatus
1516 3936 1567 3995 est

214 4045 351 4111 Henrico
381 4044 468 4109 dicto
493 4045 673 4111 Zudermun
697 4048 751 4126 (de
784 4048 974 4121 Tremoaiul
1008 4043 1113 4125 militi,
1149 4041 1280 4107 doctori
1306 4040 1433 4123 legum,
1463 4056 1566 4103 secre

211 4151 295 4217 tario
319 4172 375 4217 suo
400 4154 432 4216 in
457 4152 639 4237 quingentis
664 4154 771 4237 parvis
801 4154 932 4217 florenis
955 4151 1071 4225 aureis,
1097 4169 1180 4230 quos
1205 4150 1234 4212 is
1258 4145 1325 4231 ipsi
1351 4144 1396 4208 ad
1421 4142 1568 4226 redemp-

211 4260 329 4324 tionem
359 4260 461 4324 oflioii
492 4260 776 4345 archiepiscopalis
808 4262 840 4323 in
868 4254 1158 4342 Reykeliuohusen
1183 4275 1205 4318 a
1228 4252 1333 4317 nobili
1365 4252 1436 4315 viro
1460 4248 1568 4312 Theo·

212 4365 320 4432 dorico
346 4366 386 4430 de
410 4366 593 4451 Lymburch
618 4368 740 4431 iactam
766 4366 933 4445 mutuavit,
966 4370 999 4427 et
1025 4360 1114 4443 quod
1140 4359 1216 4444 ipse
1240 4357 1350 4423 eidem
1376 4355 1418 4418 de
1441 4354 1494 4418 his
1517 4374 1568 4419 sa-

212 4473 363 4538 tisfacere
387 4474 498 4538 volens
522 4475 691 4538 committit
715 4474 819 4538 eidem
845 4478 952 4536 curtes
976 4465 1289 4549 archiepiscopales
1313 4462 1347 4525 in
1372 4459 1510 4525 Swelme
1535 4470 1572 4528 et

211 4582 243 4645 in
269 4579 385 4663 Hagen
417 4600 487 4645 cum
516 4582 581 4644 suis
616 4580 795 4645 attinentiis
828 4579 910 4643 alias
935 4574 1043 4641 eidem
1069 4570 1115 4635 ab
1140 4572 1217 4653 ipso
1243 4590 1285 4634 ex
1309 4562 1442 4649 speciali
1467 4567 1573 4634 confi-

212 4686 322 4752 dentia
358 4686 543 4751 commissas
584 4695 615 4750 et
653 4685 798 4750 officium
835 4683 955 4747 ibidem
998 4674 1296 4759 archiepiscopale
1335 4688 1393 4753 per
1433 4670 1581 4747 eundem
