3642 5509
723 458 792 514 raas
812 455 897 528 spru
916 454 960 511 so.
1477 449 1531 507 res

194 645 423 710 conventiones
447 640 671 725 colligationes
688 640 772 723 ligas
787 639 839 705 vel
856 640 1031 704 societates
1047 656 1105 722 per
1120 633 1279 720 prefatum
1299 632 1531 698 Trcvcrensem

195 751 471 836 archiepiscopum
489 748 540 813 vel
562 749 659 813 alium
677 768 733 813 seu
749 747 830 813 alios
853 746 982 812 nomine
1006 765 1063 809 suo
1088 742 1339 825 quibuscumque
1357 790 1364 803 .
1380 790 1386 805 .
1403 788 1409 803 .
1427 739 1532 805 factas

196 858 436 942 quomodolibet
463 906 523 924 ...
550 858 647 921 etiam
671 856 700 922 si
723 855 912 919 iuramentis
935 854 1026 937 penis
1050 851 1101 916 vel
1125 851 1197 916 aliis
1221 849 1417 932 quibuslibet
1440 847 1530 911 firmi·

195 967 316 1033 tatibus
333 966 451 1032 vallate
474 964 605 1044 fuerint,
630 964 825 1028 auctoritate
849 967 960 1026 nostra
984 961 1111 1045 penitus
1129 956 1326 1023 dissolvendi
1345 1006 1351 1020 .
1370 1004 1377 1019 .
1397 1006 1403 1019 .
1423 975 1533 1040 penas·

196 1094 258 1158 que
281 1074 427 1139 adiectas
451 1079 484 1137 ct
506 1072 688 1137 iuramenta
719 1090 816 1155 super
849 1068 910 1133 hiis
940 1068 1076 1153 prestita
1104 1116 1112 1131 .
1144 1114 1150 1131 .
1182 1065 1342 1149 ‚penitus
1365 1062 1532 1127 relaxandi

196 1182 324 1267 plenam
348 1180 407 1245 tibi
432 1178 639 1245 concedimus
657 1227 663 1239 .
682 1227 690 1243 .
707 1183 929 1263 postestatem.
976 1176 1051 1239 Dat.
1079 1174 1110 1237 11
1135 1172 1179 1237 kl.
1204 1172 1278 1237 maii
1304 1192 1335 1235 a.
1359 1169 1465 1235 XVII.

357 1288 430 1356 ch.
450 1288 503 1340 117
521 1285 545 1355 f.
565 1285 605 1339 22
624 1301 671 1338 nr.
691 1284 756 1339 619.

305 1572 428 1639 aloe,
456 1574 542 1637 1333
575 1571 677 1658 April
700 1572 755 1635 30.
786 1568 952 1657 Aciqooo.

308 1718 477 1783 Iohannes
494 1718 604 1781 XXII
622 1716 821 1780 Baldecoino
845 1714 1096 1798 archiepiscopo
1119 1713 1150 1777 Τ
1146 1732 1251 1777 rever.
1276 1712 1425 1793 0000101,
1449 1711 1537 1796 qaod

201 1828 246 1891 od
270 1848 345 1891 eom
367 1826 470 1890 mittit
495 1825 682 1890 Geraldam
712 1824 754 1889 dc
777 1824 946 1905 Bioturre,
979 1822 1037 1906 qui
1065 1841 1140 1885 eam
1163 1841 1238 1885 com
1262 1826 1392 1884 moveat
1421 1818 1466 1883 cd
1490 1818 1537 1881 di·

200 1934 401 1998 mitteadam
425 1932 751 2017 archiepiscopatum
774 1930 1025 2017 Mogontiacum.

310 2074 481 2158 [lohannes
505 2074 616 2159 XXII]
643 2072 830 2139 Baldewino
853 2071 1109 2157 archiepiscopo.

309 2182 412 2266 Urget
435 2202 493 2248 nos
517 2182 636 2248 caritas
663 2231 670 2246 .
697 2230 705 2245 .
733 2230 740 2245 .
766 2179 862 2262 Sane,
896 2180 980 2245 sicut
1003 2186 1060 2243 tua
1084 2177 1174 2243 novit
1198 2176 1392 2259 fratemitas‚
1417 2174 1537 2240 dudum

203 2296 340 2355 vacante
356 2289 546 2372 Magantina
570 2288 709 2353 ecclesia
732 2286 934 2371 dispositioni
960 2285 1136 2371 apostolice
1160 2291 1334 2358 reservata,
1360 2281 1463 2349 eidem
1490 2303 1540 2348 ec·

205 2397 303 2463 clesie
326 2395 368 2461 de
386 2446 393 2459 .
413 2445 446 2461 ..
476 2397 614 2460 Hemico
639 2394 883 2479 archiepiscopo
909 2394 1096 2476 Magantino
1121 2390 1270 2457 duximus
1294 2389 1539 2476 providendum.

205 2505 263 2570 Oui
282 2542 321 2550 —
340 2504 510 2585 nescimus,
535 2524 667 2587 quorum
689 2502 992 2569 seductusconsilio
1010 2502 1128 2567 -sub
1146 2500 1263 2582 colore,
1288 2497 1373 2582 quod
1398 2499 1540 2565 nonnulli

206 2611 351 2677 canonici
376 2618 408 2676 te
431 2613 464 2675 in
488 2610 780 2676 administratorem
815 2608 958 2676 ciusdem
992 2607 1128 2674 ecclesie
1161 2606 1398 2690 ordinaverant,
1429 2613 1461 2671 tc
1485 2626 1540 2690 op·

206 2708 339 2804 ponens,¹
364 2720 466 2804 ipsum
490 2720 524 2782 in
548 2738 607 2784 sua
630 2717 908 2783 administratione
934 2716 1153 2800 multipliciter
1177 2714 1314 2799 impedis
1338 2714 1462 2796 sibique
1486 2712 1541 2779 ad-

207 2826 356 2891 herentes
379 2846 516 2908 gravare
539 2824 643 2889 modis
659 2824 757 2889 variis
772 2845 835 2889 non
852 2824 971 2889 omittis
990 2872 997 2887 .
1017 2872 1023 2886 .
1042 2872 1049 2887 .
1075 2821 1180 2901 Quare
1205 2822 1437 2887 fraternitatem
1455 2828 1542 2886 tuam

209 2982 217 2997 .
236 2982 243 2997 .
261 2983 268 2995 .
288 2933 503 2999 hortamur..
522 2982 529 2996 .
547 2933 697 3015 quatinus
720 2980 727 2995 .
747 2980 754 2996 .
772 2980 779 2993 .
797 2953 817 2996 a
841 2931 940 2996 tantis
963 2936 995 2995 te
1019 2929 1171 3015 periculis
1195 2929 1328 2994 festines
1352 2930 1476 3013 eripere
1490 2978 1497 2994 .
1512 2977 1542 2993 ..

208 3041 251 3105 Et
282 3060 359 3105 ecce
387 3039 507 3105 dilecto
536 3039 600 3104 filio
625 3038 765 3104 Geraldo
790 3037 831 3103 de
856 3038 1000 3103 Risimus
1033 3036 1157 3102 decano
1181 3035 1410 3119 Andegavensi
1438 3035 1543 3121 capel-

209 3146 282 3213 lano
306 3152 426 3229 nostro,
460 3166 554 3229 quem
579 3146 620 3210 ad
645 3153 754 3231 partes
783 3144 856 3209 illas
879 3143 1057 3227 dirigimus,
1086 3192 1145 3208 ...
1173 3144 1410 3225 committimus,
1444 3150 1478 3208 ut
1501 3142 1543 3208 ad

209 3274 267 3319 vos
290 3254 323 3318 in
347 3274 455 3320 amore
480 3262 513 3319 et
542 3254 687 3319 caritatis
720 3251 876 3318 uniendos
911 3252 1038 3317 vinculo
1072 3270 1239 3336 operosum
1275 3250 1414 3316 studium
1448 3252 1544 3316 inter-

209 3368 318 3445 ponat,
343 3363 433 3427 cuius
461 3360 739 3426 exhortationibus
761 3361 952 3443 acquiescas
978 3358 1173 3424 salutaribus
1201 3358 1290 3423 velut
1312 3359 1440 3439 nostris,
1466 3360 1544 3423 etsi

210 3468 346 3533 forsitan
370 3467 493 3550 aliquid
518 3466 648 3532 difficile
671 3487 706 3532 se
730 3467 869 3548 offerret,
895 3464 980 3549 quod
1002 3466 1159 3550 evestigio
1177 3464 1323 3551 expediri
1346 3485 1409 3529 non
1426 3472 1543 3550 posset,

210 3595 272 3639 non
303 3573 436 3640 differas
459 3581 632 3659 propterea
660 3573 779 3639 dictam
804 3574 1026 3658 Maguntiuam
1056 3572 1228 3638 ecclesiam
1258 3570 1360 3637 eidem
1389 3570 1543 3657 archicpi·

211 3703 310 3767 scopo
327 3682 491 3767 expedire,
515 3682 654 3748 sciturus
677 3703 735 3766 pro
760 3688 859 3763 certo,
884 3679 969 3763 quod
995 3700 1064 3761 nos,
1090 3698 1290 3762 quecumque
1314 3678 1546 3744 rationabiliter

212 3790 359 3874 pecteris,
389 3790 447 3854 tibi
473 3789 629 3855 iaciemus
652 3809 710 3874 per
734 3786 854 3853 dictum
880 3786 1158 3873 archiepiscopum
1184 3785 1341 3869 expediri.
1398 3786 1546 3871 Superin-

213 3897 371 3961 iunximns
404 3896 528 3961 decano
561 3896 719 3981 predicto,
753 3902 788 3960 ut
812 3895 853 3961 ab
882 3893 995 3960 eodem
1028 3894 1271 3980 archiepiscopo
1302 3893 1486 3958 iuratoriam
1515 3898 1547 3957 et

213 4004 308 4068 aliam
333 4004 493 4088 reciperet
516 4006 708 4086 cautionem,
733 4000 819 4086 quod
843 4022 940 4087 super
963 4001 1118 4088 predictis
1143 4002 1260 4067 nostris
1276 4001 1402 4086 parebit
1418 4000 1547 4065 omnino

214 4111 427 4196 beneplacitis
450 4117 484 4175 et
507 4111 678 4176 mandatis.
724 4110 803 4175 Dat.
828 4110 861 4175 ΙΙ
884 4110 930 4175 kl.
954 4110 1030 4174 nraii
1054 4130 1084 4174 a.
1108 4109 1215 4173 XVII.

365 4218 436 4287 Reg.
450 4218 504 4270 117
521 4216 546 4286 f.
558 4217 614 4270 125
633 4233 681 4270 ur.
691 4219 747 4270 635
758 4238 767 4280 ,·
788 4215 827 4285 cf.
841 4212 1010 4285 1101100131,
1029 4214 1142 4269 Annal.
1161 4216 1228 4269 eccl.
1248 4230 1276 4268 α.
1290 4216 1367 4268 1333
1379 4220 1397 4278 3
1411 4214 1458 4268 29.

323 4481 444 4548 21⁰7.
471 4484 558 4546 1333
581 4480 683 4566 April
706 4483 760 4546 30.
785 4480 979 4569 (Aoigcon.)

325 4625 496 4709 [lohannes
520 4625 631 4709 XXII]
657 4626 795 4690 Henrico
819 4624 1062 4710 archiepiscopo
1088 4624 1285 4708 Maguntino.

326 4733 453 4797 Dilecto
478 4731 542 4797 lilio
573 4733 727 4814 magistro
762 4731 904 4797 Geraldo
936 4732 977 4797 de
1001 4733 1143 4798 Bisturrc
1174 4732 1298 4797 decano
1323 4728 1552 4816 Andagaveusi

219 4840 386 4928 capellano
410 4847 518 4905 nostro
542 4840 719 4925 apostolice
742 4839 829 4907 sedis
853 4841 979 4923 nuncio,
1010 4860 1104 4923 quem
1138 4838 1181 4904 ad
1215 4846 1324 4925 partes
1355 4840 1427 4905 illas
1457 4839 1551 4906 desti·
