3642 5509
780 402 851 459 1830
869 399 1048 474 September
1067 393 1110 458 26.

363 619 484 686 1⁹4⁹.
511 621 599 685 1330
622 620 814 705 September
837 622 891 684 26.
917 618 1110 705 (Aoipaon.)

361 767 528 830 Iohannes
555 765 666 827 XXII
696 764 812 829 Ottone'
846 764 924 829 daci
944 765 1080 828 Austris
1114 764 1230 828 scribit
1263 764 1303 828 de
1335 784 1402 829 non
1435 784 1590 830 concessa

259 873 510 958 dispensatione
542 892 646 955 saper
677 872 893 936 matrimonio
926 872 1015 935 inter
1039 871 1192 936 Ottonene
1228 879 1258 934 et
1288 871 1397 956 filiam
1427 871 1590 935 Iohannis

258 981 347 1065 repis
371 980 508 1044 Boemc'e
541 978 767 1043 contrahendo
793 1000 931 1063 eamque
955 979 1052 1043 valde
1076 979 1247 1063 vituperat
1275 980 1314 1043 ob
1339 999 1387 1061 ea,
1419 1000 1481 1063 pac
1509 999 1589 1063 pro·

256 1094 398 1151 carante
420 1106 496 1171 repe
519 1093 727 1151 tractaverat
750 1107 825 1150 cam
851 1086 1001 1150 Baoaro.

364 1228 536 1313 [Iohannes
558 1229 669 1313 XXll]
694 1228 804 1294 Ottoni
829 1227 904 1293 duci
929 1229 1067 1294 hostria.

363 1335 401 1400 ln
425 1336 540 1401 litteris
563 1343 617 1400 tue
635 1335 813 1401 nobilitatis
837 1333 930 1401 nobis
945 1355 1003 1420 per
1020 1384 1028 1400 .
1046 1383 1054 1398 .
1073 1384 1079 1400 .
1097 1335 1284 1418 magistrum
1307 1334 1476 1403 Nicolaum
1500 1342 1589 1401 tuum

256 1443 414 1508 notarium
438 1443 610 1508 novissime
634 1443 827 1527 presentatio
855 1462 919 1506 non
943 1442 1065 1524 absque
1089 1441 1302 1507 admiratione
1331 1443 1486 1506 contineri
1511 1441 1590 1506 vidi-

256 1569 336 1633 mus,
371 1570 429 1615 nos
461 1569 557 1635 super
588 1550 789 1615 matrimonio
823 1555 961 1615 tractato
994 1549 1077 1615 inter
1100 1557 1133 1614 te
1166 1555 1198 1614 et
1231 1547 1327 1614 liliam
1350 1597 1357 1612 .
1379 1597 1418 1613 ..
1454 1549 1480 1613 1.
1505 1550 1590 1632 regis

258 1657 388 1723 Boemie
410 1657 542 1723 illustris
569 1656 784 1742 dispensasse.
832 1657 903 1722 Hoc
928 1657 1011 1722 enim
1035 1709 1042 1724 .
1068 1705 1074 1720 .
1097 1705 1105 1720 .
1127 1677 1191 1721 non
1223 1656 1369 1738 fecimus,
1399 1654 1457 1722 sed
1481 1674 1590 1720 verum

257 1771 315 1846 est,
349 1764 435 1849 quod
458 1772 675 1849 supponentes
707 1769 739 1828 te
763 1770 797 1830 et
828 1783 938 1847 regem
967 1763 1146 1848 predictum
1179 1762 1315 1830 devotos
1338 1761 1477 1829 existere
1509 1761 1591 1828 filios

256 1892 373 1957 sponse
388 1870 519 1952 Christi,
543 1870 807 1936 ordinaveramus
830 1871 1030 1936 committere
1054 1871 1151 1936 certis
1168 1871 1338 1957 episcopis,
1363 1877 1397 1935 ut
1421 1869 1462 1934 de
1486 1871 1590 1936 causis

256 1978 383 2045 insertis
413 1980 444 2042 in
468 1977 705 2062 supplicatione
734 1978 826 2042 nobis
850 1977 960 2043 oblata
983 1997 1079 2062 super
1107 1977 1169 2043 hoc
1193 1978 1352 2044 contentis
1379 1997 1414 2044 se
1438 1976 1592 2043 deberent

257 2086 381 2170 plenius
397 2085 582 2166 informare,
607 2091 641 2151 et
664 2084 690 2150 si
709 2105 749 2150 ea
764 2085 941 2169 reperirent
956 2105 1112 2152 conseram
1129 2083 1257 2150 veritati
1281 2091 1313 2148 et
1338 2105 1408 2150 eam
1432 2084 1514 2150 alias
1537 2103 1590 2150 ex-

257 2192 380 2279 pedire,
420 2200 551 2276 possent
585 2189 762 2276 procedere
796 2191 840 2256 ad
875 2190 1146 2276 dispensationem
1183 2189 1362 2257 huiusmodi
1397 2189 1590 2272 faciendam,

256 2299 407 2381 illamque
439 2318 498 2383 per
521 2347 528 2362 .
553 2346 561 2363 .
588 2347 595 2362 .
617 2297 755 2383 priorem
779 2297 920 2364 Tholose
949 2317 1214 2383 proposueramus
1237 2299 1364 2364 mittere
1397 2305 1429 2364 et
1452 2317 1524 2364 enm
1548 2295 1590 2362 ad

256 2411 343 2471 tuam
377 2412 409 2470 et
442 2403 521 2470 dicti
554 2406 640 2489 regis
673 2404 866 2489 presentiam
899 2425 957 2491 pro
982 2406 1079 2470 certis
1112 2405 1184 2470 aliis
1216 2404 1355 2489 negotiis
1387 2425 1445 2472 nos
1478 2411 1511 2471 et
1534 2425 1591 2472 vos

256 2511 464 2597 tangentibus
497 2510 669 2577 destinare.
716 2511 803 2578 Sane
836 2511 923 2594 quia,
956 2519 1126 2595 antequam
1161 2511 1267 2578 dietus
1290 2513 1377 2598 prior
1408 2513 1469 2578 iter
1500 2531 1591 2578 snum

256 2620 422 2705 arriperet,
455 2626 704 2701 supervenerant
737 2619 843 2684 littere
868 2619 967 2701 varie,
1000 2617 1086 2702 quod
1119 2617 1208 2684 dicto
1232 2639 1308 2703 rege
1341 2625 1531 2704 procurante
1554 2625 1589 2684 tu

256 2745 328 2791 cum
353 2726 480 2792 Basaro
513 2728 609 2793 armis
641 2725 794 2811 proiectis
826 2747 939 2811 pacem
964 2726 1090 2792 feceras
1122 2733 1218 2809 teque
1252 2748 1309 2812 pro
1344 2735 1432 2794 certa
1465 2748 1588 2794 summa

255 2832 402 2917 pecunie,
435 2854 493 2917 pro
528 2854 591 2916 qua
615 2834 673 2898 tibi
706 2840 796 2899 certa
818 2832 1000 2918 imperialia
1032 2841 1138 2898 castra
1161 2833 1202 2899 de
1226 2833 1326 2917 facto,
1360 2854 1431 2900 curn
1456 2833 1497 2900 de
1520 2837 1588 2900 iure

256 2961 318 3005 non
342 2948 459 3024 posset,
493 2941 704 3023 obligaverat,
739 2940 808 3006 eius
831 2939 1075 3024 stipendiarium
1106 2943 1317 3007 constitueras
1340 2949 1491 3025 tuumque
1517 2963 1587 3007 cum

254 3054 322 3113 toto
346 3066 439 3132 posse
463 3052 518 3112 tao
551 3048 583 3111 in
608 3047 800 3112 Alamannia
832 3047 985 3112 auxilium
1010 3046 1115 3113 cidem
1149 3049 1341 3133 promiseras
1364 3049 1520 3134 impartiri
1549 3069 1588 3114 ac

257 3155 288 3219 in
313 3153 444 3219 instanti
468 3155 552 3219 festo
577 3153 808 3237 purificationis
831 3152 960 3218 dominc
990 3160 1096 3219 nostre
1120 3153 1303 3238 homagium
1328 3163 1362 3220 ut
1386 3158 1454 3240 regi
1478 3163 1511 3222 et
1534 3156 1588 3220 inr-

258 3264 398 3348 peratori
414 3263 587 3328 solenniter
600 3261 764 3345 exhihere,
782 3263 884 3328 visum
900 3270 951 3327 est
963 3261 1077 3348 [nobis]
1093 3269 1126 3328 et
1142 3263 1274 3328 consilio
1290 3269 1408 3339 nostro,
1426 3262 1511 3347 quod
1529 3283 1588 3328 nec

257 3371 438 3437 commissio
454 3390 550 3456 super
567 3369 805 3454 dispensatione
822 3367 970 3454 predicta
987 3367 1077 3434 lieret
1100 3389 1160 3434 nee
1176 3369 1216 3434 ad
1243 3391 1299 3436 vos
1316 3371 1402 3457 prior
1425 3369 1588 3455 predictus

254 3477 409 3544 destinari
425 3477 560 3544 deberet
577 3526 585 3542 .
604 3525 638 3541 ..
672 3476 815 3559 Ideoque
839 3476 957 3542 habeat
973 3496 1031 3543 nos
1046 3497 1142 3562 super
1165 3483 1300 3560 utroque
1323 3526 1330 3542 .
1354 3527 1362 3542 .
1387 3527 1394 3543 .
1418 3484 1474 3543 tua
1500 3477 1583 3542 nohi-

254 3586 329 3651 litas
353 3606 393 3651 ex
417 3590 545 3650 cusatos
564 3633 571 3648 .
590 3630 623 3646 ..
660 3584 736 3648 Dat.
762 3583 806 3646 Vl
831 3582 873 3646 kl.
900 3584 1040 3649 octobris
1064 3604 1093 3648 a.
1118 3584 1190 3649 XV.

416 3709 489 3779 nep.
510 3710 562 3762 116
579 3706 604 3777 f.
625 3706 663 3760 72
681 3721 728 3760 nr.
749 3708 813 3760 333.

362 3978 491 4048 1950.
517 3979 605 4046 1330
628 3979 821 4066 September
844 3981 897 4046 26.
925 3979 1115 4070 (Aoipnore.)

362 4124 533 4208 [lohannes
556 4124 667 4208 XXll]
692 4124 760 4208 regi
785 4124 925 4191 Boernie.

363 4233 400 4296 ln
418 4231 633 4316 responsione,
658 4251 752 4313 quam
769 4231 827 4297 tibi
845 4281 852 4297 .
873 4281 881 4296 .
899 4281 907 4295 .
925 4240 957 4297 et
971 4285 978 4300 .
993 4280 1001 4296 .
1016 4281 1024 4298 .
1038 4231 1195 4298 Balduino
1212 4231 1453 4319 archiepiscopo
1470 4232 1587 4298 Treve-

254 4339 340 4406 rensi
364 4357 461 4424 super
483 4337 573 4403 facto
590 4337 708 4403 bavari
732 4339 884 4420 misimus,
909 4338 970 4403 fuit
986 4357 1043 4424 per
1059 4359 1197 4405 errorem
1214 4340 1376 4423 insertum,
1401 4338 1487 4422 quod
1503 4338 1587 4405 idem

254 4448 399 4511 Bararus
423 4467 480 4532 per
502 4446 632 4510 Petrum
666 4444 706 4510 de
731 4444 884 4511 Corvaria
908 4444 1027 4511 dudum
1063 4446 1250 4531 antipapam
1274 4453 1445 4513 coronatus
1477 4447 1509 4510 in
1533 4448 1587 4510 irn-

254 4559 435 4638 peratorem
469 4553 576 4618 fuerat
608 4558 641 4617 et
674 4553 833 4634 inunctus,
867 4573 939 4617 curn
973 4552 1147 4618 secundum
1181 4555 1348 4619 veritatem
1383 4553 1423 4618 ab
1457 4572 1495 4618 eo
1528 4572 1588 4618 nee

254 4662 405 4726 inunctus
428 4661 525 4725 fuerit
548 4679 607 4723 nec
631 4659 728 4725 etiam
753 4665 935 4742 coronatus,
969 4657 1026 4725 sed
1051 4660 1198 4725 inunctus
1222 4659 1284 4724 tuit
1307 4680 1362 4725 scu
1387 4660 1492 4725 verius
1516 4679 1587 4725 exe·

255 4775 362 4835 cratus
378 4789 398 4832 a
416 4768 533 4832 lacobo
551 4765 670 4830 dudrrm
688 4768 840 4851 episcopo
858 4765 1043 4832 Castellano
1060 4772 1136 4832 tunc
1153 4815 1160 4828 .
1180 4815 1187 4831 .
1206 4817 1213 4833 .
1231 4767 1452 4832 excommunic
1474 4772 1508 4831 to
1526 4814 1533 4831 .
1550 4813 1559 4834 .
1579 4814 1587 4832 .

959 4867 968 4891 r
