3642 5509
789 455 860 510 1330
878 454 938 508 Mai
957 453 983 508 4.
1503 451 1555 506 32¹!

218 636 364 702 eandem.
421 636 483 714 Qui
512 635 641 718 quidem
664 635 811 700 homines
833 636 866 698 in
891 633 1000 716 aliqua
1024 632 1243 718 predictarum
1269 631 1479 697 festivitatum
1503 631 1555 696 vel

219 744 284 808 alia
307 744 429 809 solenni
460 743 501 808 ab
529 744 675 825 ingressu
699 740 787 806 dicte
821 741 965 806 civitatis
998 759 1099 822 usque
1129 738 1170 804 ad
1204 740 1355 804 maiorem
1385 738 1554 803 ecclesiam

218 851 448 916 Treverensem
481 849 577 914 nudis
602 849 739 934 pedibus
766 848 966 929 incedentes,
992 867 1129 911 accensa
1160 848 1286 911 torticia
1310 865 1405 911 cerea
1427 851 1555 929 portent

217 959 429 1034 inmanibus,
462 958 519 1022 illa
546 957 578 1020 in
612 957 722 1021 maiori
750 956 848 1021 altari
874 954 1015 1020 eiusdem
1042 955 1180 1019 ecclesia
1204 952 1368 1018 offerendo
1392 953 1555 1037 ipsiusque

219 1066 381 1132 comitisse
404 1067 540 1138 nomine,
576 1084 647 1128 cum
675 1064 778 1127 maior
811 1063 931 1127 ibidem
965 1061 1070 1126 aderit
1094 1059 1263 1125 multitudo
1289 1059 1407 1144 populi,
1433 1065 1555 1124 reatum

219 1172 397 1258 predictum
421 1171 542 1236 ibidem
566 1170 694 1254 publice
717 1168 914 1234 confitendo.
948 1168 1070 1233 Rursus
1093 1167 1246 1232 fabricari
1270 1167 1371 1230 faciat
1395 1167 1557 1232 comitissa

218 1278 365 1364 prodicta
398 1285 535 1360 quatuor
563 1275 730 1359 lampades
763 1282 936 1360 argenteas
971 1273 1122 1358 ponderis
1150 1272 1319 1338 duodecim
1343 1273 1555 1354 marcharum,

219 1405 299 1467 quas
322 1392 397 1449 tunc
421 1384 529 1448 mittat
554 1382 658 1447 cidem
684 1382 821 1447 ecclesie
845 1402 902 1467 per
925 1381 1071 1446 homines
1102 1379 1313 1464 supradictos,
1348 1386 1422 1445 ante
1455 1380 1557 1444 maius

219 1493 321 1556 altare
353 1488 499 1576 predicte
522 1490 730 1555 Treverensis
760 1488 896 1553 ecclesie
919 1507 1154 1572 permansuras,
1188 1506 1245 1571 pro
1270 1488 1384 1568 quibus
1407 1484 1557 1552 tenendis

218 1600 382 1684 perpetuis
414 1597 611 1681 temporibus
646 1595 766 1661 ibidem
807 1594 1001 1660 sufficienter
1033 1595 1178 1659 accensis
1207 1600 1312 1658 certos
1342 1593 1488 1675 acquirat
1516 1592 1557 1657 de

218 1725 278 1771 suo
302 1707 431 1790 proprio
456 1703 612 1783 redditus,
637 1722 716 1785 quos
740 1702 906 1784 assignare
932 1707 1064 1786 propter
1087 1699 1147 1765 hoc
1172 1705 1345 1765 memorate
1366 1700 1556 1765 Treverensi

219 1813 357 1878 ecclesie
392 1812 424 1876 in
460 1818 649 1896 perpetuum
683 1817 841 1874 teneatur.
888 1809 995 1893 Super
1031 1808 1146 1890 quibus
1181 1807 1326 1872 omuibus
1358 1814 1391 1872 et
1423 1807 1557 1890 singulis

221 1920 334 1985 confici
359 1918 504 1983 volumus
528 1917 651 1982 litteras
675 1917 856 1982 autenticas
872 1935 930 1981 scu
954 1915 1084 1998 publica
1107 1915 1318 1979 instrumenta
1341 1915 1454 1979 seriem
1480 1934 1556 1978 cou-

222 2026 361 2090 tinentia
385 2025 590 2109 prcsentium,
623 2023 716 2088 nobis
749 2022 886 2088 fideliter
919 2021 1121 2108 postmodum
1156 2018 1358 2086 destinanda.
1409 2021 1452 2084 Et
1473 2021 1557 2085 ultra

223 2133 294 2215 hoc,
320 2131 403 2214 quod
429 2137 494 2195 tam
520 2130 664 2216 predicta
689 2129 854 2194 comitissa
878 2149 974 2210 quam
997 2128 1117 2192 milites
1141 2127 1299 2193 domicelli
1325 2134 1357 2192 et
1378 2127 1557 2192 Beltramns

222 2238 361 2324 predicti
394 2239 538 2302 ieiunare
572 2256 628 2321 per
660 2235 740 2300 duos
770 2256 871 2300 annos
896 2236 1064 2301 continuos
1087 2236 1119 2299 in
1144 2233 1275 2299 ferculis
1298 2232 1557 2316 quadragesima·

222 2347 306 2410 libus
330 2347 430 2410 sextis
454 2344 545 2408 feriis
568 2351 748 2408 teneantur.
786 2343 972 2425 Eademque
998 2341 1216 2407 comitissam
1241 2341 1392 2405 bonorem
1418 2341 1557 2422 quinque

219 2454 387 2537 plagarum
417 2450 535 2515 domini
565 2451 664 2515 nostri
689 2449 784 2515 Ihesu
809 2450 927 2515 Christi
953 2451 1091 2532 quinque
1115 2456 1148 2513 et
1172 2448 1305 2530 quilibet
1330 2447 1463 2512 aliorum
1488 2465 1556 2530 pre-

220 2559 379 2625 dictorum
403 2577 498 2622 unum
523 2577 682 2642 pauperes
705 2555 852 2621 reficiant
875 2577 933 2641 per
958 2555 1038 2621 duos
1061 2575 1161 2620 annos
1185 2555 1286 2620 sextis
1310 2554 1407 2631 feriis,
1440 2553 1557 2635 quibus

220 2667 417 2747 ieiunabunt,
450 2670 486 2728 ut
517 2665 664 2750 superius
692 2669 741 2729 est
771 2683 967 2747 expressum.
1015 2661 1174 2739 Quocirca
1198 2661 1394 2726 fraternitati
1420 2667 1474 2726 tue
1498 2679 1557 2744 per

220 2773 399 2858 apostolica
421 2773 543 2856 scripta
567 2772 793 2836 committimus
818 2776 850 2835 ct
874 2769 1073 2850 mandamus,
1099 2771 1250 2852 quatinus
1267 2789 1324 2853 per
1340 2774 1373 2833 te
1389 2768 1440 2833 vel
1458 2767 1555 2832 alium

219 2901 275 2947 seu
299 2879 380 2944 alios
404 2881 597 2944 comitissam
622 2877 742 2944 milites
765 2877 953 2942 domicellos
976 2884 1008 2940 ct
1032 2876 1225 2940 lleltramum
1251 2874 1415 2960 predictos
1439 2873 1557 2938 denun-

220 2987 287 3053 cias
311 2988 352 3051 ab
376 2985 489 3051 cadem
523 2984 866 3050 excommunicationis
898 2985 1069 3065 sententia,
1104 3003 1175 3046 cum
1208 3003 1266 3066 per
1297 3001 1352 3046 eos
1385 2980 1557 3064 requisitus

220 3095 327 3174 fucris,
352 3093 526 3174 absolutos,
556 3093 809 3174 quibuscumque
833 3091 905 3156 aliis
930 3089 1072 3155 eiusdem
1098 3089 1261 3154 comitisse
1284 3109 1380 3173 super
1403 3087 1557 3172 predictis

220 3203 369 3285 captione
393 3208 425 3264 et
449 3198 635 3265 detentione
669 3197 880 3282 complicibus
914 3204 947 3262 et
980 3197 1169 3276 fautoribus,
1204 3197 1257 3278 qui
1283 3196 1323 3260 ab
1348 3195 1461 3260 eadem
1486 3215 1557 3260 sen·

221 3311 322 3374 tentia
345 3308 497 3393 petierint
521 3305 682 3371 humiliter
705 3325 740 3370 se
764 3304 899 3385 absolvi,
934 3304 1127 3368 auctoritate
1160 3308 1268 3367 nostra
1292 3301 1480 3367 beneficium
1504 3303 1557 3366 ab

221 3415 387 3481 solutionis
419 3413 509 3477 iuxta
539 3411 677 3477 ecclesie
700 3412 837 3476 formam
860 3409 1041 3493 impendas,
1075 3409 1224 3484 similem,
1258 3428 1319 3490 que
1344 3409 1485 3473 iniuncta
1509 3414 1557 3473 est

221 3521 375 3607 predictis
399 3520 553 3585 militibus
577 3518 755 3585 domicellis
778 3526 810 3582 et
834 3517 1006 3592 Beltramo,
1043 3516 1250 3600 penitentiam
1276 3522 1307 3579 et
1332 3515 1406 3596 alia,
1431 3533 1492 3596 quc
1516 3513 1557 3579 dc

222 3631 290 3695 iure
322 3627 441 3693 videris
473 3625 672 3709 iniungenda
701 3627 780 3710 ipsis
805 3624 1015 3708 complicibus
1038 3630 1071 3689 et
1096 3622 1274 3688 fautoribus
1298 3641 1469 3704 eorumque
1493 3623 1556 3688 sin·

221 3735 306 3818 gulis
328 3755 386 3820 per
414 3741 446 3799 tc
474 3733 681 3798 absolvendis
704 3732 929 3798 nichilominus
953 3730 1163 3814 iniungendo.
1208 3729 1277 3796 Nos
1300 3735 1405 3793 autem
1431 3728 1557 3812 prefate

223 3842 383 3907 comitisse
416 3862 456 3906 ac
488 3839 643 3904 militibus
675 3838 855 3904 domicellis
885 3847 918 3902 et
951 3839 1111 3902 Beltramo
1135 3836 1289 3921 predictis
1313 3834 1501 3899 mandamus
1525 3835 1556 3898 in

221 3949 339 4014 virtute
363 3947 481 4032 prefati
505 3945 684 4027 iuramenti,
709 3951 744 4009 ut
768 3943 808 4010 de
833 3951 941 4009 cetero
966 3943 1007 4009 ad
1032 3944 1135 4010 simile
1159 3940 1406 4028 perpetrandum
1432 3940 1557 4006 facinus

222 4075 428 4141 prorumpere
456 4075 517 4118 non
549 4058 741 4136 attemptent
769 4051 919 4135 quodque
949 4052 1149 4135 penitencias
1174 4050 1335 4135 complere
1358 4047 1558 4130 integraliter

221 4161 373 4229 studeant
396 4159 614 4245 supradictam
639 4167 671 4223 et
695 4159 780 4224 idem
804 4159 877 4224 aliis
901 4157 1044 4224 eiusdem
1070 4158 1231 4222 comitisse
1255 4178 1274 4220 a
1297 4162 1330 4220 te
1352 4152 1557 4220 absolvendis

221 4270 415 4355 presentium
440 4268 633 4332 auctoritate
657 4267 865 4352 complicibus
889 4285 947 4349 per
971 4272 1003 4328 te
1029 4263 1173 4328 mandari
1198 4263 1342 4327 volumus
1367 4271 1398 4326 et
1422 4261 1556 4344 iniungi.

223 4376 330 4440 Tenor
346 4395 422 4440 vero
438 4375 544 4439 littere
568 4373 705 4458 predicti
730 4372 966 4456 archiepiscopi
992 4368 1066 4437 talis
1090 4378 1153 4434 cst:
1180 4369 1355 4435 Baldoinus
1375 4367 1427 4434 dei
1444 4367 1558 4453 gracia

223 4492 281 4548 etc.
307 4481 404 4568 (Vid.
429 4502 481 4546 ar.
511 4483 631 4558 1864).
679 4480 753 4544 Dat.
779 4480 873 4543 Avin.
899 4478 967 4542 llll
992 4498 1092 4543 nonas
1116 4479 1244 4542 maiia.
1269 4475 1521 4559 quartodecimo.

376 4668 448 4736 Rep.
468 4669 508 4720 93
526 4683 573 4720 nr.
593 4667 667 4730 993,·
688 4666 761 4735 Bep.
781 4667 835 4718 116
850 4680 900 4733 ps.
921 4664 956 4717 ΙΙ
971 4663 995 4732 f.
1016 4666 1069 4717 154
1088 4679 1136 4716 ar.
1157 4665 1247 4730 icco·
1276 4663 1329 4717 Ra.
1349 4663 1441 4729 1321;
1477 4662 1557 4731 Ray·

377 4753 475 4824 nardi,
494 4754 606 4811 Aonal.
626 4755 693 4809 cccl.
712 4754 755 4808 ad
773 4771 801 4808 a.
821 4755 896 4808 1330
914 4757 949 4817 §§
969 4755 1014 4820 51,
1033 4752 1081 4805 52.
