3642 5509
681 487 687 496 .
787 443 856 498 1335
875 441 1048 498 November
1066 442 1109 498 23.

379 665 524 730 *22411
555 666 641 730 1335
665 667 852 729 November
868 667 922 728 23.
948 663 1113 750 Aeipaon.

380 807 587 892 [Benedictus
610 806 687 890 XII]
713 807 955 892 archiepiscopo
981 807 1182 873 Treverensi.

379 915 478 982 Sacro
502 914 667 998 religionis
688 914 877 980 dilectorum
902 963 962 978 ...
988 914 1067 979 Cum
1085 915 1204 998 itaque,
1228 915 1311 981 sicut
1335 935 1375 980 ex
1395 921 1505 980 tenore
1528 915 1607 999 peti·

236 1066 239 1082 .
272 1023 369 1088 tionis
392 1042 450 1106 pro
467 1029 559 1106 parte
575 1020 764 1086 dilectorum
784 1020 919 1086 filiorum
945 1021 1078 1087 fratrum
1095 1020 1236 1088 eiusdem
1253 1021 1386 1088 ordinis.
1426 1021 1606 1106 [Minorem]

272 1127 313 1195 dc
337 1127 483 1194 custodia
506 1128 717 1212 Lothoringie
741 1129 833 1194 nobis
856 1129 965 1194 oblate
989 1129 1176 1212 collegimus
1202 1178 1209 1193 .
1231 1178 1263 1192 ..
1290 1127 1476 1194 Ludovieos
1499 1149 1607 1194 eomes

274 1242 306 1300 et
332 1285 338 1299 .
364 1285 371 1300 .
398 1284 405 1299 .
439 1235 616 1319 Margarita
649 1235 691 1301 de
713 1235 927 1319 Lothoringia
961 1237 1125 1302 eomitissa
1157 1235 1199 1302 de
1234 1236 1297 1301 Les
1332 1244 1365 1301 et
1397 1235 1438 1302 de
1462 1236 1607 1320 Chineyo

273 1343 389 1408 conida
413 1345 481 1408 cius
505 1342 625 1409 eisdem
649 1343 802 1409 fratribus
827 1343 1015 1426 acquirendi
1046 1364 1103 1409 seu
1127 1342 1293 1408 obtinendi
1318 1345 1349 1408 in
1374 1345 1452 1409 uilla
1484 1364 1543 1409 sua
1566 1341 1607 1408 de

272 1449 399 1515 Yvodio
423 1456 477 1515 tue
501 1450 639 1516 diocesis
662 1451 777 1535 locum,
811 1450 864 1515 ubi
893 1450 972 1515 dIoti
996 1450 1113 1516 iratres
1137 1451 1306 1516 ecclesiam
1340 1459 1372 1516 et
1405 1450 1517 1516 domos
1549 1471 1607 1535 pro

274 1555 471 1623 habitatione
495 1559 634 1643 ipsorum
658 1559 858 1625 necessarias
883 1564 1067 1625 construere
1086 1558 1217 1624 valcant
1236 1564 1268 1623 et
1289 1559 1418 1640 habere,
1443 1577 1607 1623 concesse·

272 1671 377 1730 runt.
404 1715 411 1729 .
437 1715 444 1730 .
469 1674 669 1750 potestatem,
699 1687 756 1752 pro
781 1675 873 1752 parte
899 1667 1033 1731 fratrum
1057 1665 1275 1751 predictorum
1308 1666 1369 1731 fuit
1392 1666 1484 1731 nobis
1507 1664 1608 1730 humi-

272 1773 345 1837 liter
373 1772 597 1859 supplicatum,
632 1781 668 1839 nt
701 1775 747 1840 eis
782 1774 959 1860 recipiendi
995 1774 1100 1839 Iocum
1136 1772 1318 1840 huiusmodi
1353 1775 1385 1839 in
1418 1773 1507 1838 dicta
1530 1773 1609 1837 uilla

272 1880 435 1946 licentiam
459 1881 637 1947 concedere
661 1880 875 1965 dignaremur.
915 1882 982 1950 Nos
1005 1882 1115 1964 itaque
1141 1929 1148 1944 .
1174 1931 1182 1946 .
1209 1931 1216 1947 .
1242 1881 1438 1947 fraternitati
1461 1889 1516 1946 tue
1541 1929 1548 1944 .
1571 1927 1607 1943 ..

272 1986 470 2070 mandamus,
505 1989 663 2071 quatinus,
699 1990 725 2056 si
751 1997 799 2055 est
825 1990 927 2054 itaet
955 1988 989 2053 id
1021 1990 1053 2053 in
1077 1989 1167 2054 dicta
1191 1989 1269 2055 villa
1292 1987 1444 2073 expediat
1476 1987 1544 2053 fieri
1568 2008 1609 2052 ac

273 2094 392 2161 ibidem
417 2093 587 2160 duodecim
604 2096 720 2161 fratres
736 2095 815 2161 dicti
838 2095 959 2161 ordinis
981 2094 1157 2161 secundum
1182 2116 1290 2161 eorum
1308 2097 1451 2179 regulam
1475 2094 1609 2161 honeste

273 2210 305 2269 et
329 2222 470 2286 congrue
494 2204 602 2268 vivere
626 2223 666 2268 ac
690 2210 844 2288 perpetuo
868 2204 1040 2269 sustentari
1061 2205 1192 2288 possint,
1218 2202 1340 2269 eisdem
1357 2203 1511 2269 iratribus
1534 2224 1608 2270 aue-

273 2311 403 2376 toritate
440 2319 548 2376 nostra
582 2308 741 2376 concedas
774 2309 954 2376 huiusmodi
987 2310 1151 2376 licentiam
1183 2312 1393 2396 postulatam,
1432 2311 1501 2376 iure
1534 2331 1605 2396 par·

273 2416 423 2483 rochialis
446 2416 583 2483 ecclesIc
607 2423 640 2481 et
663 2416 833 2483 cuiuslibet
852 2417 984 2482 alterius
1007 2418 1041 2482 in
1065 2418 1210 2484 omnibus
1234 2438 1360 2504 semper
1383 2419 1483 2483 salvo.
1530 2419 1607 2482 Det.

276 2526 370 2590 Avin.
396 2524 474 2590 VIII
499 2525 543 2589 111.
569 2523 748 2591 decembris
772 2545 800 2588 a.
826 2525 939 2610 primo.

434 2668 506 2738 Req.
528 2667 649 2722 119111.
668 2669 729 2722 911.
760 2697 793 2705 —
822 2668 974 2738 Foppees,
999 2667 1212 2737 Diplomotum
1231 2667 1428 2739 Belpicorum
1450 2682 1530 2722 oooo
1552 2669 1609 2722 col-

432 2756 527 2826 lectio,
547 2759 567 2811 I
570 2759 595 2812 V
608 2773 679 2828 pop.
699 2758 757 2813 595
776 2773 823 2811 nr.
843 2760 889 2812 87.

382 3044 508 3110 2247.
539 3048 626 3110 1336
652 3047 804 3111 Febrem·
828 3048 880 3110 20.
916 3044 1082 3132 Aoiqaon.

382 3188 576 3256 Benedictus
601 3190 666 3254 XII
702 3188 947 3276 archiepiscopo
972 3188 1153 3254 Coloniensi
1179 3189 1434 3255 consideratione
1458 3191 1609 3256 Iohannis

276 3297 420 3382 episcopi
457 3298 644 3363 Portuensis
678 3298 890 3382 supplicantis
924 3295 1067 3378 mandat,
1103 3298 1252 3379 quatinus
1281 3297 1483 3363 Theoderico
1518 3298 1609 3364 Com·

273 3405 448 3470 mcshovcn
471 3405 588 3470 clerico
605 3405 714 3471 Gelon.
733 3404 816 3469 dioc.
839 3403 1010 3489 provideat
1034 3404 1075 3469 de
1100 3406 1290 3470 canonicatu
1315 3406 1394 3471 cccl.
1411 3405 1444 3472 S.
1462 3406 1608 3472 Severini

275 3513 385 3580 Gelon.
410 3511 669 3598 prebendamque
693 3517 844 3578 reservet.

383 3621 524 3704 Dignum
548 3619 740 3685 arbitramur
764 3626 797 3685 et
822 3639 1091 3704 congruum...
1137 3620 1215 3685 Dat.
1240 3621 1335 3686 Avin.
1360 3622 1409 3686 XI
1433 3621 1478 3687 kl.
1503 3622 1608 3688 martii

275 3750 305 3794 a.
329 3725 481 3795 secundo.

438 3850 511 3920 Rep.
532 3848 585 3904 121
602 3863 651 3902 nr.
670 3848 738 3904 262,

380 4138 505 4205 2248.
531 4141 618 4205 1336
641 4141 795 4208 Febraor
817 4144 871 4206 22.
892 4140 1085 4228 (Aviqooa.)

384 4282 577 4349 Benedictus
601 4285 666 4349 XII
700 4284 856 4369 magistro
890 4285 1026 4351 Iohanni
1059 4285 1100 4350 de
1125 4286 1226 4369 Aquis
1260 4285 1384 4351 confert
1416 4285 1495 4351 eccl.
1529 4287 1610 4351 Ben-

275 4391 383 4456 nensis
407 4392 518 4457 Gelon.
543 4391 627 4457 dioc.
652 4393 886 4474 canenteatum
911 4391 1110 4478 prebendam
1135 4413 1211 4458 vero
1235 4392 1339 4457 eidem
1364 4399 1517 4474 reservat,
1546 4414 1609 4458 non

276 4504 424 4570 obstante
447 4498 533 4583 qued
556 4501 589 4564 in
613 4500 724 4566 eadem
749 4501 829 4567 ecel.
847 4502 1010 4566 Bonnensi
1035 4502 1137 4567 altare
1161 4502 1195 4567 S.
1209 4501 1296 4566 Petri
1320 4509 1353 4566 et
1376 4500 1608 4586 parrochialem

276 4611 445 4676 ecclesIam
478 4609 512 4673 in
544 4607 695 4674 Hermale
729 4608 831 4674 Leod.
865 4607 949 4673 dioc.
984 4609 1117 4673 obtinet.
1175 4610 1296 4674 Tamen
1329 4609 1507 4694 predictam
1540 4629 1609 4693 pre-

275 4716 414 4785 bendam
438 4722 604 4782 assecutus
628 4714 769 4780 dimittat
793 4716 897 4781 altare
920 4714 1112 4800 predictum.

383 4825 577 4892 Litterarum
601 4823 747 4906 scicntia,
772 4824 863 4889 vite.
882 4871 889 4887 .
908 4872 916 4887 .
949 4822 1024 4889 Dat.
1043 4823 1139 4889 VIIII
1155 4823 1201 4888 kl.
1219 4824 1325 4889 martii
1349 4845 1379 4888 a.
1404 4823 1554 4890 seeundo.
