3642 5509
281 433 335 490 526
793 432 862 488 1337
881 428 1059 503 September
1078 431 1104 488 b.

274 613 389 696 refero,
414 613 544 680 illustris
568 615 717 699 princeps
748 611 897 678 dominus
921 611 1094 678 Eduardus
1118 612 1293 698 Anglorum
1327 633 1384 678 rex
1416 619 1449 678 et
1471 612 1614 678 nonnulli

276 729 444 806 magnates
467 722 628 807 principes
664 721 799 786 barones
833 720 956 785 nobiles
992 727 1024 784 et
1052 726 1201 805 potentes
1237 727 1303 785 tam
1327 720 1495 786 Alamanic
1518 741 1611 803 qnam

276 831 414 914 partium
438 829 583 908 aliarum,
607 835 643 893 ut
666 827 754 892 lama
777 829 919 893 insinuat
942 831 1033 910 quasi
1059 830 1185 893 notoria
1214 837 1246 892 ct
1270 849 1328 913 pro
1351 827 1499 893 veridica
1521 848 1611 913 repu-

276 943 354 1017 tata,
379 956 450 1000 cum
473 934 640 1000 Ludovico
664 933 706 1000 de
728 935 877 1017 Bavaria,
902 955 999 1017 quem
1022 936 1247 1019 imperatorem
1271 935 1448 1018 nominant,
1473 936 1555 1019 ligas
1579 942 1612 999 et

276 1043 528 1127 conspirationes
552 1049 663 1107 contra
679 1043 914 1108 serenissimum
937 1043 1116 1128 principem
1133 1041 1296 1108 dominum
1312 1041 1497 1128 Philippum
1514 1043 1612 1107 Fran-

278 1170 384 1215 corum
421 1169 529 1233 regern
564 1149 673 1214 iniisse
698 1149 847 1214 dicuntur
882 1150 1059 1216 certissime
1095 1157 1128 1214 et
1157 1150 1273 1215 fecisse
1306 1157 1339 1216 et
1364 1158 1476 1215 contra
1509 1151 1610 1234 ipsum

277 1259 387 1340 suique
411 1257 501 1350 regni
525 1262 634 1341 partes
657 1277 751 1321 manu
775 1255 976 1321 invadendas
992 1264 1118 1322 armata
1140 1257 1300 1342 proficisci
1316 1256 1520 1322 intendentes
1542 1275 1611 1341 pre-

276 1364 355 1429 dicti
379 1364 534 1448 colligati,
559 1365 726 1449 presertim
750 1363 836 1429 idern
859 1362 1056 1443 Lndovicus‚
1080 1364 1187 1449 palam
1213 1364 1387 1449 disponunt
1410 1371 1442 1429 et
1463 1363 1612 1429 ordinant

278 1470 410 1537 bellicos
433 1478 619 1556 apparatus,
653 1471 701 1536 sic
725 1469 811 1553 quod
834 1472 1026 1554 gravissima
1061 1491 1102 1537 ex
1136 1471 1198 1536 hiis
1222 1474 1337 1555 causis,
1373 1473 1433 1537 nisi
1467 1471 1612 1537 dominus

277 1577 357 1644 deus
380 1598 542 1664 perseam
561 1577 710 1642 reformet
727 1577 991 1661 misericordiam,
1017 1599 1202 1662 guerrarum
1220 1579 1390 1644 commotio
1406 1578 1613 1644 vehementer

276 1685 468 1773 presumitur
490 1683 665 1749 imminere.
702 1683 844 1767 Cumque
868 1686 968 1769 aliqui
995 1684 1143 1772 predicto
1160 1687 1336 1769 Anglorum
1359 1688 1429 1769 regi
1453 1706 1493 1751 ac
1507 1684 1613 1750 Ludo

277 1795 349 1858 vico
373 1791 548 1858 familiares
578 1811 641 1856 non
665 1811 765 1876 parve
799 1795 1012 1876 reputationis
1035 1794 1096 1859 viri
1129 1813 1213 1858 nunc
1236 1794 1497 1878 persuasionibus
1528 1812 1612 1857 nunc

276 1899 502 1965 blandimentis
525 1919 609 1964 nunc
633 1901 839 1985 pecuniarum
863 1921 980 1984 magne
997 1902 1188 1982 quantitatis
1211 1900 1505 1985 pollicitacionibus
1527 1920 1611 1965 nunc

276 2009 369 2073 minis
393 2007 528 2090 aliisque
551 2007 844 2090 innumerabilibus,
868 2015 904 2072 ut
927 2009 974 2072 ita
997 2007 1115 2092 dicam,
1140 2007 1354 2074 allexionibus
1378 2015 1410 2072 et
1434 2006 1612 2088 instantiis,

277 2123 312 2180 ut
336 2115 414 2199 ipsis
438 2114 598 2198 colligatis
622 2113 809 2179 adhererem
834 2121 865 2178 et
889 2134 941 2180 mc
965 2114 1022 2196 eis,
1047 2123 1143 2200 prout
1165 2116 1226 2200 ipsi
1250 2115 1405 2197 fecerunt,
1433 2115 1611 2199 alligarem,

276 2224 365 2288 varie
389 2241 439 2286 me
463 2220 665 2306 temptarint,
701 2220 787 2304 quod
811 2221 890 2306 ipsis
922 2223 954 2285 in
985 2221 1047 2287 hae
1070 2231 1162 2307 parte
1196 2221 1284 2289 nolui
1315 2224 1399 2288 sicut
1427 2241 1487 2287 nec
1514 2220 1612 2286 debui

277 2329 483 2411 acquiescere
499 2327 564 2392 ullo
580 2326 686 2409 modo,
712 2328 811 2412 ipsius
827 2326 985 2394 Ludovici
1001 2348 1192 2412 suorumque
1208 2329 1368 2395 fautorum
1386 2328 1611 2394 emulationem

277 2436 521 2501 commotionem
557 2441 590 2499 et
613 2434 865 2518 indignationem
902 2434 1011 2518 michi,
1047 2446 1142 2522 prout
1174 2457 1226 2502 res
1260 2438 1325 2501 iam
1354 2442 1522 2522 apparent,
1557 2434 1612 2500 ad·

276 2542 405 2609 modum
428 2541 626 2627 periculosas
649 2550 683 2607 et
706 2541 925 2608 formidabiles
952 2550 1064 2608 contra
1086 2564 1147 2626 me,
1184 2545 1245 2609 etsi
1268 2543 1366 2609 michi
1390 2551 1466 2608 ante
1489 2542 1612 2608 amicus

276 2671 340 2717 non
375 2651 481 2732 inerit,
516 2648 610 2714 modo
641 2651 783 2716 notorias
816 2651 987 2734 procuravi
1023 2650 1065 2715 ad
1098 2657 1221 2716 tantum
1246 2652 1354 2732 ctiam,
1391 2648 1477 2734 quod
1505 2656 1612 2735 preter

277 2759 352 2840 alia,
388 2764 586 2840 quocontra
619 2776 668 2822 me
703 2763 734 2821 et
758 2777 860 2822 meam
886 2757 1067 2840 ecclesiam,
1103 2764 1138 2822 ut
1172 2757 1317 2822 intellexi
1352 2777 1410 2842 pro
1433 2758 1610 2838 verissimo,

277 2865 488 2948 machinatur,
506 2884 696 2946 quamquam
713 2885 771 2949 per
788 2865 872 2929 viam
890 2867 1028 2949 partium
1045 2865 1179 2930 aliarum
1200 2866 1269 2950 ipse
1286 2864 1471 2930 Ludovicus
1486 2883 1611 2948 compe-

277 2973 396 3037 tentius
420 2971 538 3052 forsan,
572 2972 598 3036 si
623 2973 725 3056 ipsum
761 2970 804 3037 ad
828 2980 938 3057 partes
964 2973 1099 3037 Francis
1123 2973 1294 3056 contigerit
1319 2972 1487 3058 proficisci,
1521 2991 1611 3037 suurn

278 3079 395 3144 ducere
419 3085 527 3164 posset
550 3079 736 3160 exercitum,
761 3098 820 3164 per
843 3086 945 3144 terras
969 3086 1075 3145 tamen
1101 3079 1237 3144 ecclesie
1261 3078 1460 3144 Coloniensis
1492 3080 1524 3144 in
1548 3079 1610 3144 mei

278 3194 311 3251 et
333 3206 403 3251 mee
428 3186 564 3251 ecclesie
587 3185 799 3270 preiudicium
819 3185 943 3270 grande
965 3187 1096 3251 nimium
1120 3193 1152 3251 et
1168 3185 1387 3270 dampnosum,
1412 3193 1447 3251 ut
1469 3185 1610 3271 ipsarum

278 3299 431 3358 terrarum
449 3292 647 3359 Coloniensis
672 3293 810 3358 ecclesie
834 3300 867 3358 et
890 3293 1066 3357 incolarum
1090 3291 1210 3357 ibidem
1231 3295 1449 3377 possessiones
1472 3295 1556 3358 bona
1579 3300 1612 3359 et

277 3420 327 3466 res
351 3420 421 3465 cum
446 3399 557 3484 spoliis
579 3399 738 3466 incendiis
761 3406 794 3465 et
817 3399 1122 3484 depopulationibus
1145 3398 1343 3484 depauperet
1366 3406 1408 3480 et,
1433 3400 1459 3465 si
1483 3410 1610 3486 oportu-

275 3509 419 3573 mitatem
443 3508 611 3588 inveniret,
647 3506 746 3592 opida
769 3513 875 3574 castra
898 3514 931 3572 et
954 3507 1129 3573 fortalicias
1162 3507 1262 3592 ipsius
1285 3506 1422 3573 ecclesie
1446 3517 1611 3592 expugnet

276 3621 308 3681 et
331 3621 517 3700 expugnata
552 3613 612 3678 sibi
647 3621 790 3679 reservet
818 3613 868 3679 vel
905 3613 938 3678 in
974 3633 1086 3678 manus
1121 3614 1230 3679 forsan
1266 3620 1366 3699 ponat
1397 3615 1521 3680 alienas
1555 3620 1611 3679 aut

276 3720 421 3788 destruat
444 3720 587 3786 funditus
611 3727 643 3786 et
666 3720 832 3786 subvertat
856 3728 924 3786 toto
947 3740 1004 3786 suo
1030 3723 1181 3803 exercitu,
1207 3721 1268 3786 nisi
1293 3721 1453 3804 aliquibus
1476 3721 1610 3787 cautelis

276 3835 421 3896 avertere
446 3827 570 3893 valeam
605 3827 775 3911 interdum,
811 3835 905 3912 prout
939 3827 1120 3893 indubitato
1157 3827 1268 3910 didici,
1307 3827 1448 3911 dirigere
1481 3847 1610 3912 gressus

276 3958 360 4003 suos.
396 3935 547 4001 Preterea
571 3943 704 4020 propter
718 3937 797 4001 istas
821 3942 853 4000 et
878 3935 960 4000 alias
977 3935 1125 4001 subortas
1148 3933 1210 4001 hoc
1226 3942 1370 4020 tempore
1393 3935 1426 4000 in
1442 3935 1610 4000 Alamanie

275 4043 420 4130 partibus
442 4042 603 4108 novitates
636 4049 668 4108 et
701 4041 776 4125 quia
808 4043 946 4108 maiores
980 4047 1012 4107 ct
1049 4043 1140 4125 quasi
1173 4043 1286 4126 paucis
1322 4043 1467 4127 exceptis
1501 4062 1610 4108 omnes

276 4150 395 4218 domini
412 4151 604 4236 temporales
627 4149 773 4236 predicto
791 4148 947 4215 adherere
963 4148 1070 4232 quoad
1094 4150 1251 4235 premissa
1267 4147 1417 4215 videntur
1432 4149 1609 4227 Ludorico,

275 4278 347 4324 mee
369 4259 452 4324 sicut
475 4264 507 4324 et
531 4265 709 4324 ceterarum
735 4258 901 4324 Alamanie
925 4258 1142 4340 ecclesiarum,
1168 4257 1282 4339 quibus
1306 4256 1423 4342 prelati
1447 4255 1610 4342 president

275 4373 382 4432 vestre
405 4370 515 4430 sancte
539 4365 682 4431 Romane
706 4364 842 4431 ecclesie
866 4363 976 4429 devoti
1000 4370 1032 4428 et
1054 4362 1155 4448 ipsius
1173 4362 1331 4428 Ludovici
1356 4364 1609 4429 communionem

276 4480 309 4538 et
332 4472 505 4538 dominium
530 4473 725 4554 aberrantes,
762 4471 899 4538 vasallos
933 4472 1057 4553 aliquos
1090 4477 1123 4536 et
1149 4469 1296 4536 subditos
1330 4477 1422 4535 tanta
1443 4470 1610 4556 impellunt

276 4582 426 4647 continue
449 4581 581 4646 vesania
613 4598 712 4662 seque
747 4579 867 4662 absque
891 4578 1079 4663 palliatione
1103 4575 1275 4643 ostendunt
1307 4576 1390 4643 adeo
1419 4577 1609 4660 insollertes,

276 4687 362 4771 quod
393 4686 682 4753 nonobstantibus
714 4685 793 4752 meis
821 4686 1043 4768 rogationibus
1076 4683 1310 4750 hortationibus
1343 4685 1609 4750 obtestationibus

275 4794 437 4866 mandatis
461 4801 493 4861 et
517 4794 621 4878 minis,
653 4792 843 4880 postpositis
872 4794 1120 4859 iuramentorum
1144 4811 1272 4857 suorum
1295 4791 1451 4877 religione
1484 4797 1517 4857 ct
1539 4791 1610 4859 sub
