3642 5509
257 419 311 472 136
794 416 863 471 1328
881 415 1019 472 Februar
1037 415 1080 470 19.

258 599 380 680 damus,
405 599 587 682 quatinus.
612 646 619 662 .
643 645 650 661 .
675 597 800 663 vocatis
829 598 882 679 qui
913 597 1032 661 fuerint
1061 594 1229 675 evocandi,
1258 644 1318 660 ...
1342 594 1473 660 faciatis
1495 612 1591 678 super

257 705 422 793 premissis
456 705 602 771 omuibus
626 712 657 770 et
681 703 815 787 siugulis
844 702 971 769 iusticie
1000 703 1278 789 complementum,
1303 701 1470 777 faciontes,
1506 698 1590 782 quod

258 812 478 895 decreveritis,
514 810 666 876 aludeis
698 812 871 876 monitione
904 811 1060 894 premissa
1091 831 1150 894 per
1180 809 1430 875 subtractionem
1456 826 1592 872 commu-

259 921 363 985 nionis
386 919 538 996 fidelium,
572 919 613 984 ab
637 919 710 983 aliis
734 937 809 982 vero
833 937 890 1002 per
919 935 1088 982 censuram
1117 916 1372 981 ecclesiasticam
1402 913 1594 1000 apellatione

260 1033 383 1093 remota
412 1026 544 1090 firmiter
573 1026 747 1091 observari.
795 1025 911 1090 Testes
935 1028 1053 1104 autem,
1086 1023 1141 1104 qui
1165 1023 1285 1087 fuerint
1308 1021 1473 1104 nominati,
1507 1021 1534 1086 si
1557 1039 1592 1084 se

259 1133 365 1217 gratia
397 1132 472 1197 odio
507 1132 557 1198 vel
591 1133 703 1197 timore
731 1131 964 1212 subtraxerint,
1001 1149 1135 1195 censura
1165 1130 1261 1194 simili
1286 1127 1504 1214 appellatione
1528 1147 1593 1193 ces-

259 1244 351 1305 sante
375 1238 575 1324 compellatis
600 1239 727 1303 veritati
752 1237 968 1303 testimonium
992 1236 1163 1322 perbibere
1187 1285 1195 1303 .
1221 1286 1228 1302 .
1253 1287 1260 1301 .
1307 1236 1383 1301 Dat.
1407 1234 1501 1300 Aviu.
1526 1234 1591 1300 Xll

259 1346 305 1413 kl.
328 1347 434 1412 martii
459 1366 488 1411 a.
514 1344 715 1410 duodecimo.

411 1470 484 1539 Req.
504 1471 541 1524 87
558 1468 583 1539 f.
603 1469 669 1523 210‘
688 1484 735 1524 nr.
755 1469 839 1526 2561.

367 1743 490 1809 raso.
526 1744 613 1808 rere
633 1703 789 1807 'necron
814 1744 866 1806 19.
905 1741 1071 1830 nospsos.

370 1885 530 1953 Iohannes
551 1885 650 1950 XXII
681 1884 715 1950 S.
740 1883 851 1950 Crucis
875 1884 1066 1953 Leodiensis
1089 1894 1122 1952 et
1145 1888 1178 1951 S.
1203 1886 1292 1952 Petri
1315 1886 1533 1953 Traiecteusis
1555 1907 1595 1952 ac

262 1993 295 2058 S.
321 1993 476 2058 Gereonis
499 1992 698 2058 Coloniensis
726 1990 859 2058 decanis
885 1991 1094 2059 ecclesiarum
1121 1992 1263 2076 mandat,
1297 1995 1446 2077 quatinus
1470 2013 1595 2060 conser-

264 2105 393 2164 vatores
416 2105 449 2164 et
472 2098 595 2167 iudices
628 2097 773 2183 deputati
808 2099 918 2164 abbati
949 2107 982 2164 et
1005 2102 1176 2166 couventui
1200 2121 1240 2166 ac
1262 2099 1456 2166 monasterio
1481 2101 1517 2165 Β.
1541 2100 1597 2167 Ni·

263 2205 358 2289 eolay
387 2205 612 2270 Bruwilreueis
640 2204 708 2270 ord.
737 2203 770 2270 S.
796 2205 917 2270 Bened.
951 2205 1093 2273 efficacis
1124 2207 1321 2287 defensionis
1349 2206 1490 2293 presidio
1519 2208 1596 2273 assi·

262 2318 384 2378 stentes
407 2311 561 2377 adversus
594 2318 804 2397 occupatores
836 2311 1022 2380 detentores
1054 2321 1290 2401 presumptores
1322 2316 1543 2381 molestatores
1563 2321 1598 2379 et

263 2419 467 2484 iniuriutorcs
491 2438 553 2484 uon
577 2419 765 2504 permittant
789 2419 919 2486 eosdem
943 2440 1039 2507 super
1063 2422 1155 2487 bonis
1179 2432 1211 2487 et
1234 2422 1356 2488 iuribus
1379 2421 1422 2487 ad
1445 2422 1594 2487 abbatem

264 2532 295 2590 et
326 2531 517 2590 conventum
550 2546 589 2592 ac
622 2527 849 2591 monasterium
882 2528 1102 2612 spectantibus
1126 2550 1146 2594 a
1170 2529 1420 2612 quibuscumque
1452 2529 1596 2595 indebite

263 2632 436 2697 molestari.

370 2739 520 2805 Militanti
554 2739 689 2805 ecclesie
723 2740 798 2805 licct
823 2790 831 2806 .
858 2791 864 2806 .
891 2790 899 2806 .
948 2742 1023 2807 Dat.
1048 2743 1142 2809 Aviu.
1167 2743 1233 2809 XII
1257 2742 1302 2809 kl.
1332 2743 1442 2810 marcii
1467 2764 1496 2809 a.
1521 2741 1597 2808 duo·

264 2825 401 2893 decimo.

412 2916 485 2986 ch.
504 2917 543 2970 86
560 2915 585 2985 s.
603 2915 669 2971 207¹
687 2932 734 2971 rvr.
754 2919 836 2972 1545.

372 3189 496 3255 1440.
522 3191 609 3255 1328
631 3177 785 3256 Februar
808 3194 862 3257 24.
898 3189 1066 3278 Avipnoa.

371 3331 530 3398 lohannes
555 3333 655 3397 XXII
695 3333 830 3398 lobanui
864 3333 905 3398 de
938 3334 1028 3399 Polle
1062 3335 1187 3400 confert
1219 3337 1298 3402 eccl.
1330 3337 1440 3403 Oolon.
1474 3338 1600 3403 eanoni-

268 3444 385 3517 catum‚
419 3438 613 3522 prebendam
639 3459 714 3504 vero
745 3439 979 3506 sacerdotalem
1012 3441 1044 3505 in
1075 3441 1165 3507 dicta
1193 3444 1331 3510 ecclesia
1354 3450 1523 3510 vacantem
1548 3446 1599 3510 vel

266 3547 411 3630 proxime
436 3553 620 3612 vacaturam
655 3546 758 3612 eidem
789 3554 942 3629 reservat,
976 3569 1039 3615 uon
1063 3550 1210 3616 obstante
1233 3551 1318 3634 quod
1342 3550 1374 3616 iu
1399 3551 1599 3619 Embn‘ccusi

267 3650 459 3718 decanatum
476 3659 508 3718 et
531 3653 563 3717 iu
588 3653 701 3718 eadem
726 3674 764 3719 ac
781 3654 995 3722 Ambemeusi
1020 3657 1098 3722 eccl.
1117 3658 1258 3723 Traiect.
1282 3657 1364 3724 dioc.
1391 3660 1600 3726 canonicatus

267 3764 299 3823 et
321 3758 503 3843 prebendas
527 3759 661 3825 obtinet.

268 3953 289 4019 d
332 3955 338 3968 Ι
374 3864 593 3950 Suffragautia
617 3867 673 3932 tibi
703 3869 816 3934 merita
845 3917 852 3932 .
882 3917 889 3935 .
920 3917 928 3933 .
975 3870 1050 3934 Dat.
1076 3871 1171 3937 Avin.
1197 3871 1258 3936 Vll
1282 3872 1327 3937 kl.
1351 3872 1457 3938 martii
1481 3895 1502 3939 a
1525 3872 1600 3940 duo

291 3973 403 4020 ecrmo.

356 4063 394 4126 In
418 4082 446 4127 e.
474 4082 515 4127 m.
551 4061 675 4129 decano
708 4063 742 4129 S.
768 4064 899 4148 Georgii
925 4073 957 4131 et
986 4067 1157 4132 scolastico
1189 4069 1223 4135 S.
1249 4069 1395 4135 Severini
1420 4070 1531 4136 Colon.
1561 4091 1600 4136 ac

267 4168 436 4236 Ambrosio
460 4167 502 4234 de
525 4169 720 4254 Lamayrola
743 4173 897 4237 canonico
922 4171 1170 4240 Mediolanensis
1194 4176 1413 4242 ecclesiarum.

430 4275 501 4345 seq.
520 4277 558 4329 eo
578 4275 602 4345 f.
623 4277 659 4331 74
678 4291 726 4331 ar.
746 4276 829 4331 raoo.

372 4519 508 4586 *1441.
534 4521 621 4587 1328
645 4522 798 4587 Februar
820 4521 873 4584 26.
903 4518 1069 4606 Avipooo.

376 4661 535 4728 lohannes
552 4711 663 4727 .....
682 4621 806 4729 decano
830 4661 967 4728 ecclesie
991 4661 1181 4727 Sanctorum
1204 4661 1292 4725 Petri
1316 4666 1349 4725 et
1365 4658 1493 4726 Andree
1516 4660 1598 4745 Apo·

269 4767 421 4836 stolorum
447 4767 712 4835 Padeburneusis.
