3642 5509
227 420 281 477 398
788 414 856 474 1331
876 411 958 474 Mttrz
979 413 1021 473 11.

229 621 355 668 camere
373 606 479 666 nostre
496 618 551 665 seu
571 649 578 664 .
597 649 604 663 .
621 600 726 664 locum
744 605 903 665 tenentem
919 599 1029 682 ipsius,
1047 599 1136 664 cuius
1152 596 1365 663 iurisdictioni
1384 596 1467 664 idem
1486 595 1563 662 ller-

228 729 361 774 mannus
384 728 419 774 se
442 713 540 771 antea
562 713 676 792 sponte
692 706 893 788 submiserat,
919 707 1069 789 exigente
1093 704 1221 771 iusticia
1243 704 1424 781 innodatus,
1447 725 1504 790 per
1527 723 1562 769 re

228 815 279 882 vel
307 821 546 901 procuratorem
574 833 663 879 suum
689 812 730 878 de
754 812 843 878 facto
871 811 1009 877 duxerat
1037 810 1270 897 acceptandam
1295 813 1419 895 sibique
1443 810 1484 876 de
1508 810 1563 876 illa

228 921 389 1009 provideri
419 922 543 986 iecerat
567 926 656 986 etse
680 921 711 984 in
737 919 933 1004 corporalem
961 919 1046 985 illius
1074 919 1304 1003 possessionem
1329 918 1448 984 induci.
1494 919 1562 986 Nos

230 1079 290 1096 ...
311 1029 495 1094 discretioni
525 1034 631 1092 vestre
653 1077 659 1090 .
679 1077 686 1092 .
705 1076 713 1091 .
734 1025 933 1109 mandamus,
970 1025 1143 1108 quatinus.
1163 1074 1170 1088 .
1190 1027 1336 1092 .vocatis
1366 1025 1454 1093 dicto
1485 1025 1561 1091 Her-

228 1157 343 1203 manno
368 1142 400 1200 et
423 1134 504 1217 aliis,
535 1134 589 1217 qui
613 1133 733 1199 fuerint
765 1133 932 1216 evocandi,
965 1134 991 1198 si
1025 1133 1180 1218 premissa
1204 1133 1388 1218 repereritis
1410 1134 1457 1198 ita
1480 1152 1562 1213 esse,

228 1245 449 1311 canonicatum
475 1249 506 1307 et
530 1241 726 1327 prebendam
756 1240 918 1326 predictos
936 1290 943 1306 .
962 1291 969 1306 .
988 1290 995 1306 .
1013 1240 1118 1307 eidem
1144 1239 1278 1304 Iohanni
1306 1239 1347 1305 de
1371 1240 1487 1324 Siberg
1510 1240 1562 1304 vel

228 1351 425 1437 procuratori
454 1370 511 1416 suo
529 1399 536 1414 .
555 1399 562 1413 .
581 1399 588 1413 .
606 1349 752 1415 conferre
776 1356 808 1414 et
831 1350 999 1433 assignare
1027 1347 1145 1414 curetis
1162 1399 1170 1415 .
1189 1397 1195 1412 .
1215 1397 1222 1412 .
1240 1348 1316 1412 Dat.
1341 1347 1435 1414 Avin.
1460 1367 1561 1412 nonar

228 1458 334 1524 martii
357 1480 388 1524 a.
412 1455 661 1540 quintodecimo.

376 1582 449 1650 neq.
469 1581 508 1634 aa
523 1579 549 1648 f.
568 1579 625 1633 412
643 1595 683 1632 nr
701 1580 767 1634 em.

336 1817 461 1883 2⁰1⁹.
489 1819 575 1881 1331
600 1817 699 1881 Matre
725 1817 777 1881 11.
806 1814 999 1902 (Aoipnon.)

330 1959 502 2044 [lohannes
529 1957 640 2042 XXII]
664 1959 732 2042 regi
758 1958 905 2024 Francie.

333 2067 439 2131 Facta
461 2085 571 2149 regem
594 2065 726 2130 Boemie
749 2067 918 2149 tangentia
942 2070 974 2130 et
998 2085 1096 2148 quare
1113 2072 1178 2131 tam
1196 2065 1250 2131 din
1267 2067 1355 2150 regie
1376 2065 1559 2132 eelsitudini

226 2174 368 2240 scribere
391 2172 590 2252 destulimus‚
614 2192 711 2256 super
734 2173 781 2238 eis
803 2221 835 2237 ..
861 2173 1015 2256 magister
1040 2173 1079 2237 H.
1105 2172 1146 2238 de
1170 2173 1357 2257 Eugolisma
1381 2171 1559 2239 archiadia-

226 2300 325 2346 conus
350 2279 599 2361 cantuariensis,
634 2277 793 2360 quemad
823 2279 963 2362 regalem
993 2278 1189 2346 destinamus
1216 2281 1420 2366 presentiam,
1455 2279 1558 2345 eidem

226 2387 350 2473 plenius
374 2387 447 2451 rive
472 2386 560 2451 vocis
584 2385 714 2450 oraculo
738 2386 904 2451 reserabit.
951 2386 1071 2451 Dat.V
1094 2385 1166 2452 idus
1189 2387 1301 2452 marcii
1325 2408 1355 2454 a.
1379 2386 1450 2452 XV.

386 2511 457 2579 Rep.
477 2510 532 2563 116
548 2508 572 2578 s.
593 2507 641 2561 29¹
659 2524 707 2562 nr.
730 2510 872 2573 1365122.
893 2509 974 2563 1442.
1026 2560 1036 2606 ι

331 2780 483 2848 *2⁰20.
517 2783 602 2846 1331
628 2784 726 2847 Mdre
753 2784 803 2846 14.
829 2780 994 2868 Aoipaom

330 2914 490 2979 Iohannes
514 2914 613 2978 XXII
648 2914 833 2999 patentibus
862 2915 981 2980 abbate
1010 2920 1042 2979 et
1067 2921 1226 2980 conventu
1257 2915 1445 3000 monasterii¹
1464 2912 1554 2979 Gam-

223 3021 332 3105 pensis
355 3020 423 3086 ord.
448 3021 581 3088 Cistere.
598 3021 706 3088 Colon.
733 3022 817 3087 dioc.
843 3021 1011 3087 confirmat
1034 3042 1143 3087 omnes
1167 3023 1332 3087 libertates
1356 3029 1388 3086 et
1411 3023 1556 3086 immuni-

225 3134 308 3193 tates
332 3149 361 3193 a.
386 3128 539 3194 Romanis
562 3129 766 3213 pontificibus
790 3129 984 3194 monasterio
1009 3148 1162 3195 concessa
1185 3149 1310 3195 necnon
1334 3129 1501 3194 libertates
1524 3135 1557 3193 et

224 3237 444 3320 exemptiones
476 3235 666 3302 secularium
701 3237 903 3304 exactionum
928 3257 948 3300 a
972 3236 1101 3318 regibus
1129 3242 1161 3300 et
1189 3235 1387 3322 principibus
1417 3255 1456 3300 ac
1484 3234 1556 3300 aliis

224 3342 328 3408 eidem
353 3341 504 3410 indultas.

330 3450 421 3515 Solet
444 3472 583 3517 annuere
607 3451 779 3517 sedes...
803 3453 879 3516 Dat.
897 3453 991 3518 Avin.
1016 3453 1048 3517 Il
1072 3452 1144 3518 idus
1168 3453 1274 3518 martii
1298 3472 1329 3537 p.
1342 3473 1373 3516 n.
1389 3473 1418 3516 a.
1433 3451 1555 3534 quinto·

224 3555 358 3622 decimo.
1448 3647 1557 3660 *—

385 3665 434 3717 Or.
453 3665 577 3719 membr.
596 3680 665 3720 eum
685 3665 812 3734 plumbo
828 3666 921 3736 pemd.
975 3665 1038 3721 Sub
1056 3665 1140 3736 plico
1160 3666 1202 3720 ad
1221 3663 1356 3720 statuta:
1389 3665 1422 3720 N.
1434 3663 1556 3733 Bumtl)

385 3753 423 3805 1η
441 3751 525 3820 plica
547 3753 589 3808 ad
611 3754 725 3809 demta:
751 3754 792 3808 lo.
815 3755 853 3810 de
871 3754 971 3825 Anag.
1016 3756 1054 3809 ln
1074 3756 1178 3810 dorso:
1202 3755 1359 3824 Reynerus
1380 3755 1417 3809 de
1437 3753 1554 3808 Nussia.

385 3870 416 3880 -
436 3841 629 3913 Dttsaeldorf.
650 3843 737 3899 Arcto.
756 3859 817 3914 rep.
837 3841 923 3899 Abtee'
942 3845 1044 3914 Canop.
1064 3845 1129 3900 399.

328 4081 452 4149 2021.
484 4086 569 4148 1331
594 4085 962 4173 Mdr215.Aoi9rrom

327 4227 494 4294 Iobuomea
511 4229 622 4292 XXII
641 4231 753 4295 abbati
776 4232 974 4296 monasterii
990 4231 1030 4296 de
1049 4228 1174 4316 Campo
1194 4229 1268 4294 ord.
1287 4227 1421 4296 Claterc.
1441 4227 1553 4295 Colore.

222 4333 305 4398 dioc.
323 4335 494 4400 collectori
510 4336 648 4401 dimidie
665 4338 789 4402 decime
805 4339 842 4401 irc
858 4338 1045 4402 subsidium
1055 4357 1148 4422 pape
1165 4339 1206 4401 ab
1225 4337 1399 4400 abbatibus
1417 4333 1553 4401 Oteterc.

221 4440 352 4504 ordinis
370 4443 538 4525 promisee
562 4464 583 4508 a
601 4464 699 4528 papo
721 4445 880 4528 deputato
904 4445 1056 4525 maudut,
1080 4445 1240 4528 quattuor
1263 4443 1300 4507 id
1324 4443 1510 4508 subsidium
1532 4463 1553 4507 α

220 4547 441 4613 renitentibus
464 4551 525 4614 aab
543 4571 636 4635 perro
660 4551 878 4634 depositionis
902 4553 1027 4637 occiput.

330 4687 501 4773 [lohannes
517 4690 627 4774 XXll]
653 4691 762 4757 abbati
787 4693 972 4757 monasterii
996 4690 1037 4757 de
1061 4692 1181 4778 Campo
1206 4691 1273 4756 ord.
1293 4691 1424 4758 Oistcrc.
1442 4692 1552 4761 Goion.

222 4793 305 4862 dioc.
319 4796 396 4861 Oum
411 4797 547 4863 abbates
559 4796 782 4883 quamplurimi
796 4798 1019 4866 Oisteroiensis
1032 4800 1152 4866 ordinis
1164 4805 1257 4865 extra
1271 4819 1405 4884 regnum
1418 4799 1553 4866 Francie
