3642 5509
840 423 909 478 1333
927 424 1064 480 Februar
1084 425 1125 479 11.

406 660 547 728 *2313
575 661 662 726 1338
686 661 840 726 Februar
860 662 910 723 ll.
937 658 1104 747 Aoiqrroa.

406 793 612 879 [Benedictus
635 794 714 879 XII]
750 795 905 860 universis
929 795 1060 861 vasallis
1089 796 1244 863 secularis
1268 799 1404 865 ecclesie
1428 799 1636 868 lissindensis

298 899 340 966 ad
364 902 541 968 Romanam
566 903 735 968 ecclesiam
759 901 846 967 nullo
869 900 975 967 medio
999 903 1189 988 pertinentis
1214 904 1324 971 Colon.
1349 905 1434 972 dioc.

405 1010 523 1075 Petitio
548 1031 606 1096 pro
637 1016 727 1095 parte
756 1008 875 1075 dilecte
903 1011 935 1074 in
960 1009 1086 1076 Christo
1115 1010 1180 1076 filie
1203 1012 1376 1079 Catherine
1397 1015 1560 1081 abbatisse
1582 1037 1636 1081 se·

298 1117 415 1184 cularis
438 1117 575 1183 ecclesie
598 1115 801 1182 Assindensis
828 1167 886 1182 ...
914 1117 1007 1183 nobis
1030 1117 1175 1184 exhibita
1197 1121 1392 1202 continebat,
1418 1120 1504 1204 quod
1520 1172 1554 1188 ..
1578 1124 1635 1188 ab·

297 1223 420 1288 batissa
444 1224 586 1290 eiusdem
604 1225 749 1306 ecclesie,
775 1243 837 1306 que
853 1244 1002 1307 magnam
1026 1226 1297 1310 temporalitatem
1313 1229 1491 1312 multosque
1508 1230 1635 1296 nobiles

298 1337 331 1395 et
354 1331 490 1398 barones
514 1353 552 1398 ac
576 1332 656 1398 alios
679 1331 837 1397 vassallos
860 1329 960 1396 feuda
984 1331 1105 1398 nobilia
1129 1340 1162 1398 et
1185 1335 1252 1400 alia
1268 1356 1288 1400 a
1304 1335 1392 1401 dicta
1416 1336 1554 1403 ccclesia
1577 1339 1634 1403 ob

298 1437 435 1503 tinentes
468 1437 587 1504 habere
620 1437 805 1520 dinoscitur,
841 1437 881 1502 de
915 1438 1048 1521 antiqua
1082 1441 1313 1507 consuetudine
1341 1442 1511 1508 Alamanie
1544 1443 1634 1509 dicte

297 1546 543 1630 temporalitatis
575 1547 795 1612 investituram
829 1546 870 1611 ab
903 1547 1098 1631 imperatore
1126 1567 1183 1613 seu
1211 1548 1427 1615 Romanorum
1456 1570 1542 1634 rege,
1576 1553 1635 1634 qui

296 1658 345 1719 est
377 1673 435 1738 pro
464 1659 616 1738 tempore,
650 1651 747 1718 debet
775 1652 929 1738 recipere,
965 1652 1114 1737 quodque
1143 1654 1184 1720 de
1211 1655 1307 1720 simili
1337 1657 1567 1724 consuetudine
1598 1658 1633 1723 in

296 1759 360 1826 illis
392 1760 537 1844 partibus
566 1761 763 1843 observatur,
798 1757 882 1842 quod
915 1759 1029 1826 eadem
1058 1762 1232 1844 abbatissa,
1266 1764 1354 1848 prius
1378 1784 1472 1847 quam
1502 1767 1635 1831 investi·

297 1875 400 1934 turam
425 1869 560 1953 recipiat
589 1867 817 1954 supradictam,
850 1889 913 1933 non
944 1876 1050 1953 potest
1078 1888 1153 1935 suos
1180 1869 1326 1937 subditos
1354 1880 1387 1937 et
1410 1873 1564 1939 vassallos
1591 1872 1635 1938 de

297 1975 411 2054 leudis,
446 1995 507 2059 que
531 1983 641 2041 tenent
664 1976 705 2040 ab
730 1977 800 2062 ipsa
832 1975 979 2058 ecclesia,
1013 1975 1181 2042 infeudare
1210 1997 1270 2043 nec
1299 1973 1451 2063 homagia
1473 1989 1506 2045 et
1529 1978 1635 2045 fideli-

298 2091 396 2149 tatem
425 2084 486 2149 sibi
514 2084 555 2148 ab
584 2084 630 2149 eis
661 2082 773 2149 debita
796 2083 941 2168 recipere
964 2090 1129 2166 consueta,
1162 2085 1272 2168 sicque
1295 2086 1462 2152 abbatissa
1483 2087 1554 2172 ipsa
1578 2108 1636 2152 va·

298 2197 391 2256 cante
407 2190 553 2256 Romano
578 2191 721 2276 imperio,
746 2191 830 2257 sicut
849 2197 946 2256 vacat
969 2189 1012 2255 ad
1035 2211 1178 2277 presens,
1202 2193 1425 2259 investituram
1449 2193 1636 2260 huiusmodi

296 2318 359 2363 non
382 2304 491 2383 potest
513 2304 623 2384 petere
647 2317 706 2363 nec
730 2297 859 2366 habere.
910 2296 1018 2375 Quare
1042 2299 1135 2366 nobis
1159 2298 1320 2365 humiliter
1342 2300 1561 2386 supplicavit.
1589 2352 1597 2367 .
1624 2353 1634 2368 .

296 2407 364 2472 Nos
400 2405 497 2490 igitur
615 2406 816 2470 universitati
850 2412 956 2471 vestre
1072 2404 1270 2490 mandamus,
1307 2409 1456 2490 quatinus
1492 2408 1635 2475 eandem

298 2511 504 2578 Gatherinam
528 2513 723 2580 abbatissam
749 2512 858 2578 debita
884 2511 1128 2579 honorificentia
1151 2522 1381 2598 prosequentes
1396 2516 1426 2580 ei
1442 2514 1634 2581 fidelitatem

297 2619 422 2686 solitam
451 2640 575 2686 necnon
605 2629 760 2688 consueta
787 2620 926 2687 servicia
951 2627 984 2686 et
1007 2621 1077 2686 iura
1100 2620 1162 2686 sibi
1186 2642 1206 2686 a
1229 2622 1320 2688 vobis
1343 2622 1454 2688 debita
1477 2623 1636 2689 exhibere

297 2726 422 2811 integre
446 2727 681 2796 studeatis...
729 2728 804 2794 Dat.
830 2729 925 2793 Avin.
950 2728 1000 2792 ΙΙΙ
1023 2727 1096 2794 idus
1119 2728 1273 2795 febmarii
1297 2751 1327 2795 a.
1352 2736 1478 2813 quarto.

456 2905 528 2972 Req.
549 2903 605 2958 125
623 2919 671 2957 ar.
686 2903 762 2971 324;
781 2907 831 2959 Ila.
851 2905 935 2959 1933.
947 2933 980 2943 -
996 2903 1046 2959 Or.
1064 2905 1187 2958 menabr.
1207 2921 1277 2959 cum
1292 2905 1420 2974 plumbo
1435 2906 1528 2975 pand.
1566 2904 1635 2961 Sao

458 3009 546 3079 plica
564 3011 605 3064 ad
623 3008 763 3066 arcura:
788 3013 811 3099 3}
837 3013 875 3064 Ia
893 3009 976 3079 plico
996 3011 1038 3065 ad
1057 3011 1173 3066 demta:
1193 3027 1247 3080 pro
1261 3013 1293 3065 P.
1308 3012 1346 3066 de
1359 3012 1436 3066 Rivo
1449 3012 1492 3066 Io.
1500 3011 1635 3066 Martini.

456 3120 492 3172 la
512 3118 621 3173 dorso.-
641 3117 819 3172 Tilmanuus
839 3119 877 3172 de
890 3117 1001 3174 Nussia
1014 3121 1041 3172 et
1055 3117 1088 3172 R.
1101 3135 1138 3172 m.
1158 3119 1352 3188 Dtlsaeldorf.
1373 3119 1461 3174 Areb.
1476 3135 1537 3189 req.
1551 3119 1634 3188 Stin

456 3227 561 3282 Essem.
581 3240 628 3279 ar.
648 3225 714 3281 209.
737 3254 768 3263 -
789 3225 963 3281 Locomblet
982 3225 1034 3279 111
1048 3241 1096 3280 ar.
1117 3225 1183 3280 321.

403 3516 524 3582 2314.
551 3519 638 3582 1338
660 3519 815 3583 Februor
840 3515 888 3580 11.
914 3514 1079 3603 Aoiqaoa.

403 3659 598 3726 Benedictus
620 3660 687 3726 XII
722 3659 832 3725 abbati
868 3661 1051 3725 monasterii
1088 3659 1299 3726 Verdinensis
1335 3658 1444 3725 Colon.
1479 3658 1563 3727 dioc.
1598 3669 1638 3727 et

294 3768 458 3853 preposito
474 3768 734 3834 Monasteriensis
758 3787 797 3832 ac
820 3766 945 3831 decano
962 3767 995 3832 S.
1013 3767 1105 3832 Pauli
1126 3765 1226 3832 Leod.
1253 3767 1460 3832 ecclesiarum
1484 3767 1635 3851 mandat,

297 3875 446 3956 quatinus
470 3874 616 3960 deputati
640 3882 883 3940 conservatores
900 3879 933 3938 et
952 3872 1076 3939 iudices
1093 3875 1256 3940 abbatisse
1279 3874 1441 3958 preposite
1457 3884 1489 3941 et
1505 3873 1637 3942 decane

296 4001 335 4047 ac
360 3982 500 4066 capitulo
524 3981 678 4048 secularis
702 3982 838 4047 ecclesie
855 3980 1061 4046 Assindensis
1085 3980 1128 4046 ad
1143 3980 1321 4047 Romanam
1346 3982 1517 4048 ecclesiam
1540 3980 1637 4047 nullo

295 4087 402 4154 medio
435 4089 625 4175 pertinentis
658 4089 797 4155 efficacis
831 4087 1029 4156 detensionis
1062 4087 1203 4174 presidio
1238 4088 1434 4163 assistentes,
1467 4108 1530 4152 non
1560 4108 1640 4172 per-

296 4194 424 4260 mittant
453 4195 580 4262 easdem
612 4216 706 4281 super
735 4196 827 4261 bonis
851 4203 883 4260 et
906 4196 1029 4261 iuribus
1053 4195 1096 4261 ad
1120 4194 1250 4261 easdem
1275 4194 1495 4279 spectantibus
1518 4216 1538 4259 a
1562 4196 1642 4278 qui·

297 4301 493 4386 buscumqne
525 4302 668 4368 indebite
701 4303 863 4369 molestari
889 4303 939 4369 vel
972 4304 1018 4369 eis
1046 4302 1235 4388 gravamina
1264 4322 1320 4368 seu
1344 4301 1486 4387 dampna
1509 4301 1562 4366 vel
1587 4304 1641 4369 in-

295 4409 394 4475 iurias
417 4411 563 4493 irrogari.

405 4516 557 4583 Militanti
591 4518 727 4583 ecclesie
760 4517 837 4582 licet
861 4566 869 4582 .
895 4568 902 4582 .
929 4566 936 4578 .
995 4518 1071 4582 Dat.
1103 4516 1201 4582 Avin.
1236 4516 1285 4579 111
1317 4514 1389 4580 idus
1422 4516 1579 4582 februarii
1604 4540 1642 4586 a.

296 4632 419 4712 quarto.

446 4815 518 4887 Ray.
538 4817 593 4871 125
610 4830 658 4869 ar.
678 4813 746 4869 200.
