<?xml version="1.0" encoding="UTF-8"?>
<!DOCTYPE html PUBLIC "-//W3C//DTD XHTML 1.0 Transitional//EN"
    "http://www.w3.org/TR/xhtml1/DTD/xhtml1-transitional.dtd">
<html xmlns="http://www.w3.org/1999/xhtml" xml:lang="en" lang="en">
 <head>
  <title>
</title>
<meta http-equiv="Content-Type" content="text/html;charset=utf-8" />
  <meta name='ocr-system' content='tesseract 3.04.00' />
  <meta name='ocr-capabilities' content='ocr_page ocr_carea ocr_par ocr_line ocrx_word'/>
</head>
<body>
  <div class='ocr_page' id='page_1' title='image "./urkundenundrege00thimgoog_0446.png"; bbox 0 0 3642 5509; ppageno 0'>
   <div class='ocr_carea' id='block_1_1' title="bbox 803 455 1016 516">
    <p class='ocr_par' dir='ltr' id='par_1_1' title="bbox 803 455 1016 516">
     <span class='ocr_line' id='line_1_1' title="bbox 803 455 1016 516; baseline 0 -1"><span class='ocrx_word' id='word_1_1' title='bbox 803 459 871 516; x_wconf 80' lang='lat'><strong>1331</strong></span> <span class='ocrx_word' id='word_1_2' title='bbox 892 455 955 516; x_wconf 84' lang='lat' dir='ltr'><strong>Jull</strong></span> <span class='ocrx_word' id='word_1_3' title='bbox 975 459 1016 515; x_wconf 87' lang='lat'><strong>10.</strong></span> 
     </span>
    </p>
   </div>
   <div class='ocr_carea' id='block_1_2' title="bbox 340 677 966 765">
    <p class='ocr_par' dir='ltr' id='par_1_2' title="bbox 340 677 966 765">
     <span class='ocr_line' id='line_1_2' title="bbox 340 677 966 765; baseline -0.002 -21"><span class='ocrx_word' id='word_1_4' title='bbox 340 677 473 745; x_wconf 71' lang='grc'><strong>2060.</strong></span> <span class='ocrx_word' id='word_1_5' title='bbox 505 681 591 745; x_wconf 83' lang='grc'>1331</span> <span class='ocrx_word' id='word_1_6' title='bbox 615 678 692 746; x_wconf 76' lang='lat' dir='ltr'><strong>Jatt</strong></span> <span class='ocrx_word' id='word_1_7' title='bbox 716 680 769 744; x_wconf 87' lang='lat'><strong>10.</strong></span> <span class='ocrx_word' id='word_1_8' title='bbox 799 677 966 765; x_wconf 81' lang='lat' dir='ltr'><strong>Aoipaoa.</strong></span> 
     </span>
    </p>
   </div>
   <div class='ocr_carea' id='block_1_3' title="bbox 236 822 1571 1747">
    <p class='ocr_par' dir='ltr' id='par_1_3' title="bbox 236 822 1571 1534">
     <span class='ocr_line' id='line_1_3' title="bbox 340 822 1570 889; baseline 0 -3"><span class='ocrx_word' id='word_1_9' title='bbox 340 823 499 889; x_wconf 88' lang='lat' dir='ltr'><strong>Iohannes</strong></span> <span class='ocrx_word' id='word_1_10' title='bbox 515 823 615 888; x_wconf 87' lang='lat' dir='ltr'>XXII</span> <span class='ocrx_word' id='word_1_11' title='bbox 648 823 682 888; x_wconf 90' lang='lat' dir='ltr'><strong>S.</strong></span> <span class='ocrx_word' id='word_1_12' title='bbox 704 822 871 887; x_wconf 83' lang='lat' dir='ltr'><strong>Maximini</strong></span> <span class='ocrx_word' id='word_1_13' title='bbox 896 829 989 888; x_wconf 82' lang='lat' dir='ltr'><strong>extra</strong></span> <span class='ocrx_word' id='word_1_14' title='bbox 1012 843 1119 888; x_wconf 89' lang='lat' dir='ltr'><strong>muros</strong></span> <span class='ocrx_word' id='word_1_15' title='bbox 1143 822 1358 888; x_wconf 82' lang='lat' dir='ltr'><strong>Trevercnses</strong></span> <span class='ocrx_word' id='word_1_16' title='bbox 1382 827 1414 887; x_wconf 85' lang='lat' dir='ltr'><strong>ct</strong></span> <span class='ocrx_word' id='word_1_17' title='bbox 1437 823 1470 888; x_wconf 90' lang='lat' dir='ltr'><strong>S.</strong></span> <span class='ocrx_word' id='word_1_18' title='bbox 1489 823 1570 887; x_wconf 89' lang='lat' dir='ltr'><strong>Pan·</strong></span> 
     </span>
     <span class='ocr_line' id='line_1_4' title="bbox 236 928 1570 996; baseline 0 -2"><span class='ocrx_word' id='word_1_19' title='bbox 236 929 370 996; x_wconf 86' lang='lat' dir='ltr'><strong>taleonis</strong></span> <span class='ocrx_word' id='word_1_20' title='bbox 404 929 488 996; x_wconf 82' lang='lat' dir='ltr'><strong>infra</strong></span> <span class='ocrx_word' id='word_1_21' title='bbox 515 949 621 995; x_wconf 91' lang='lat' dir='ltr'><strong>muros</strong></span> <span class='ocrx_word' id='word_1_22' title='bbox 644 928 850 995; x_wconf 76' lang='lat' dir='ltr'><strong>colonienses</strong></span> <span class='ocrx_word' id='word_1_23' title='bbox 879 929 1143 996; x_wconf 81' lang='lat' dir='ltr'><strong>monasteriorum</strong></span> <span class='ocrx_word' id='word_1_24' title='bbox 1174 929 1346 995; x_wconf 88' lang='lat' dir='ltr'><strong>abbatibus</strong></span> <span class='ocrx_word' id='word_1_25' title='bbox 1375 949 1414 994; x_wconf 91' lang='lat' dir='ltr'><strong>ac</strong></span> <span class='ocrx_word' id='word_1_26' title='bbox 1446 928 1570 995; x_wconf 84' lang='lat' dir='ltr'><strong>decano</strong></span> 
     </span>
     <span class='ocr_line' id='line_1_5' title="bbox 236 1035 1570 1122; baseline -0.001 -20"><span class='ocrx_word' id='word_1_27' title='bbox 236 1037 315 1102; x_wconf 90' lang='lat' dir='ltr'><strong>eccl.</strong></span> <span class='ocrx_word' id='word_1_28' title='bbox 339 1037 373 1103; x_wconf 86' lang='lat' dir='ltr'><strong>S.</strong></span> <span class='ocrx_word' id='word_1_29' title='bbox 398 1035 555 1102; x_wconf 71' lang='lat' dir='ltr'><strong>(luidonis</strong></span> <span class='ocrx_word' id='word_1_30' title='bbox 579 1035 741 1122; x_wconf 78' lang='lat' dir='ltr'><strong>Spirensis</strong></span> <span class='ocrx_word' id='word_1_31' title='bbox 764 1036 906 1118; x_wconf 88' lang='lat' dir='ltr'><strong>mandat,</strong></span> <span class='ocrx_word' id='word_1_32' title='bbox 940 1037 1089 1119; x_wconf 80' lang='lat' dir='ltr'><strong>quatinus</strong></span> <span class='ocrx_word' id='word_1_33' title='bbox 1113 1035 1260 1120; x_wconf 89' lang='lat' dir='ltr'><strong>deputati</strong></span> <span class='ocrx_word' id='word_1_34' title='bbox 1284 1036 1325 1101; x_wconf 90' lang='lat' dir='ltr'><strong>ab</strong></span> <span class='ocrx_word' id='word_1_35' title='bbox 1353 1035 1424 1120; x_wconf 90' lang='lat' dir='ltr'><strong>ipso</strong></span> <span class='ocrx_word' id='word_1_36' title='bbox 1447 1035 1570 1101; x_wconf 90' lang='lat' dir='ltr'><strong>iudices</strong></span> 
     </span>
     <span class='ocr_line' id='line_1_6' title="bbox 236 1142 1570 1212; baseline -0.002 -3"><span class='ocrx_word' id='word_1_37' title='bbox 236 1151 269 1209; x_wconf 88' lang='lat' dir='ltr'><strong>ot</strong></span> <span class='ocrx_word' id='word_1_38' title='bbox 297 1150 540 1212; x_wconf 76' lang='lat' dir='ltr'><strong>conservatores</strong></span> <span class='ocrx_word' id='word_1_39' title='bbox 571 1144 682 1209; x_wconf 88' lang='lat' dir='ltr'><strong>abbati</strong></span> <span class='ocrx_word' id='word_1_40' title='bbox 714 1149 747 1209; x_wconf 88' lang='lat' dir='ltr'><strong>et</strong></span> <span class='ocrx_word' id='word_1_41' title='bbox 778 1144 951 1209; x_wconf 85' lang='lat' dir='ltr'><strong>conventui</strong></span> <span class='ocrx_word' id='word_1_42' title='bbox 983 1145 1168 1209; x_wconf 90' lang='lat' dir='ltr'><strong>monasterii</strong></span> <span class='ocrx_word' id='word_1_43' title='bbox 1200 1142 1241 1207; x_wconf 89' lang='lat' dir='ltr'><strong>de</strong></span> <span class='ocrx_word' id='word_1_44' title='bbox 1265 1142 1413 1208; x_wconf 73' lang='lat' dir='ltr'><strong>claustro</strong></span> <span class='ocrx_word' id='word_1_45' title='bbox 1436 1143 1570 1209; x_wconf 86' lang='lat' dir='ltr'><strong>Cisterc.</strong></span> 
     </span>
     <span class='ocr_line' id='line_1_7' title="bbox 236 1248 1571 1335; baseline -0.001 -19"><span class='ocrx_word' id='word_1_46' title='bbox 236 1251 305 1316; x_wconf 92' lang='lat' dir='ltr'><strong>ord.</strong></span> <span class='ocrx_word' id='word_1_47' title='bbox 322 1253 455 1318; x_wconf 82' lang='lat' dir='ltr'><strong>Trever.</strong></span> <span class='ocrx_word' id='word_1_48' title='bbox 473 1251 557 1317; x_wconf 87' lang='lat' dir='ltr'><strong>dioc.</strong></span> <span class='ocrx_word' id='word_1_49' title='bbox 582 1251 770 1317; x_wconf 85' lang='lat' dir='ltr'><strong>assistentes</strong></span> <span class='ocrx_word' id='word_1_50' title='bbox 793 1270 857 1316; x_wconf 92' lang='lat' dir='ltr'><strong>non</strong></span> <span class='ocrx_word' id='word_1_51' title='bbox 881 1251 1070 1335; x_wconf 87' lang='lat' dir='ltr'><strong>permittant</strong></span> <span class='ocrx_word' id='word_1_52' title='bbox 1093 1248 1223 1316; x_wconf 89' lang='lat' dir='ltr'><strong>cosdem</strong></span> <span class='ocrx_word' id='word_1_53' title='bbox 1247 1269 1343 1334; x_wconf 91' lang='lat' dir='ltr'><strong>super</strong></span> <span class='ocrx_word' id='word_1_54' title='bbox 1366 1251 1571 1334; x_wconf 89' lang='lat' dir='ltr'><strong>possessioni-</strong></span> 
     </span>
     <span class='ocr_line' id='line_1_8' title="bbox 236 1355 1571 1442; baseline -0.001 -18"><span class='ocrx_word' id='word_1_55' title='bbox 236 1359 296 1424; x_wconf 90' lang='lat' dir='ltr'><strong>bus</strong></span> <span class='ocrx_word' id='word_1_56' title='bbox 319 1366 351 1424; x_wconf 92' lang='lat' dir='ltr'><strong>et</strong></span> <span class='ocrx_word' id='word_1_57' title='bbox 378 1359 501 1425; x_wconf 89' lang='lat' dir='ltr'><strong>iuribus</strong></span> <span class='ocrx_word' id='word_1_58' title='bbox 529 1359 638 1424; x_wconf 89' lang='lat' dir='ltr'><strong>suisa</strong></span> <span class='ocrx_word' id='word_1_59' title='bbox 662 1358 904 1440; x_wconf 80' lang='lat' dir='ltr'><strong>quibuscunque</strong></span> <span class='ocrx_word' id='word_1_60' title='bbox 936 1357 1165 1424; x_wconf 87' lang='lat' dir='ltr'><strong>ecclesiasticis</strong></span> <span class='ocrx_word' id='word_1_61' title='bbox 1194 1357 1246 1423; x_wconf 89' lang='lat' dir='ltr'><strong>vel</strong></span> <span class='ocrx_word' id='word_1_62' title='bbox 1275 1355 1473 1423; x_wconf 87' lang='lat' dir='ltr'><strong>secularibus</strong></span> <span class='ocrx_word' id='word_1_63' title='bbox 1502 1377 1571 1442; x_wconf 90' lang='lat' dir='ltr'><strong>per-</strong></span> 
     </span>
     <span class='ocr_line' id='line_1_9' title="bbox 236 1467 519 1534; baseline -0.007 -2"><span class='ocrx_word' id='word_1_64' title='bbox 236 1467 322 1532; x_wconf 89' lang='lat' dir='ltr'><strong>sonis</strong></span> <span class='ocrx_word' id='word_1_65' title='bbox 346 1467 519 1534; x_wconf 87' lang='lat' dir='ltr'><strong>molestari.</strong></span> 
     </span>
    </p>

    <p class='ocr_par' dir='ltr' id='par_1_4' title="bbox 237 1572 1570 1747">
     <span class='ocr_line' id='line_1_10' title="bbox 342 1572 1570 1655; baseline 0 -17"><span class='ocrx_word' id='word_1_66' title='bbox 342 1574 493 1640; x_wconf 88' lang='lat' dir='ltr'><strong>Militanti</strong></span> <span class='ocrx_word' id='word_1_67' title='bbox 517 1575 654 1642; x_wconf 89' lang='lat' dir='ltr'><strong>ecclesie</strong></span> <span class='ocrx_word' id='word_1_68' title='bbox 676 1574 753 1641; x_wconf 88' lang='lat' dir='ltr'><strong>lieet</strong></span> <span class='ocrx_word' id='word_1_69' title='bbox 782 1624 790 1639; x_wconf 93' lang='lat'><strong>.</strong></span> <span class='ocrx_word' id='word_1_70' title='bbox 819 1625 825 1640; x_wconf 95' lang='lat'><strong>.</strong></span> <span class='ocrx_word' id='word_1_71' title='bbox 854 1625 861 1640; x_wconf 97' lang='lat'><strong>.</strong></span> <span class='ocrx_word' id='word_1_72' title='bbox 907 1576 985 1642; x_wconf 91' lang='lat' dir='ltr'><strong>Dat.</strong></span> <span class='ocrx_word' id='word_1_73' title='bbox 1009 1575 1104 1641; x_wconf 82' lang='lat' dir='ltr'><strong>Avin.</strong></span> <span class='ocrx_word' id='word_1_74' title='bbox 1131 1574 1175 1640; x_wconf 95' lang='lat' dir='ltr'><strong>VI</strong></span> <span class='ocrx_word' id='word_1_75' title='bbox 1204 1572 1277 1639; x_wconf 89' lang='lat' dir='ltr'><strong>idus</strong></span> <span class='ocrx_word' id='word_1_76' title='bbox 1300 1573 1369 1638; x_wconf 90' lang='lat' dir='ltr'><strong>iulii</strong></span> <span class='ocrx_word' id='word_1_77' title='bbox 1393 1593 1423 1638; x_wconf 88' lang='lat' dir='ltr'><strong>a.</strong></span> <span class='ocrx_word' id='word_1_78' title='bbox 1447 1573 1570 1655; x_wconf 89' lang='lat' dir='ltr'><strong>quinto-</strong></span> 
     </span>
     <span class='ocr_line' id='line_1_11' title="bbox 237 1679 372 1747; baseline 0 -2"><span class='ocrx_word' id='word_1_79' title='bbox 237 1679 372 1747; x_wconf 92' lang='lat' dir='ltr'><strong>decimo.</strong></span> 
     </span>
    </p>
   </div>
   <div class='ocr_carea' id='block_1_4' title="bbox 400 1813 881 1885">
    <p class='ocr_par' dir='ltr' id='par_1_5' title="bbox 400 1813 881 1885">
     <span class='ocr_line' id='line_1_12' title="bbox 400 1813 881 1885; baseline 0 -16"><span class='ocrx_word' id='word_1_80' title='bbox 400 1813 471 1885; x_wconf 69' lang='grc'>1119.</span> <span class='ocrx_word' id='word_1_81' title='bbox 491 1815 549 1869; x_wconf 87' lang='grc'><strong>100</strong></span> <span class='ocrx_word' id='word_1_82' title='bbox 566 1831 615 1871; x_wconf 81' lang='lat' dir='ltr'><strong>ar.</strong></span> <span class='ocrx_word' id='word_1_83' title='bbox 628 1815 709 1883; x_wconf 53' lang='lat' dir='ltr'><strong>aa&amp;</strong></span> <span class='ocrx_word' id='word_1_84' title='bbox 726 1815 779 1870; x_wconf 81' lang='lat' dir='ltr'><strong>Rz.</strong></span> <span class='ocrx_word' id='word_1_85' title='bbox 799 1817 881 1870; x_wconf 81' lang='lat'><strong>1469.</strong></span> 
     </span>
    </p>
   </div>
   <div class='ocr_carea' id='block_1_5' title="bbox 344 2111 978 2200">
    <p class='ocr_par' dir='ltr' id='par_1_6' title="bbox 344 2111 978 2200">
     <span class='ocr_line' id='line_1_13' title="bbox 344 2111 978 2200; baseline 0 -22"><span class='ocrx_word' id='word_1_86' title='bbox 344 2111 466 2178; x_wconf 76' lang='grc'>1111.</span> <span class='ocrx_word' id='word_1_87' title='bbox 497 2115 583 2178; x_wconf 85' lang='lat'><strong><em>1331</em></strong></span> <span class='ocrx_word' id='word_1_88' title='bbox 608 2114 684 2181; x_wconf 74' lang='lat' dir='ltr'><strong>Jots</strong></span> <span class='ocrx_word' id='word_1_89' title='bbox 709 2111 978 2200; x_wconf 59' lang='grc'>1511119111.)</span> 
     </span>
    </p>
   </div>
   <div class='ocr_carea' id='block_1_6' title="bbox 236 2253 1570 3200">
    <p class='ocr_par' dir='ltr' id='par_1_7' title="bbox 341 2253 1156 2340">
     <span class='ocr_line' id='line_1_14' title="bbox 341 2253 1156 2340; baseline 0.001 -21"><span class='ocrx_word' id='word_1_90' title='bbox 341 2254 512 2339; x_wconf 87' lang='lat' dir='ltr'><strong>[Iohannes</strong></span> <span class='ocrx_word' id='word_1_91' title='bbox 536 2254 647 2339; x_wconf 86' lang='lat' dir='ltr'>XXII]</span> <span class='ocrx_word' id='word_1_92' title='bbox 670 2253 842 2340; x_wconf 84' lang='lat' dir='ltr'><strong>Raynaldo</strong></span> <span class='ocrx_word' id='word_1_93' title='bbox 867 2257 977 2321; x_wconf 91' lang='lat' dir='ltr'><strong>comiti</strong></span> <span class='ocrx_word' id='word_1_94' title='bbox 1001 2255 1156 2322; x_wconf 83' lang='lat' dir='ltr'><strong>Geirensi.</strong></span> 
     </span>
    </p>

    <p class='ocr_par' dir='ltr' id='par_1_8' title="bbox 236 2360 1570 3071">
     <span class='ocr_line' id='line_1_15' title="bbox 344 2360 1569 2449; baseline -0.002 -21"><span class='ocrx_word' id='word_1_95' title='bbox 344 2361 434 2428; x_wconf 91' lang='lat' dir='ltr'><strong>Serie</strong></span> <span class='ocrx_word' id='word_1_96' title='bbox 466 2362 631 2447; x_wconf 86' lang='lat' dir='ltr'><strong>petitionis</strong></span> <span class='ocrx_word' id='word_1_97' title='bbox 661 2363 817 2448; x_wconf 88' lang='lat' dir='ltr'><strong>inspecta,</strong></span> <span class='ocrx_word' id='word_1_98' title='bbox 852 2383 917 2446; x_wconf 88' lang='lat' dir='ltr'><strong>qua</strong></span> <span class='ocrx_word' id='word_1_99' title='bbox 944 2364 1101 2449; x_wconf 88' lang='lat' dir='ltr'><strong>poscebas</strong></span> <span class='ocrx_word' id='word_1_100' title='bbox 1129 2384 1150 2428; x_wconf 91' lang='lat' dir='ltr'><strong>a</strong></span> <span class='ocrx_word' id='word_1_101' title='bbox 1178 2363 1280 2446; x_wconf 91' lang='lat' dir='ltr'><strong>nobis,</strong></span> <span class='ocrx_word' id='word_1_102' title='bbox 1315 2360 1400 2446; x_wconf 90' lang='lat' dir='ltr'><strong>quod</strong></span> <span class='ocrx_word' id='word_1_103' title='bbox 1429 2362 1569 2429; x_wconf 84' lang='lat' dir='ltr'><strong>claustra</strong></span> 
     </span>
     <span class='ocr_line' id='line_1_16' title="bbox 237 2468 1570 2555; baseline 0 -21"><span class='ocrx_word' id='word_1_104' title='bbox 237 2469 426 2536; x_wconf 87' lang='lat' dir='ltr'><strong>dilectarum</strong></span> <span class='ocrx_word' id='word_1_105' title='bbox 455 2468 592 2535; x_wconf 88' lang='lat' dir='ltr'><strong>filiarum</strong></span> <span class='ocrx_word' id='word_1_106' title='bbox 620 2470 654 2535; x_wconf 92' lang='lat' dir='ltr'><strong>in</strong></span> <span class='ocrx_word' id='word_1_107' title='bbox 678 2469 804 2536; x_wconf 85' lang='lat' dir='ltr'><strong>Christo</strong></span> <span class='ocrx_word' id='word_1_108' title='bbox 834 2470 1018 2536; x_wconf 89' lang='lat' dir='ltr'><strong>monialium</strong></span> <span class='ocrx_word' id='word_1_109' title='bbox 1052 2470 1174 2536; x_wconf 88' lang='lat' dir='ltr'><strong>ordinis</strong></span> <span class='ocrx_word' id='word_1_110' title='bbox 1203 2470 1237 2535; x_wconf 90' lang='lat' dir='ltr'><strong>S.</strong></span> <span class='ocrx_word' id='word_1_111' title='bbox 1264 2469 1358 2537; x_wconf 82' lang='lat' dir='ltr'><strong>Clare</strong></span> <span class='ocrx_word' id='word_1_112' title='bbox 1390 2489 1501 2555; x_wconf 88' lang='lat' dir='ltr'><strong>posses</strong></span> <span class='ocrx_word' id='word_1_113' title='bbox 1524 2470 1570 2535; x_wconf 91' lang='lat' dir='ltr'><strong>in-</strong></span> 
     </span>
     <span class='ocr_line' id='line_1_17' title="bbox 236 2576 1569 2662; baseline 0 -20"><span class='ocrx_word' id='word_1_114' title='bbox 236 2576 340 2661; x_wconf 82' lang='lat' dir='ltr'><strong>gredi,</strong></span> <span class='ocrx_word' id='word_1_115' title='bbox 373 2577 525 2660; x_wconf 90' lang='lat' dir='ltr'><strong>quooiens</strong></span> <span class='ocrx_word' id='word_1_116' title='bbox 554 2597 634 2662; x_wconf 88' lang='lat' dir='ltr'><strong>opus</strong></span> <span class='ocrx_word' id='word_1_117' title='bbox 662 2583 757 2660; x_wconf 87' lang='lat' dir='ltr'><strong>esset,</strong></span> <span class='ocrx_word' id='word_1_118' title='bbox 792 2579 850 2644; x_wconf 94' lang='lat' dir='ltr'><strong>tibi</strong></span> <span class='ocrx_word' id='word_1_119' title='bbox 879 2577 1058 2644; x_wconf 80' lang='lat' dir='ltr'><strong>concedere</strong></span> <span class='ocrx_word' id='word_1_120' title='bbox 1082 2577 1299 2662; x_wconf 90' lang='lat' dir='ltr'><strong>dignaremur,</strong></span> <span class='ocrx_word' id='word_1_121' title='bbox 1333 2577 1409 2660; x_wconf 91' lang='lat' dir='ltr'><strong>quia</strong></span> <span class='ocrx_word' id='word_1_122' title='bbox 1433 2597 1569 2662; x_wconf 88' lang='lat' dir='ltr'><strong>occupa·</strong></span> 
     </span>
     <span class='ocr_line' id='line_1_18' title="bbox 237 2681 1569 2769; baseline -0.002 -20"><span class='ocrx_word' id='word_1_123' title='bbox 237 2685 324 2750; x_wconf 90' lang='lat' dir='ltr'><strong>tione</strong></span> <span class='ocrx_word' id='word_1_124' title='bbox 348 2685 477 2750; x_wconf 87' lang='lat' dir='ltr'><strong>celestis</strong></span> <span class='ocrx_word' id='word_1_125' title='bbox 501 2684 780 2769; x_wconf 87' lang='lat' dir='ltr'><strong>contemplationis</strong></span> <span class='ocrx_word' id='word_1_126' title='bbox 803 2690 929 2752; x_wconf 90' lang='lat' dir='ltr'><strong>attenta</strong></span> <span class='ocrx_word' id='word_1_127' title='bbox 952 2705 1012 2750; x_wconf 87' lang='lat' dir='ltr'><strong>nec</strong></span> <span class='ocrx_word' id='word_1_128' title='bbox 1035 2684 1130 2750; x_wconf 89' lang='lat' dir='ltr'><strong>saluti</strong></span> <span class='ocrx_word' id='word_1_129' title='bbox 1155 2693 1242 2750; x_wconf 76' lang='lat' dir='ltr'><strong>neca</strong></span> <span class='ocrx_word' id='word_1_130' title='bbox 1266 2683 1413 2768; x_wconf 87' lang='lat' dir='ltr'><strong>religioni</strong></span> <span class='ocrx_word' id='word_1_131' title='bbox 1438 2681 1569 2769; x_wconf 83' lang='lat' dir='ltr'><strong>expedit</strong></span> 
     </span>
     <span class='ocr_line' id='line_1_19' title="bbox 236 2790 1569 2876; baseline 0 -20"><span class='ocrx_word' id='word_1_132' title='bbox 236 2791 421 2858; x_wconf 90' lang='lat' dir='ltr'><strong>monialium</strong></span> <span class='ocrx_word' id='word_1_133' title='bbox 453 2791 671 2875; x_wconf 85' lang='lat' dir='ltr'><strong>predictarum</strong></span> <span class='ocrx_word' id='word_1_134' title='bbox 700 2811 759 2856; x_wconf 86' lang='lat' dir='ltr'><strong>nec</strong></span> <span class='ocrx_word' id='word_1_135' title='bbox 788 2791 850 2858; x_wconf 89' lang='lat' dir='ltr'><strong>deo</strong></span> <span class='ocrx_word' id='word_1_136' title='bbox 878 2811 936 2876; x_wconf 89' lang='lat' dir='ltr'><strong>per</strong></span> <span class='ocrx_word' id='word_1_137' title='bbox 964 2810 1162 2874; x_wconf 86' lang='lat' dir='ltr'><strong>consequens</strong></span> <span class='ocrx_word' id='word_1_138' title='bbox 1184 2797 1296 2874; x_wconf 84' lang='lat' dir='ltr'><strong>gratus</strong></span> <span class='ocrx_word' id='word_1_139' title='bbox 1319 2793 1472 2857; x_wconf 84' lang='lat' dir='ltr'><strong>existeret</strong></span> <span class='ocrx_word' id='word_1_140' title='bbox 1495 2790 1569 2856; x_wconf 83' lang='lat' dir='ltr'><strong>talis</strong></span> 
     </span>
     <span class='ocr_line' id='line_1_20' title="bbox 237 2897 1570 2983; baseline -0.002 -19"><span class='ocrx_word' id='word_1_141' title='bbox 237 2899 410 2982; x_wconf 86' lang='lat' dir='ltr'><strong>ingressus,</strong></span> <span class='ocrx_word' id='word_1_142' title='bbox 434 2897 615 2983; x_wconf 85' lang='lat' dir='ltr'><strong>superbae,</strong></span> <span class='ocrx_word' id='word_1_143' title='bbox 638 2899 693 2980; x_wconf 88' lang='lat' dir='ltr'><strong>lili,</strong></span> <span class='ocrx_word' id='word_1_144' title='bbox 717 2904 775 2965; x_wconf 93' lang='lat' dir='ltr'><strong>tua</strong></span> <span class='ocrx_word' id='word_1_145' title='bbox 790 2919 848 2965; x_wconf 91' lang='lat' dir='ltr'><strong>nos</strong></span> <span class='ocrx_word' id='word_1_146' title='bbox 869 2899 989 2964; x_wconf 88' lang='lat' dir='ltr'><strong>babeat</strong></span> <span class='ocrx_word' id='word_1_147' title='bbox 1012 2899 1164 2965; x_wconf 88' lang='lat' dir='ltr'><strong>nobilitas</strong></span> <span class='ocrx_word' id='word_1_148' title='bbox 1187 2905 1368 2966; x_wconf 87' lang='lat' dir='ltr'><strong>excusatos.</strong></span> <span class='ocrx_word' id='word_1_149' title='bbox 1404 2900 1480 2963; x_wconf 86' lang='lat' dir='ltr'><strong>Dat.</strong></span> <span class='ocrx_word' id='word_1_150' title='bbox 1497 2897 1570 2962; x_wconf 92' lang='lat' dir='ltr'><strong>idus</strong></span> 
     </span>
     <span class='ocr_line' id='line_1_21' title="bbox 237 3005 455 3071; baseline -0.009 -1"><span class='ocrx_word' id='word_1_151' title='bbox 237 3005 304 3071; x_wconf 88' lang='lat' dir='ltr'><strong>iulii</strong></span> <span class='ocrx_word' id='word_1_152' title='bbox 328 3027 358 3071; x_wconf 91' lang='lat' dir='ltr'><strong>a.</strong></span> <span class='ocrx_word' id='word_1_153' title='bbox 383 3005 455 3071; x_wconf 90' lang='lat' dir='ltr'><strong>XV.</strong></span> 
     </span>
    </p>

    <p class='ocr_par' dir='ltr' id='par_1_9' title="bbox 396 3128 798 3200">
     <span class='ocr_line' id='line_1_22' title="bbox 396 3128 798 3200; baseline -0.007 -15"><span class='ocrx_word' id='word_1_154' title='bbox 396 3131 469 3200; x_wconf 72' lang='lat' dir='ltr'><strong>Ray.</strong></span> <span class='ocrx_word' id='word_1_155' title='bbox 488 3130 543 3184; x_wconf 87' lang='grc'><strong>116</strong></span> <span class='ocrx_word' id='word_1_156' title='bbox 559 3128 585 3198; x_wconf 83' lang='lat' dir='ltr'><strong>f.</strong></span> <span class='ocrx_word' id='word_1_157' title='bbox 603 3128 652 3183; x_wconf 79' lang='lat'><strong>80¹</strong></span> <span class='ocrx_word' id='word_1_158' title='bbox 669 3145 718 3183; x_wconf 80' lang='lat' dir='ltr'><strong>ar.</strong></span> <span class='ocrx_word' id='word_1_159' title='bbox 732 3130 798 3182; x_wconf 80' lang='lat'><strong>376.</strong></span> 
     </span>
    </p>
   </div>
   <div class='ocr_carea' id='block_1_7' title="bbox 346 3443 981 3543">
    <p class='ocr_par' dir='ltr' id='par_1_10' title="bbox 346 3443 981 3543">
     <span class='ocr_line' id='line_1_23' title="bbox 346 3443 981 3543; baseline 0.003 -33"><span class='ocrx_word' id='word_1_160' title='bbox 346 3443 495 3511; x_wconf 61' lang='lat'>*2062</span> <span class='ocrx_word' id='word_1_161' title='bbox 528 3447 612 3510; x_wconf 83' lang='lat'><strong><em>1331</em></strong></span> <span class='ocrx_word' id='word_1_162' title='bbox 637 3445 713 3512; x_wconf 80' lang='lat' dir='ltr'><strong>Jott</strong></span> <span class='ocrx_word' id='word_1_163' title='bbox 736 3446 981 3543; x_wconf 67' lang='grc'>2111191111.</span> 
     </span>
    </p>
   </div>
   <div class='ocr_carea' id='block_1_8' title="bbox 235 3586 1568 4747">
    <p class='ocr_par' dir='ltr' id='par_1_11' title="bbox 237 3586 1567 3761">
     <span class='ocr_line' id='line_1_24' title="bbox 345 3586 1567 3676; baseline 0 -23"><span class='ocrx_word' id='word_1_164' title='bbox 345 3586 516 3671; x_wconf 88' lang='lat' dir='ltr'><strong>[Iohannes</strong></span> <span class='ocrx_word' id='word_1_165' title='bbox 528 3587 640 3672; x_wconf 87' lang='lat' dir='ltr'>XXII]</span> <span class='ocrx_word' id='word_1_166' title='bbox 665 3589 775 3654; x_wconf 90' lang='lat' dir='ltr'><strong>abbati</strong></span> <span class='ocrx_word' id='word_1_167' title='bbox 791 3594 824 3653; x_wconf 93' lang='grc'><strong>11</strong></span> <span class='ocrx_word' id='word_1_168' title='bbox 841 3591 1013 3656; x_wconf 88' lang='lat' dir='ltr'><strong>conventui</strong></span> <span class='ocrx_word' id='word_1_169' title='bbox 1029 3590 1213 3656; x_wconf 87' lang='lat' dir='ltr'><strong>monasterii</strong></span> <span class='ocrx_word' id='word_1_170' title='bbox 1230 3590 1419 3676; x_wconf 78' lang='lat' dir='ltr'><strong>Campensis</strong></span> <span class='ocrx_word' id='word_1_171' title='bbox 1435 3590 1567 3658; x_wconf 82' lang='lat' dir='ltr'><strong>Cisterc.</strong></span> 
     </span>
     <span class='ocr_line' id='line_1_25' title="bbox 237 3693 549 3761; baseline -0.003 -1"><span class='ocrx_word' id='word_1_172' title='bbox 237 3694 305 3760; x_wconf 91' lang='lat' dir='ltr'><strong>ord.</strong></span> <span class='ocrx_word' id='word_1_173' title='bbox 330 3694 440 3761; x_wconf 83' lang='lat' dir='ltr'><strong>Oolon.</strong></span> <span class='ocrx_word' id='word_1_174' title='bbox 465 3693 549 3761; x_wconf 88' lang='lat' dir='ltr'><strong>dioc.</strong></span> 
     </span>
    </p>

    <p class='ocr_par' dir='ltr' id='par_1_12' title="bbox 235 3802 1568 4747">
     <span class='ocr_line' id='line_1_26' title="bbox 344 3802 1568 3890; baseline 0.003 -23"><span class='ocrx_word' id='word_1_175' title='bbox 344 3802 532 3869; x_wconf 79' lang='lat' dir='ltr'><strong>Deuotionis</strong></span> <span class='ocrx_word' id='word_1_176' title='bbox 555 3809 661 3869; x_wconf 82' lang='lat' dir='ltr'><strong>vestre</strong></span> <span class='ocrx_word' id='word_1_177' title='bbox 685 3803 931 3870; x_wconf 85' lang='lat' dir='ltr'><strong>sinceritas...</strong></span> <span class='ocrx_word' id='word_1_178' title='bbox 957 3803 1042 3870; x_wconf 88' lang='lat' dir='ltr'><strong>Sane</strong></span> <span class='ocrx_word' id='word_1_179' title='bbox 1066 3825 1123 3890; x_wconf 91' lang='lat' dir='ltr'><strong>pro</strong></span> <span class='ocrx_word' id='word_1_180' title='bbox 1148 3811 1240 3890; x_wconf 83' lang='lat' dir='ltr'><strong>parta</strong></span> <span class='ocrx_word' id='word_1_181' title='bbox 1264 3810 1373 3871; x_wconf 89' lang='lat' dir='ltr'><strong>vestra</strong></span> <span class='ocrx_word' id='word_1_182' title='bbox 1395 3804 1488 3871; x_wconf 91' lang='lat' dir='ltr'><strong>nobis</strong></span> <span class='ocrx_word' id='word_1_183' title='bbox 1512 3825 1568 3871; x_wconf 84' lang='lat' dir='ltr'><strong>ex-</strong></span> 
     </span>
     <span class='ocr_line' id='line_1_27' title="bbox 236 3908 1568 3997; baseline 0.002 -23"><span class='ocrx_word' id='word_1_184' title='bbox 236 3908 301 3974; x_wconf 90' lang='lat' dir='ltr'><strong>titit</strong></span> <span class='ocrx_word' id='word_1_185' title='bbox 325 3909 488 3975; x_wconf 87' lang='lat' dir='ltr'><strong>humiliter</strong></span> <span class='ocrx_word' id='word_1_186' title='bbox 511 3909 735 3995; x_wconf 87' lang='lat' dir='ltr'><strong>supplicatum,</strong></span> <span class='ocrx_word' id='word_1_187' title='bbox 760 3910 846 3995; x_wconf 89' lang='lat' dir='ltr'><strong>quod</strong></span> <span class='ocrx_word' id='word_1_188' title='bbox 870 3931 941 3977; x_wconf 89' lang='lat' dir='ltr'><strong>cum</strong></span> <span class='ocrx_word' id='word_1_189' title='bbox 966 3913 1190 3977; x_wconf 88' lang='lat' dir='ltr'><strong>monasterium</strong></span> <span class='ocrx_word' id='word_1_190' title='bbox 1212 3918 1352 3978; x_wconf 88' lang='lat' dir='ltr'><strong>vestrum</strong></span> <span class='ocrx_word' id='word_1_191' title='bbox 1376 3912 1468 3996; x_wconf 84' lang='lat' dir='ltr'><strong>gravi</strong></span> <span class='ocrx_word' id='word_1_192' title='bbox 1492 3931 1568 3997; x_wconf 86' lang='lat' dir='ltr'><strong>pan·</strong></span> 
     </span>
     <span class='ocr_line' id='line_1_28' title="bbox 235 4017 1568 4104; baseline 0.002 -23"><span class='ocrx_word' id='word_1_193' title='bbox 235 4022 362 4101; x_wconf 90' lang='lat' dir='ltr'><strong>pertate</strong></span> <span class='ocrx_word' id='word_1_194' title='bbox 384 4023 558 4103; x_wconf 88' lang='lat' dir='ltr'><strong>prematur,</strong></span> <span class='ocrx_word' id='word_1_195' title='bbox 589 4017 759 4102; x_wconf 88' lang='lat' dir='ltr'><strong>providere</strong></span> <span class='ocrx_word' id='word_1_196' title='bbox 787 4019 879 4085; x_wconf 85' lang='lat' dir='ltr'><strong>vobis</strong></span> <span class='ocrx_word' id='word_1_197' title='bbox 902 4026 935 4084; x_wconf 90' lang='lat' dir='ltr'><strong>et</strong></span> <span class='ocrx_word' id='word_1_198' title='bbox 959 4017 1064 4085; x_wconf 85' lang='lat' dir='ltr'><strong>eidem</strong></span> <span class='ocrx_word' id='word_1_199' title='bbox 1092 4019 1284 4084; x_wconf 87' lang='lat' dir='ltr'><strong>monasterio</strong></span> <span class='ocrx_word' id='word_1_200' title='bbox 1314 4037 1410 4104; x_wconf 89' lang='lat' dir='ltr'><strong>super·</strong></span> <span class='ocrx_word' id='word_1_201' title='bbox 1437 4019 1498 4085; x_wconf 93' lang='lat' dir='ltr'><strong>hoc</strong></span> <span class='ocrx_word' id='word_1_202' title='bbox 1526 4018 1568 4084; x_wconf 91' lang='lat' dir='ltr'><strong>de</strong></span> 
     </span>
     <span class='ocr_line' id='line_1_29' title="bbox 236 4123 1567 4211; baseline 0.002 -24"><span class='ocrx_word' id='word_1_203' title='bbox 236 4130 391 4208; x_wconf 90' lang='lat' dir='ltr'><strong>oportuno</strong></span> <span class='ocrx_word' id='word_1_204' title='bbox 415 4124 556 4191; x_wconf 89' lang='lat' dir='ltr'><strong>remedio</strong></span> <span class='ocrx_word' id='word_1_205' title='bbox 580 4124 830 4192; x_wconf 87' lang='lat' dir='ltr'><strong>misericorditer</strong></span> <span class='ocrx_word' id='word_1_206' title='bbox 853 4123 1069 4211; x_wconf 90' lang='lat' dir='ltr'><strong>dignaremur.</strong></span> <span class='ocrx_word' id='word_1_207' title='bbox 1116 4127 1184 4195; x_wconf 85' lang='lat' dir='ltr'><strong>Nos</strong></span> <span class='ocrx_word' id='word_1_208' title='bbox 1207 4125 1345 4208; x_wconf 88' lang='lat' dir='ltr'><strong>itaque.</strong></span> <span class='ocrx_word' id='word_1_209' title='bbox 1373 4173 1380 4189; x_wconf 97' lang='lat'><strong>.</strong></span> <span class='ocrx_word' id='word_1_210' title='bbox 1407 4132 1467 4192; x_wconf 92' lang='lat' dir='ltr'><strong>.ut</strong></span> <span class='ocrx_word' id='word_1_211' title='bbox 1493 4175 1500 4191; x_wconf 96' lang='lat'><strong>.</strong></span> <span class='ocrx_word' id='word_1_212' title='bbox 1526 4175 1533 4188; x_wconf 91' lang='lat'><strong>.</strong></span> <span class='ocrx_word' id='word_1_213' title='bbox 1560 4175 1567 4190; x_wconf 94' lang='lat'><strong>.</strong></span> 
     </span>
     <span class='ocr_line' id='line_1_30' title="bbox 236 4228 1567 4318; baseline 0.004 -23"><span class='ocrx_word' id='word_1_214' title='bbox 236 4228 379 4297; x_wconf 87' lang='lat' dir='ltr'><strong>decimas</strong></span> <span class='ocrx_word' id='word_1_215' title='bbox 403 4232 568 4314; x_wconf 89' lang='lat' dir='ltr'><strong>usquead</strong></span> <span class='ocrx_word' id='word_1_216' title='bbox 592 4253 747 4299; x_wconf 90' lang='lat' dir='ltr'><strong>summam</strong></span> <span class='ocrx_word' id='word_1_217' title='bbox 773 4240 899 4299; x_wconf 89' lang='lat' dir='ltr'><strong>centum</strong></span> <span class='ocrx_word' id='word_1_218' title='bbox 924 4233 1125 4300; x_wconf 88' lang='lat' dir='ltr'><strong>marcharum</strong></span> <span class='ocrx_word' id='word_1_219' title='bbox 1154 4232 1280 4318; x_wconf 87' lang='lat' dir='ltr'><strong>argenti</strong></span> <span class='ocrx_word' id='word_1_220' title='bbox 1308 4233 1341 4297; x_wconf 92' lang='lat' dir='ltr'><strong>in</strong></span> <span class='ocrx_word' id='word_1_221' title='bbox 1366 4231 1567 4300; x_wconf 77' lang='grc'>1111111101-</span> 
     </span>
     <span class='ocr_line' id='line_1_31' title="bbox 236 4324 1567 4424; baseline 0.005 -24"><span class='ocrx_word' id='word_1_222' title='bbox 236 4335 370 4404; x_wconf 85' lang='lat' dir='ltr'><strong>lonicnsi</strong></span> <span class='ocrx_word' id='word_1_223' title='bbox 395 4337 606 4405; x_wconf 75' lang='lat' dir='ltr'><strong>demonibus</strong></span> <span class='ocrx_word' id='word_1_224' title='bbox 638 4324 819 4424; x_wconf 36' lang='lat' dir='ltr'><strong>laicorum(</strong></span> <span class='ocrx_word' id='word_1_225' title='bbox 840 4360 901 4424; x_wconf 89' lang='lat' dir='ltr'><strong>qne</strong></span> <span class='ocrx_word' id='word_1_226' title='bbox 936 4341 1091 4410; x_wconf 90' lang='lat' dir='ltr'><strong>canonice</strong></span> <span class='ocrx_word' id='word_1_227' title='bbox 1123 4347 1272 4407; x_wconf 87' lang='lat' dir='ltr'><strong>tenentur</strong></span> <span class='ocrx_word' id='word_1_228' title='bbox 1301 4341 1333 4405; x_wconf 89' lang='lat' dir='ltr'><strong>in</strong></span> <span class='ocrx_word' id='word_1_229' title='bbox 1366 4339 1498 4407; x_wconf 84' lang='lat' dir='ltr'><strong>feudum</strong></span> <span class='ocrx_word' id='word_1_230' title='bbox 1526 4341 1567 4406; x_wconf 89' lang='lat' dir='ltr'><strong>ab</strong></span> 
     </span>
     <span class='ocr_line' id='line_1_32' title="bbox 236 4445 1568 4533; baseline 0.002 -23"><span class='ocrx_word' id='word_1_231' title='bbox 236 4445 369 4529; x_wconf 90' lang='lat' dir='ltr'><strong>antiquo</strong></span> <span class='ocrx_word' id='word_1_232' title='bbox 392 4466 451 4531; x_wconf 88' lang='lat' dir='ltr'><strong>per</strong></span> <span class='ocrx_word' id='word_1_233' title='bbox 474 4466 538 4530; x_wconf 88' lang='lat' dir='ltr'><strong>eos,</strong></span> <span class='ocrx_word' id='word_1_234' title='bbox 573 4446 704 4531; x_wconf 89' lang='lat' dir='ltr'><strong>possitis</strong></span> <span class='ocrx_word' id='word_1_235' title='bbox 726 4446 884 4513; x_wconf 87' lang='lat' dir='ltr'><strong>redimere</strong></span> <span class='ocrx_word' id='word_1_236' title='bbox 907 4449 1058 4533; x_wconf 91' lang='lat' dir='ltr'><strong>ipsasque</strong></span> <span class='ocrx_word' id='word_1_237' title='bbox 1081 4447 1114 4512; x_wconf 92' lang='lat' dir='ltr'><strong>in</strong></span> <span class='ocrx_word' id='word_1_238' title='bbox 1138 4455 1279 4514; x_wconf 88' lang='lat' dir='ltr'><strong>vestrum</strong></span> <span class='ocrx_word' id='word_1_239' title='bbox 1303 4455 1336 4514; x_wconf 93' lang='lat' dir='ltr'><strong>et</strong></span> <span class='ocrx_word' id='word_1_240' title='bbox 1359 4446 1437 4514; x_wconf 89' lang='lat' dir='ltr'><strong>dicti</strong></span> <span class='ocrx_word' id='word_1_241' title='bbox 1461 4468 1568 4513; x_wconf 86' lang='lat' dir='ltr'><strong>mona·</strong></span> 
     </span>
     <span class='ocr_line' id='line_1_33' title="bbox 236 4551 1568 4641; baseline 0.003 -23"><span class='ocrx_word' id='word_1_242' title='bbox 236 4551 325 4618; x_wconf 86' lang='lat' dir='ltr'><strong>stcrii</strong></span> <span class='ocrx_word' id='word_1_243' title='bbox 349 4572 439 4618; x_wconf 87' lang='lat' dir='ltr'><strong>usum</strong></span> <span class='ocrx_word' id='word_1_244' title='bbox 464 4555 628 4638; x_wconf 89' lang='lat' dir='ltr'><strong>proprium</strong></span> <span class='ocrx_word' id='word_1_245' title='bbox 648 4555 882 4640; x_wconf 87' lang='lat' dir='ltr'><strong>imperpetuum</strong></span> <span class='ocrx_word' id='word_1_246' title='bbox 898 4556 1080 4620; x_wconf 88' lang='lat' dir='ltr'><strong>retinere..</strong></span> <span class='ocrx_word' id='word_1_247' title='bbox 1096 4603 1103 4620; x_wconf 88' lang='lat'><strong>.</strong></span> <span class='ocrx_word' id='word_1_248' title='bbox 1117 4554 1353 4641; x_wconf 81' lang='lat' dir='ltr'><strong>archiepiscopi</strong></span> <span class='ocrx_word' id='word_1_249' title='bbox 1370 4555 1568 4622; x_wconf 77' lang='lat' dir='ltr'><strong>Coloniensis</strong></span> 
     </span>
     <span class='ocr_line' id='line_1_34' title="bbox 235 4661 1567 4747; baseline 0.002 -23"><span class='ocrx_word' id='word_1_250' title='bbox 235 4666 269 4725; x_wconf 92' lang='lat' dir='ltr'><strong>et</strong></span> <span class='ocrx_word' id='word_1_251' title='bbox 281 4710 288 4723; x_wconf 91' lang='lat'><strong>.</strong></span> <span class='ocrx_word' id='word_1_252' title='bbox 302 4708 309 4723; x_wconf 96' lang='lat'><strong>.</strong></span> <span class='ocrx_word' id='word_1_253' title='bbox 323 4666 483 4725; x_wconf 88' lang='lat' dir='ltr'><strong>rectorum</strong></span> <span class='ocrx_word' id='word_1_254' title='bbox 507 4661 725 4743; x_wconf 88' lang='lat' dir='ltr'><strong>ecelesiarum,</strong></span> <span class='ocrx_word' id='word_1_255' title='bbox 750 4663 783 4726; x_wconf 93' lang='lat' dir='ltr'><strong>in</strong></span> <span class='ocrx_word' id='word_1_256' title='bbox 807 4681 940 4745; x_wconf 90' lang='lat' dir='ltr'><strong>quorum</strong></span> <span class='ocrx_word' id='word_1_257' title='bbox 957 4661 1136 4747; x_wconf 88' lang='lat' dir='ltr'><strong>parrochiis</strong></span> <span class='ocrx_word' id='word_1_258' title='bbox 1152 4661 1277 4728; x_wconf 91' lang='lat' dir='ltr'><strong>decime</strong></span> <span class='ocrx_word' id='word_1_259' title='bbox 1293 4663 1362 4747; x_wconf 90' lang='lat' dir='ltr'><strong>ipse</strong></span> <span class='ocrx_word' id='word_1_260' title='bbox 1379 4663 1567 4746; x_wconf 87' lang='lat' dir='ltr'><strong>consistunt,</strong></span> 
     </span>
    </p>
   </div>
   <div class='ocr_carea' id='block_1_9' title="bbox 281 4837 1418 4999">
    <p class='ocr_par' dir='ltr' id='par_1_13' title="bbox 281 4837 1418 4999">
     <span class='ocr_line' id='line_1_35' title="bbox 334 4837 554 4909; baseline 0 -17"><span class='ocrx_word' id='word_1_261' title='bbox 334 4840 364 4906; x_wconf 83' lang='lat' dir='ltr'><strong>a)</strong></span> <span class='ocrx_word' id='word_1_262' title='bbox 383 4854 421 4894; x_wconf 91' lang='lat' dir='ltr'><strong>ue</strong></span> <span class='ocrx_word' id='word_1_263' title='bbox 439 4837 475 4893; x_wconf 82' lang='lat' dir='ltr'><strong>in</strong></span> <span class='ocrx_word' id='word_1_264' title='bbox 492 4854 554 4909; x_wconf 73' lang='lat' dir='ltr'><strong>rep.</strong></span> 
     </span>
     <span class='ocr_line' id='line_1_36' title="bbox 281 4931 1418 4999; baseline -0.002 -10"><span class='ocrx_word' id='word_1_265' title='bbox 281 4945 402 4990; x_wconf 74' lang='lat' dir='ltr'><strong>Vatlkau.</strong></span> <span class='ocrx_word' id='word_1_266' title='bbox 419 4945 547 4999; x_wconf 62' lang='lat' dir='ltr'><strong>Meum</strong></span> <span class='ocrx_word' id='word_1_267' title='bbox 562 4945 595 4990; x_wconf 92' lang='lat'><strong>11.</strong></span> <span class='ocrx_word' id='word_1_268' title='bbox 1383 4931 1418 4987; x_wconf 74' lang='lat'><strong>27</strong></span> 
     </span>
    </p>
   </div>
   <div class='ocr_carea' id='block_1_10' title="bbox 0 0 1826 5509">
    <p class='ocr_par' dir='ltr' id='par_1_14' title="bbox 0 0 1826 5509">
     <span class='ocr_line' id='line_1_37' title="bbox 0 0 1826 5509; baseline 0 0"><span class='ocrx_word' id='word_1_269' title='bbox 0 0 1826 5509; x_wconf 95' lang='lat' dir='ltr'><strong> </strong></span> 
     </span>
    </p>
   </div>
  </div>
 </body>
</html>
