3642 5509
255 418 309 474 288
763 417 834 474 1329
852 419 1025 488 November
1044 419 1087 476 22.

256 602 335 686 ipsis
367 600 524 666 fructibus
556 598 736 666 redditibus
759 608 792 665 et
815 601 1033 685 proventibus,
1067 622 1146 686 qnos
1168 603 1201 667 in
1226 609 1328 668 totum
1352 601 1516 688 colligent,
1549 621 1587 670 eo

257 728 334 774 casu
358 708 485 773 solvant
514 706 731 772 obtinentibus
758 707 916 773 beneficia
944 709 1142 774 taxationem
1166 708 1301 775 eandem
1325 709 1505 776 in'duobus
1529 717 1589 776 ter·

256 817 351 882 minis
373 815 520 882 similiter
543 813 731 880 statuendis.
779 814 844 880 Sed
868 836 929 881 nec
952 825 1101 902 pretextu
1125 816 1271 884 defectus
1295 818 1462 885 solutionis
1483 817 1588 884 huius-

257 921 343 989 modi
359 923 515 1005 volumus,
539 928 574 986 ut
597 921 639 987 ad
665 922 783 988 calices
807 942 919 988 cruces
936 943 1015 990 vasa
1039 924 1137 990 libros
1161 932 1194 990 et
1217 926 1301 991 bona
1325 926 1455 992 mobilia
1478 925 1587 991 divino

258 1033 328 1096 usui
352 1029 504 1095 dedicat-a
532 1049 644 1094 manus
667 1029 869 1112 aliquatenus
893 1029 1116 1097 extendantur.
1165 1031 1324 1110 Quocirca
1348 1033 1587 1099 universitatem

257 1145 395 1204 vestram
419 1157 569 1220 rogamus
592 1156 755 1203 monemus
779 1143 812 1202 et
828 1137 991 1203 hortamur
1015 1145 1138 1205 attente
1156 1189 1163 1204 .
1182 1188 1189 1205 .
1208 1189 1216 1205 .
1233 1141 1383 1224 quatinus
1406 1139 1587 1206 huiusmodi

256 1247 374 1311 nostris
391 1252 423 1309 et
439 1245 575 1310 ecclesie
599 1242 744 1328 predicte
767 1245 1015 1312 necessitatibus
1038 1246 1092 1331 pio
1116 1249 1353 1332 courpacientes
1376 1248 1506 1332 affectu,
1530 1268 1588 1334 per

257 1354 444 1419 collectores
473 1351 634 1436 predictos
661 1359 694 1416 et
726 1351 975 1418 subcollectores
1011 1355 1052 1420 ab
1088 1355 1135 1420 eis
1169 1354 1372 1440 deputandos
1406 1356 1586 1421 huiusmodi

255 1461 379 1526 fructus
403 1458 549 1526 redditus
572 1467 605 1526 et
627 1465 801 1545 proventus
826 1460 919 1544 primi
944 1463 1018 1526 anni
1043 1461 1073 1526 in
1105 1461 1208 1527 forma
1231 1464 1411 1548 prescripta
1434 1464 1586 1547 colligere

256 1570 388 1653 exigere
420 1589 460 1634 ac
491 1568 636 1652 recipere
669 1569 790 1650 absque
818 1567 955 1633 alicuius
984 1567 1182 1634 difficultatis
1206 1569 1372 1636 obstaculo
1395 1570 1495 1636 libere
1518 1591 1586 1656 per·

254 1677 448 1763 permittatis
470 1682 504 1741 et
528 1672 609 1757 illos,
633 1680 728 1760 prout
751 1675 783 1738 in
807 1675 899 1741 vobis
923 1675 1027 1759 fuerit,
1052 1676 1177 1761 integre
1200 1677 1372 1761 assignetis
1393 1726 1400 1742 .
1424 1727 1463 1743 ..
1509 1679 1585 1744 Dat.

254 1783 349 1849 Avin.
374 1784 405 1848 X
429 1783 474 1847 kl.
499 1781 677 1848 decembris
700 1803 730 1850 a.
755 1781 1007 1865 quartodecimo.

414 1909 487 1979 Ray.
507 1911 560 1963 115
587 1909 605 1964 l.
625 1924 690 1966 cur.
704 1921 754 1975 pa.
774 1907 810 1960 II
827 1907 852 1977 f.
871 1909 910 1961 85
929 1923 977 1962 nr.
997 1911 1081 1976 1454·
1114 1911 1166 1965 Rc.
1189 1910 1282 1978 1227,·
1313 1910 1352 1980 cf.
1378 1908 1499 1978 Kirsclt,
1527 1908 1585 1964 Dic

411 1999 527 2069 papatu.
550 2000 743 2056 Gollcctoricn
756 2018 790 2072 p.
811 2001 874 2055 119.

343 2292 469 2358 1804.
495 2294 582 2358 1329
605 2294 793 2360 November
816 2297 869 2358 22.
899 2292 1092 2381 (deipnon.)

359 2417 519 2485 Iohannes
540 2419 641 2483 XXII
670 2418 910 2504 Heyndericnm
940 2420 1136 2504 prepositum
1160 2417 1193 2483 S.
1217 2417 1362 2483 Severini
1387 2415 1584 2482 Coloniensis

253 2531 285 2590 et
308 2525 565 2592 Godeschalcum
588 2525 629 2592 de
653 2525 804 2610 Barbegh
822 2528 1025 2608 (8101100111)
1049 2525 1253 2592 scolasticum
1277 2523 1455 2590 Bunnensis
1472 2523 1582 2590 Calon.

253 2631 335 2699 dioc.
370 2633 578 2699 ecclesiarum
607 2627 743 2718 deputat
771 2634 959 2701 collectores
983 2635 1155 2716 fructuum,
1188 2631 1369 2697 reddituum
1394 2637 1427 2696 et
1450 2649 1583 2716 proven·

252 2745 340 2805 tuum
363 2741 457 2826 primi
481 2741 556 2806 anni
580 2742 718 2806 omnium
742 2741 968 2807 beneficiorum
991 2743 1024 2806 in
1049 2741 1236 2807 civitatibus
1259 2745 1291 2806 et
1307 2737 1489 2805 diocesibus
1513 2757 1583 2822 pro-

252 2846 357 2912 vincie
390 2845 588 2914 coloniensis
616 2847 658 2912 ad
687 2867 817 2932 presens
850 2849 1035 2915 vacantium
1068 2854 1100 2915 et
1132 2867 1232 2931 usque
1260 2846 1302 2911 ad
1331 2847 1499 2912 triennium
1529 2865 1583 2910 va·

252 2961 432 3019 caturorum
464 2974 583 3037 cosque
615 2955 743 3020 instruit
777 2955 818 3021 de
853 2955 1076 3041 computandis
1109 2961 1142 3020 et
1175 2952 1367 3038 recipiendis
1402 2951 1581 3019 huiusmodi

250 3060 418 3127 fructibus.

357 3167 493 3246 Quantis
517 3168 728 3237 hereticorum
752 3179 786 3236 et
808 3172 1061 3238 scismaticorum
1079 3219 1086 3236 .
1103 3165 1139 3236 '..
1186 3171 1262 3236 Dat.
1279 3170 1311 3234 X
1334 3169 1379 3234 kl.
1404 3168 1582 3235 decembris

250 3297 278 3341 a.
305 3276 555 3360 quartodecimo.

410 3421 482 3490 Rep.
511 3423 565 3475 115
593 3435 640 3489 ps.
669 3422 706 3475 ΙΙ
727 3421 752 3491 f.
771 3424 809 3476 85
830 3439 878 3477 nr.
898 3424 988 3488 1455;
1009 3424 1060 3479 Rc.
1081 3423 1153 3478 1227
1172 3438 1202 3476 a.
1221 3423 1246 3474 1.

353 3706 480 3773 1805.
512 3710 599 3773 1329
620 3690 807 3776 November
830 3713 883 3776 24.
912 3710 1077 3800 1101911011.

356 3848 528 3933 [Iohannes
551 3851 662 3936 XXII]
690 3851 935 3940 archiepiscopo
960 3855 1152 3922 Coloniensi.

354 3957 417 4024 Pro
433 3959 559 4042 magnis
575 3978 786 4044 expensarum
805 3963 974 4028 oneribus.
993 4011 1000 4027 .
1019 4013 1025 4026 .
1044 3961 1241 4027 commodius
1257 3957 1439 4026 relevandis
1455 3959 1580 4024 fructus

249 4113 256 4131 .
275 4066 419 4149 ..primi
443 4068 518 4131 anni
542 4066 769 4133 beneficiorum
793 4068 1083 4135 ecclesiasticorum
1107 4069 1291 4134 vacantium
1308 4073 1341 4132 et
1357 4073 1579 4133 vacaturorurn

247 4192 348 4255 usque
371 4173 414 4238 ad
438 4175 608 4239 triennium
632 4177 665 4240 in
689 4177 750 4242 tnis
778 4177 910 4242 civitate
935 4177 1055 4244 diocesi
1078 4197 1118 4243 ac
1141 4177 1308 4261 provincia
1325 4173 1506 4240 Coloniensi
1524 4221 1532 4238 .
1547 4221 1578 4238 ..

246 4279 445 4365 providimus
467 4280 688 4358 reservandos,
713 4283 840 4349 dilectis
863 4283 937 4348 liliis
961 4281 1353 4370 Heydenricofpreposito
1376 4282 1411 4348 S.
1434 4281 1579 4347 Severini

247 4385 446 4453 Coloniensis
475 4394 508 4453 et
535 4387 758 4456 Godeschaloo
786 4390 828 4456 de
851 4389 1020 4473 Barbergh
1052 4391 1223 4457 scolastico
1257 4389 1435 4456 Bunnensis
1468 4387 1579 4454 Gelon.

247 4492 330 4559 dioc.
356 4495 563 4561 ecclesiarum
598 4496 772 4564 eorundem
805 4498 964 4563 fructuum
993 4519 1051 4584 per
1074 4519 1132 4566 nos
1156 4498 1381 4565 collectoribus
1404 4495 1578 4581 deputatis.

247 4599 406 4678 Quocirca
438 4603 673 4669 fraternitatem
706 4611 795 4669 tuam
826 4625 1001 4688 rogamus.
1021 4655 1027 4670 .
1046 4606 1245 4689 quatinus.
1264 4654 1270 4667 .
1292 4653 1298 4669 .
1320 4603 1441 4671 eisdem
1465 4603 1579 4668 collec-

246 4708 378 4782 toribus,
404 4709 518 4792 quibus
541 4717 657 4793 tecum,
682 4711 794 4792 frater,
820 4718 874 4777 ct.
892 4761 898 4775 .
919 4763 925 4776 .
943 4712 1156 4797 suffraganeis
1180 4715 1243 4779 tuis
1266 4713 1375 4794 aliqua
1398 4730 1494 4795 super
1518 4708 1579 4774 hiis

246 4814 416 4883 ordinandi
450 4836 507 4900 per
539 4817 620 4884 alias
652 4823 779 4886 nostras
811 4819 935 4886 litteras
968 4819 1173 4886 concedimus
1205 4821 1403 4907 facultatem,
1428 4818 1475 4884 sic
1499 4815 1579 4884 velis
