3642 5509
738 439 807 496 1327
827 439 1007 512 September
1028 440 1054 496 3.
1510 441 1547 498 63

214 617 368 703 dignitas,
393 621 425 685 in
450 621 587 687 ccclesia
610 619 756 706 predicta
780 619 883 686 eidem
909 628 1062 702 reservat,
1086 643 1147 686 uon
1174 621 1322 687 obstante
1346 623 1432 705 quod
1456 624 1489 688 in
1513 623 1545 688 S.

215 727 361 794 Severini
386 728 497 793 Colon.
523 735 554 792 et
586 729 617 792 in
647 728 681 793 S.
706 728 826 793 Florini
856 729 887 792 in
916 727 1117 794 Continentia
1147 736 1179 793 et
1202 730 1236 795 S.
1261 731 1376 796 Goaris
1402 732 1548 797 ecclesiis

216 834 425 900 canonicatus
459 842 493 900 et
527 833 707 918 prebendae
742 842 774 899 et
813 834 1047 920 parrochialem
1083 837 1252 902 ecclesiam
1286 839 1319 901 in
1353 837 1546 905 Andemaco

216 941 347 1007 'lieven
381 941 464 1007 dioc.
498 943 631 1007 obtinet.
678 943 802 1007 Tamen
835 941 1016 1007 huiusmodi
1050 942 1241 1027 dignitatem
1266 944 1315 1009 vel
1340 953 1546 1030 personatum

215 1068 271 1113 scu
295 1047 446 1132 officium,
470 1049 496 1114 ei
520 1048 600 1114 illud
625 1057 770 1114 curatum
793 1049 898 1132 luerit,
923 1057 1101 1133 assecutus,
1125 1050 1287 1117 dimittere
1312 1058 1456 1117 teneatur
1477 1074 1548 1138 par-

215 1155 389 1221 rochialem
413 1156 595 1222 ecclesiam.
627 1245 629 1250 Ι

323 1262 518 1328 Litterarum
552 1264 698 1346 scientia,
734 1284 855 1330 morum
890 1264 1066 1331 decor...
1116 1265 1191 1332 Dat.
1222 1266 1317 1332 Avin.
1349 1269 1380 1332 11
1410 1267 1455 1333 kl.
1478 1287 1548 1353 sep-

217 1370 350 1436 tembrio
372 1392 402 1436 a.
427 1369 607 1436 undecimo.

323 1477 361 1541 In
386 1496 413 1543 e.
442 1498 484 1542 m.
520 1476 645 1544 decano
668 1478 702 1544 S.
731 1477 901 1564 Symeonis
934 1485 967 1545 et
999 1479 1228 1546 archidiacono
1262 1482 1392 1548 maiorie
1415 1481 1548 1549 Trever.

217 1603 256 1650 ac
278 1584 448 1651 Ambrosio
472 1583 513 1649 de
537 1583 720 1651 Mediolano
744 1586 899 1651 canonico
924 1585 1171 1653 Mediolanensie
1194 1588 1411 1655 ecclesiarum.

368 1727 440 1797 nep.
460 1729 498 1780 aa
515 1727 539 1796 f.
559 1727 629 1781 326¹
647 1744 695 1782 nr.
715 1729 803 1782 2856.

325 2026 446 2094 1254.
473 2031 559 2094 1327
583 2029 778 2114 September
800 2033 832 2095 3.
857 2029 1023 2117 Aoipaon.

324 2170 484 2237 Iohannes
513 2171 612 2236 XXII
648 2173 786 2239 Henrieo
819 2173 860 2238 de
893 2173 1002 2239 Berka
1038 2173 1161 2240 confert
1194 2175 1273 2241 eccl.
1306 2176 1341 2242 S.
1376 2176 1547 2244 Koniberti

219 2275 328 2343 Colon.
354 2279 587 2361 canonicatum,
612 2279 807 2366 prebendam
833 2300 909 2347 vcro
933 2281 1038 2347 eidem
1062 2288 1215 2347 reservat.

324 2386 499 2452 Probitatie
527 2395 581 2452 tue
609 2388 724 2453 merita
753 2437 759 2450 .
790 2437 796 2452 .
827 2435 833 2448 .
880 2387 959 2452 Dat.
984 2387 1078 2454 Avin.
1103 2389 1153 2452 lll
1176 2409 1277 2455 nonae
1300 2391 1493 2476 septembrio
1515 2413 1545 2458 a.

219 2491 398 2558 undecimo.

325 2601 362 2666 In
385 2620 412 2666 e.
439 2623 481 2666 m.
515 2602 634 2668 Iacobo
657 2601 699 2669 de
722 2603 845 2669 Mutina
868 2603 1029 2670 Tulleneie
1057 2609 1090 2668 et
1117 2602 1176 2669 SS.
1200 2603 1426 2688 Apostolorum
1451 2625 1491 2671 ac
1513 2605 1547 2670 S.

219 2707 350 2791 Georgii
374 2707 482 2774 Colon.
508 2709 688 2776 scolasticis
712 2710 932 2777 ecelesiarum.

362 2855 435 2924 Rep.
454 2853 494 2909 92
510 2853 534 2923 f.
555 2853 613 2908 122
629 2869 677 2907 rur.
696 2855 778 2908 3143.

325 3151 446 3220 1255.
473 3153 558 3219 1327
583 3153 775 3239 September
797 3156 828 3218 6.
851 3152 1015 3241 Aviqnon.

326 3296 487 3362 Iohannes
520 3297 620 3362 XXII
655 3297 831 3383 Raynardo
861 3304 938 3363 nato
965 3297 1096 3362 Henrici
1129 3294 1170 3361 de
1202 3294 1407 3379 Hugilhcven
1430 3295 1549 3379 militie,

221 3406 270 3470 cui
304 3403 423 3470 dudum
457 3406 681 3470 canonicatum
715 3405 793 3470 eccl.
821 3405 997 3471 Bunneneis
1021 3403 1130 3470 Gelon.
1164 3403 1247 3469 dioc.
1282 3403 1417 3468 contulit
1451 3409 1485 3468 et
1516 3404 1550 3467 in

220 3511 332 3577 eadem
367 3511 543 3576 reservarit
578 3510 774 3596 prebendam
810 3532 850 3577 ac
883 3511 1073 3596 dignitatem
1098 3511 1150 3577 vel
1174 3517 1377 3596 personatum
1400 3530 1458 3576 eeu
1482 3510 1552 3575 offi-

220 3619 302 3684 cium
327 3620 396 3684 eine
429 3639 507 3684 eura
535 3623 591 3684 aut
619 3617 859 3702 prestimonium
895 3627 1081 3685 consuetam
1102 3618 1154 3684 vel
1177 3625 1362 3683 consuetum
1387 3618 1552 3683 canonicis

221 3725 307 3791 dicte
330 3725 467 3791 ecclesie
492 3725 640 3807 conferri,
674 3726 750 3808 qnia
782 3725 944 3792 desectum
977 3727 1099 3810 patitur
1126 3726 1159 3789 in
1188 3730 1275 3790 etate
1304 3725 1495 3790 constitutur
1518 3723 1552 3789 in

221 3829 344 3897 decimo
369 3833 463 3897 etatis
487 3853 569 3897 enno
594 3832 645 3896 vcl
675 3832 804 3899 circiter
834 3835 1034 3914 constitutus,
1067 3832 1195 3914 dequo
1226 3830 1357 3896 deiectu
1380 3831 1413 3894 in
1436 3830 1551 3895 litterie

222 3939 399 4004 collationis
434 3938 522 4004 nulla
556 3939 676 4004 mentio
711 3937 801 4016 iacta
835 3936 906 4020 luit,
941 3955 981 4001 ne
1016 3935 1121 4001 eidem
1144 3933 1291 4020 predicta
1314 3934 1422 4017 gratia
1445 3931 1552 4015 quoad

222 4044 410 4130 dignitatem
447 4047 496 4110 vel
533 4052 737 4130 personatum
773 4064 828 4109 seu
853 4043 994 4109 cilicium
1017 4042 1215 4108 infructuosa
1238 4042 1366 4123 existat,
1397 4039 1552 4123 decernit,

222 4153 317 4235 quod,
351 4160 520 4238 postquam
543 4152 585 4218 ad
609 4159 727 4219 etatem
751 4151 865 4235 viginti
890 4170 1044 4216 annorum
1068 4149 1260 4234 pervenerit,
1285 4147 1476 4231 dignitatem
1501 4146 1551 4212 vel

221 4268 423 4344 personatum
456 4280 513 4326 eeu
541 4259 682 4326 officium
706 4265 825 4325 extunc
849 4259 960 4341 vigore
984 4256 1141 4322 dictarum
1165 4255 1343 4320 litterarum
1366 4254 1475 4320 ualeat
1498 4274 1550 4319 ac-

222 4377 361 4453 ceptare.
1053 4445 1057 4459 ι

327 4474 522 4540 Laudabilia
546 4483 599 4540 tue
623 4471 797 4540 inventutis
824 4521 885 4537 ...
937 4472 1012 4537 Dat.
1037 4472 1133 4537 Avin.
1159 4470 1238 4537 VllI
1262 4467 1335 4533 idue
1361 4469 1552 4553 septembrio

222 4604 250 4647 a.
275 4582 476 4648 duodecimo.

369 4725 443 4794 Περ.
462 4724 501 4777 86
518 4723 542 4796 f.
562 4723 620 4778 225
639 4739 687 4778 nr.
708 4725 792 4779 1586.
