3642 5509
765 487 833 543 1331
855 485 929 542 Juni
950 486 991 541 16.
1495 478 1546 535 411

214 674 324 740 Colon.
350 670 572 738 canonicatum
589 676 622 736 et
637 668 834 755 prebendam
858 688 898 734 ac
922 668 1155 753 preposituram
1178 672 1333 733 vacantes
1356 684 1412 750 per
1429 661 1549 728 obitum

215 780 412 866 Heydenrici
441 778 482 844 de
511 776 656 844 Essende
687 774 774 844 sedis
806 774 985 860 apostolice
1013 775 1183 861 capellani,
1218 775 1272 857 qui
1306 771 1424 839 dudum
1459 776 1551 836 extra

214 889 393 955 Romanam
418 887 537 952 curiam
562 884 647 950 diem
671 883 788 950 clausit
809 891 996 966 extremum,
1021 883 1256 949 nonobstante
1280 879 1366 964 quod
1384 876 1551 946 Gotschal-

215 1016 271 1062 cns
294 997 328 1061 in
351 994 513 1060 Bunnensi
536 992 646 1059 Gelon.
676 991 758 1058 dioc.
782 992 993 1066 scolastriam,
1018 1010 1080 1073 quc
1104 1010 1164 1055 nec
1193 988 1334 1073 dignitas
1362 1007 1421 1052 nee
1445 1005 1551 1071 perso-

214 1109 308 1170 natus
331 1101 389 1168 sed
413 1101 549 1186 simplex
572 1099 714 1166 officium
738 1100 806 1166 sine
831 1119 907 1165 cura
932 1099 1052 1181 existit,
1077 1104 1109 1162 ct
1132 1099 1166 1162 in
1190 1095 1303 1162 eadem
1329 1115 1367 1160 ac
1391 1095 1424 1160 S.
1450 1091 1551 1158 Maric

216 1211 258 1278 ad
290 1208 411 1294 gradus
441 1207 551 1274 Colon.
582 1206 660 1275 eccl.
696 1208 904 1272 canonicatus
935 1214 967 1271 et
994 1203 1176 1290 prebendas
1205 1223 1329 1268 necnon
1360 1207 1465 1267 curtes
1496 1219 1552 1265 seu

215 1317 325 1384 officia
357 1317 398 1382 de
431 1316 636 1382 Ourinkoven
672 1316 736 1397 (nel
767 1314 985 1393 Ournikoncn)
1021 1311 1172 1376 Wailvelt
1210 1309 1375 1394 llerheym
1411 1305 1552 1373 Varnich

216 1424 387 1511 Scyndorp
404 1431 437 1488 et
453 1422 671 1490 Caldinburne
695 1429 849 1488 consueta
866 1420 991 1486 clericis
1008 1417 1206 1485 secularibus
1229 1418 1261 1483 in
1286 1421 1476 1501 perpetuum
1500 1415 1552 1479 be-

215 1533 363 1600 neficium
397 1531 650 1596 ecclesiasticum
683 1530 841 1613 assignari
871 1529 995 1594 othnet
1023 1548 1061 1593 ac
1090 1545 1185 1611 super
1212 1524 1351 1590 ecclesia
1384 1522 1425 1586 de
1460 1521 1551 1588 Ulme

218 1639 362 1728 perelate
387 1637 525 1704 diocesis
548 1638 686 1722 litigat1.

325 1746 400 1812 Vite
423 1766 463 1811 ac
486 1764 608 1810 morum
633 1744 809 1811 honestas.
833 1793 841 1810 .
865 1745 966 1810 .Dat.
991 1743 1085 1809 Asin.
1111 1741 1188 1807 XVI
1213 1739 1257 1804 kl.
1281 1739 1349 1803 inlii
1373 1758 1403 1802 a.
1428 1735 1549 1818 quinto-

219 1855 354 1922 decimo.

325 1964 414 2028 Ine.
439 1983 480 2028 m.
505 1963 668 2048 preposito
692 1961 725 2028 S.
750 1962 919 2029 Onniberti
947 1968 980 2027 et
1008 1958 1132 2027 decano
1162 1956 1196 2022 S.
1220 1953 1349 2023 Andrce
1374 1951 1484 2021 colon.
1513 1970 1553 2016 ac

217 2071 389 2138 scolastico
413 2070 573 2136 Tullensis
596 2071 674 2136 eccl.

393 2195 466 2264 Καρ.
485 2194 523 2248 97
541 2209 587 2247 nr.
608 2193 673 2251 322.

323 2448 451 2514 2047.
479 2450 564 2514 1331
589 2452 676 2516 Jnni
700 2453 751 2515 16.
778 2450 943 2537 Aeipnon.

327 2591 496 2655 lebannes
513 2593 624 2655 XXII
642 2594 790 2658 Henrico
816 2595 856 2657 de
881 2593 1014 2656 Inlinco
1039 2593 1170 2678 confert
1195 2591 1328 2656 ecclesie
1346 2591 1379 2657 S.
1394 2591 1554 2675 Dionysii

217 2698 319 2762 Laod.
344 2698 580 2764 canonicatum
604 2707 635 2764 et
653 2701 874 2784 prebendam

216 2911 245 2976 L
287 2821 497 2975 d[Iohannes
526 2823 635 2906 XXII]
670 2825 809 2891 Henrico
838 2823 879 2890 dc
909 2825 1033 2890 luliaco
1062 2824 1218 2889 canonico
1249 2823 1327 2888 eccl.
1359 2823 1392 2886 S.
1417 2822 1571 2894 DIonisii,

247 2931 285 2978 eo
312 2962 319 2975 .

324 3018 511 3103 Apostolice
540 3016 626 3084 sedis
655 3021 915 3104 clrenmspectu.
943 3068 950 3085 .
980 3069 987 3083 .
1016 3019 1094 3086 Cum
1124 3018 1233 3101 itaque
1263 3018 1386 3103 pridem
1417 3025 1450 3084 tu
1479 3024 1554 3085 tuuc

217 3127 478 3193 Monasteriensis
509 3133 542 3191 et
559 3176 566 3191 .
585 3175 592 3190 .
610 3126 817 3192 Everhardus
842 3127 955 3192 Gallus
979 3125 1053 3191 olim
1079 3124 1222 3192 eiusdem
1246 3125 1280 3191 S.
1298 3126 1446 3208 DIonisii,
1470 3145 1555 3190 nunc

216 3235 478 3300 Monasteriensis
502 3233 580 3298 eccl.
605 3233 822 3318 predictarum
840 3235 986 3300 canonici
1002 3231 1215 3316 intendentes,
1241 3239 1276 3297 tn
1292 3231 1445 3298 videlicet
1462 3253 1554 3297 cano-

216 3341 357 3407 nicatum
382 3347 414 3405 et
438 3340 634 3425 prebendam
658 3361 698 3406 ac
721 3349 910 3426 perpetuam
927 3340 1139 3426 capellaniam
1164 3361 1220 3405 scu
1245 3341 1383 3406 officium
1409 3346 1553 3406 curatum

217 3447 401 3533 episcopale
418 3447 645 3524 InBilrebeke,
671 3468 732 3531 quc
756 3449 788 3512 in
813 3448 902 3514 dicta
919 3449 1174 3529 Monasteriensi‚
1200 3452 1233 3512 et
1255 3445 1460 3513 Everhardus
1483 3467 1553 3532 pre·

217 3555 302 3620 fatus
326 3555 547 3620 canonicatum
566 3560 598 3620 et
613 3555 820 3639 prebendam,
844 3575 924 3638 quos
940 3556 972 3619 in
997 3555 1030 3620 S.
1054 3555 1191 3620 Dionisii
1215 3555 1351 3640 prelatis
1375 3560 1450 3620 tunc
1474 3554 1554 3620 obti-

216 3663 344 3728 nebatis
368 3662 524 3744 ecclesiis,
543 3709 550 3723 .
569 3711 576 3726 .
595 3711 602 3726 .
619 3663 757 3727 invicem
781 3669 974 3746 permutare,
1006 3664 1214 3728 canonicatus
1244 3669 1276 3728 et
1306 3661 1487 3747 prebendas
1515 3681 1554 3727 ae

218 3769 429 3854 capellaniam
462 3788 519 3834 seu
548 3769 685 3834 officium
713 3767 861 3853 predicta
885 3771 917 3833 in
946 3769 1092 3835 manibus
1117 3771 1203 3835 Petri
1227 3771 1370 3855 cpIseopi
1395 3769 1554 3834 Penestn'·

217 3877 323 3942 nensis
348 3896 502 3941 excausa
521 3877 789 3960 permutationis.
809 3927 815 3940 .
835 3926 842 3940 .
859 3875 1017 3942 duxeritis
1041 3876 1236 3960 resignanda
1259 3876 1409 3958 idemque
1433 3877 1554 3962 episco-

216 4003 276 4067 pus
300 4003 340 4047 ex
365 3982 498 4067 speciali
519 3982 670 4049 mandato
694 3989 802 4049 nostro
820 4033 827 4047 .
845 4032 852 4047 .
873 4034 879 4047 .
897 3984 1131 4067 resignationes
1148 3981 1326 4048 huiusmodi
1343 3983 1473 4048 <luxerit
1497 3981 1553 4047 ad-

217 4089 401 4173 mittendas,
432 4110 490 4156 nos
508 4138 515 4154 .
534 4139 541 4154 .
560 4090 808 4155 ,canonicatum
834 4097 866 4156 ct
889 4089 1085 4176 prebendam
1107 4088 1250 4155 eiusdem
1267 4089 1404 4155 ecclesie
1428 4090 1461 4154 S.
1479 4089 1553 4156 Dio·

217 4196 290 4261 nisii
308 4246 315 4261 .
335 4245 342 4260 .
361 4244 367 4257 .
385 4197 564 4281 apostolica
589 4196 647 4261 tibi
672 4198 865 4262 auctoritate
890 4198 1084 4263 conferimus
1102 4251 1109 4266 .
1128 4248 1135 4262 .
1155 4247 1161 4262 .
1179 4217 1241 4262 non
1265 4198 1466 4263 obstantibus
1490 4207 1552 4262 sta-

217 4311 286 4369 tuto
314 4303 459 4388 predIcte
488 4303 623 4371 ecclesie
652 4304 924 4386 Monasteriensis,
960 4325 1022 4388 quo
1047 4305 1080 4370 in
1103 4325 1142 4370 ea
1172 4304 1281 4369 caveri
1307 4302 1434 4386 dicitur,
1468 4303 1553 4386 quod

218 4410 351 4494 quilibet
368 4408 541 4476 eanonicus
557 4409 590 4474 in
606 4411 710 4495 prima
726 4413 911 4497 receptione
928 4433 985 4478 sua
1003 4410 1044 4476 ad
1061 4412 1245 4477 instantiam
1265 4459 1272 4475 .
1290 4461 1297 4475 .
1316 4411 1448 4497 capituli
1473 4412 1553 4477 eins·

218 4516 289 4583 dem
314 4517 450 4582 ecclesie
473 4518 567 4599 iurat,
594 4516 678 4600 quod
698 4519 920 4584 canonicatum
946 4526 978 4584 et
1002 4517 1209 4604 prebendam,
1235 4537 1314 4601 quos
1330 4519 1433 4604 ipsum
1458 4517 1490 4582 in
1514 4538 1553 4583 ea

218 4624 363 4690 obtinere
388 4623 563 4707 continget,
588 4625 656 4689 sine
680 4645 833 4711 expresse
858 4645 1013 4691 consensu
1044 4631 1076 4691 et
1103 4625 1296 4692 auctoritate
1320 4625 1476 4692 dictorum
1502 4647 1553 4692 ca·

344 4786 371 4854 1>
402 4785 539 4840 Clemens
555 4786 581 4841 V
596 4784 739 4856 beneficia
757 4785 901 4841 vacantia
919 4802 975 4854 per
994 4785 1109 4842 obituro
1128 4789 1359 4856 capellanorum
1378 4784 1461 4841 aedis
1482 4802 1553 4855 apo·

220 4873 325 4931 aeolice
343 4874 525 4946 ubicumque
544 4874 753 4931 decedentium
773 4877 949 4932 reservarat
969 4875 1168 4946 dispositioni
1185 4874 1268 4933 sedz's
1287 4875 1457 4946 apostolice.
