3642 5509
230 459 284 516 234
781 461 853 516 1329
871 460 954 516 Mllrz
974 461 998 515 7.

231 662 287 709 seu
311 641 447 707 officium
478 647 534 708 aut
567 641 753 708 beneficium
783 643 1037 710 ecclesiasticum
1066 649 1098 707 et
1125 639 1346 709 obedienciam
1371 643 1484 709 curtim
1508 642 1562 708 de

231 752 343 816 cimam
373 750 425 814 vel
459 751 696 834 prestlmonium
733 752 929 816 nominatum
965 769 1036 816 cnm
1071 750 1258 835 anima[1·um
1283 751 1371 834 cura]
1406 751 1457 815 vel
1492 751 1561 816 sine

230 856 420 941 anima[rum
445 857 532 942 cura]
570 865 755 923 consuetam
785 857 834 922 vel
870 863 1055 922 consuetum
1084 857 1202 923 abolim
1232 857 1395 924 canonicis
1418 856 1561 924 eiusdem

230 966 367 1031 ecclesie
394 965 562 1048 assignari,
599 985 661 1030 non
694 965 842 1031 obstante
875 963 960 1046 quod
993 963 1228 1049 parrochialem
1261 965 1431 1030 ecclesiam
1455 967 1486 1029 in
1511 965 1560 1029 In·

230 1073 341 1138 feriori
364 1072 504 1138 Luczinc
527 1073 658 1137 Trever.
693 1071 775 1138 dioc.
805 1077 838 1136 et
867 1073 898 1136 in
933 1071 1047 1137 eadem
1081 1071 1218 1137 ecclesia
1251 1071 1309 1136 SS.
1337 1071 1561 1157 Apostolorum

230 1180 288 1245 sub
324 1180 547 1264 expectatione
582 1178 746 1264 prebende
781 1180 976 1245 auctoritate
1011 1179 1192 1264 apostolica
1226 1180 1257 1243 in
1294 1179 1483 1244 canonicum
1513 1185 1562 1242 est

230 1294 388 1371 receptus.
435 1287 557 1351 Tamen
591 1286 771 1352 huiusmodi
805 1285 973 1368 dignitatis
1003 1286 1053 1351 vel
1086 1291 1277 1371 personatus
1301 1305 1357 1351 seu
1382 1285 1477 1350 officii
1503 1293 1560 1350 etc.

229 1394 462 1479 possessionem
486 1393 654 1478 pacificam
678 1400 842 1460 assecutus
866 1394 995 1459 omnino
1019 1392 1161 1458 dimittat
1176 1392 1304 1479 ‚dictam
1327 1392 1561 1477 parrochialem

230 1501 410 1567 ecclesiam.

337 1608 557 1692 Suffragantia
581 1609 638 1674 tibi
663 1609 776 1673 merita
799 1661 805 1676 .
832 1657 839 1672 .
866 1656 872 1668 .
921 1608 996 1672 Dat.
1021 1607 1116 1672 Ario.
1141 1627 1241 1673 nonas
1266 1609 1370 1672 martii
1394 1628 1423 1675 a.
1448 1607 1561 1673 tercio·

229 1714 365 1782 decimo.

336 1825 373 1888 ln
397 1844 424 1889 e.
442 1845 482 1888 m.
508 1823 632 1889 decano
656 1823 689 1889 S.
708 1823 839 1907 Georgii
864 1823 975 1890 Goion,
1001 1829 1034 1887 ct
1056 1823 1228 1889 scolastico
1253 1821 1430 1888 Bunnensis
1450 1821 1560 1887 Calon,

228 1929 311 1997 dioc.
336 1951 375 1996 ac
400 1930 517 1997 Busolo
542 1929 582 1996 de
607 1931 723 1996 Parma
747 1931 901 1996 canonico
926 1931 1064 1996 Tornac.
1089 1931 1168 1995 eccl.
1194 1930 1362 2015 capellano
1385 1929 1507 2015 papali.

389 2056 461 2125 Rep.
481 2054 559 2124 90f.
579 2058 643 2109 1431
663 2071 708 2109 nr.
730 2056 812 2110 1397.

339 2318 459 2384 1686.
492 2322 572 2384 1329
599 2321 695 2386 usura
719 2321 749 2385 7.
778 2317 943 2407 Aoipaon.

335 2466 496 2534 Iohannes
517 2467 616 2532 XXII
651 2467 796 2534 Gerardo
829 2468 870 2534 de
901 2468 1032 2552 Geyske
1068 2468 1193 2533 confert
1227 2468 1308 2534 eccl.
1343 2469 1377 2535 S.
1403 2469 1560 2536 Gereonis

229 2574 339 2641 Goion.
365 2575 598 2652 canonicatum,
627 2575 822 2660 prebendam
846 2595 923 2641 vero
952 2574 1186 2642 sacerdotalem
1215 2573 1319 2639 eidem
1343 2576 1376 2639 in
1400 2595 1439 2640 ea
1462 2596 1560 2642 reser-

228 2689 294 2765 vat,
327 2703 390 2748 non
420 2682 568 2749 obstante
597 2683 682 2766 quod
711 2685 935 2749 canonicatum
965 2689 997 2748 et
1020 2681 1217 2768 prebendam
1241 2683 1273 2747 in
1297 2683 1376 2748 eccl.
1400 2683 1459 2749 SS.
1474 2684 1562 2749 Petri

229 2795 262 2854 et
278 2789 406 2855 Andree
426 2797 639 2856 extramuros
656 2789 922 2856 Padeburnenses
945 2810 984 2854 ac
1009 2789 1242 2874 parrochialem
1267 2791 1346 2855 eccl.
1371 2791 1404 2854 in
1422 2791 1563 2857 Geiscke

230 2896 342 2962 Colon.
368 2895 451 2962 dioc.
475 2897 608 2961 obtinet.

337 3003 556 3086 Suffragantia
580 3005 637 3069 tibi
663 3005 777 3069 merita
795 3055 802 3068 .
821 3053 853 3069 ..
902 3005 979 3068 Dat.
1007 3004 1101 3069 Avin.
1130 3023 1231 3069 nonas
1255 3004 1361 3069 martii
1389 3025 1419 3068 a.
1448 3007 1563 3070 tercio·

230 3109 366 3176 decimo.

336 3220 373 3284 ln
397 3240 425 3283 o,
450 3242 490 3284 ιιι.
526 3221 559 3285 S.
585 3220 729 3284 Severini
754 3226 786 3286 et
810 3220 843 3285 S.
869 3219 999 3303 Georgii
1025 3220 1136 3284 Calon.
1156 3219 1287 3286 decanis
1310 3241 1349 3285 ac
1374 3219 1497 3284 Buxolo
1521 3219 1563 3284 de

229 3326 345 3391 Parma
370 3327 537 3411 capellano
562 3327 670 3412 papali
696 3328 849 3391 canonico
873 3326 1088 3392 Tornacensis
1112 3326 1331 3392 ecclesiarum.

396 3468 468 3538 Rep.
489 3468 527 3522 90
544 3467 567 3536 f.
589 3468 646 3521 122
664 3484 711 3521 rer.
732 3470 815 3522 1343.

336 3752 458 3818 1687.
485 3755 571 3817 1329
596 3754 694 3817 littra
719 3756 748 3817 7.
773 3752 938 3838 Aoipaoa.

336 3894 495 3960 Iohannes
512 3895 609 3960 XXll
635 3893 775 3960 ilenrico
796 3894 837 3960 dc
854 3895 1040 3980 Spamhoim
1065 3897 1226 3981 preposito
1251 3897 1387 3962 ecclesie
1404 3897 1563 3981 Aquensis

230 4001 330 4068 Laod.
348 4001 432 4067 dioc.
450 4001 617 4086 capellano
642 3999 728 4068 sedis
752 4003 929 4086 apostolice
950 4002 1144 4087 supplicanti
1168 4003 1322 4088 indulget,
1347 4012 1382 4069 ut
1398 4004 1563 4071 confessor

230 4110 307 4192 eius,
333 4111 385 4193 qui
411 4129 467 4194 pro
492 4117 636 4194 tempore
660 4108 767 4191 fuerit,
801 4109 939 4174 omnium
963 4117 1168 4194 peccatorum
1192 4111 1319 4195 plenam
1343 4111 1561 4178 remissionem

230 4217 327 4282 semel
351 4217 383 4281 in
409 4217 517 4283 mortis
542 4217 684 4301 periculo
709 4217 737 4281 ei
763 4215 942 4283 concedere
965 4217 1083 4282 valcat.

336 4323 468 4389 Sincere
491 4323 673 4389 deuotionis
696 4324 856 4388 allectus.
885 4373 891 4387 .
920 4372 927 4387 .
975 4325 1050 4388 Dat.
1076 4325 1170 4389 Avin.
1195 4324 1287 4391 nonis
1311 4325 1423 4391 nrarcii
1446 4347 1476 4390 a.
1500 4334 1562 4392 ter·

229 4430 412 4496 tiodecimo.

336 4538 372 4602 ln
398 4557 426 4603 e.
451 4559 491 4602 m.
530 4539 690 4604 Walramo
716 4537 756 4604 de
779 4538 900 4603 luliaco
926 4537 1124 4603 thesaurario
1154 4539 1232 4604 cccl.
1258 4539 1368 4605 Goion.
1394 4540 1561 4628 capellano

230 4645 349 4731 papali.

380 4789 450 4858 Ray.
471 4793 523 4841 114
541 4803 588 4856 ps.
608 4789 625 4842 l
641 4789 664 4858 s.
685 4793 721 4842 84
741 4801 787 4841 cr.
808 4788 873 4841 189.
