3642 5509
735 467 805 526 1329
823 469 943 526 Ianuar
961 470 1005 526 24.
1486 469 1540 526 217

203 652 363 735 Aquensis
385 650 486 718 Leod.
511 650 594 718 dioc.
620 650 775 736 indulget,
810 659 845 717 ut
874 649 1045 717 residendo
1075 653 1107 717 iu
1132 653 1239 736 aliqua
1263 651 1482 733 ecclesiarum,
1506 651 1539 716 in

203 762 318 844 quibus
342 759 551 826 beneficiatus
575 760 696 838 existit,
720 758 771 824 vei
797 759 974 823 litterarum
999 758 1106 824 studio
1130 758 1307 825 insistendo
1330 760 1363 824 in
1380 758 1462 839 Ioco,
1483 757 1538 822 ubi

203 867 280 932 iilud
315 869 426 950 vigeat
461 867 622 949 generale,
658 865 782 931 fructus
818 865 1043 931 beneficiorum
1078 887 1203 932 suorum
1239 867 1537 953 ecelesiasticorum,

203 975 299 1039 etiam
323 975 351 1040 si
375 973 552 1058 dignitates
576 973 626 1038 vei
650 979 839 1058 personatus
867 994 924 1039 seu
954 972 1061 1038 officia
1092 975 1231 1041 existant
1254 982 1288 1039 et
1311 993 1418 1039 curam
1443 971 1539 1037 habe

201 1087 259 1146 ant
283 1080 472 1163 animarum,
497 1100 558 1163 que
582 1101 667 1145 nunc
690 1081 814 1145 obtinet
838 1087 870 1145 et
893 1081 1101 1165 imposterum
1125 1080 1294 1164 obtinebit,
1328 1081 1462 1163 integre,
1488 1100 1538 1144 co

203 1186 333 1253 tidianis
357 1186 636 1253 distributionibus
660 1186 830 1253 dumtaxat
859 1188 1015 1272 exceptis,
1049 1190 1150 1273 possit
1178 1208 1278 1272 usque
1302 1185 1345 1252 ad
1369 1188 1538 1252 triennium

202 1293 378 1380 percipere.

310 1401 486 1468 Probitatis
509 1407 563 1467 tue
587 1402 701 1468 merita
726 1450 785 1466 ...
833 1401 909 1467 Dat.
935 1403 1029 1467 Arin.
1056 1402 1150 1467 VIIII
1175 1403 1220 1468 Iri.
1244 1402 1399 1469 februarii
1423 1422 1454 1467 a.
1478 1406 1538 1466 ter·

202 1507 388 1575 tiodeeimo.

310 1617 348 1681 In
372 1636 399 1681 e.
427 1637 469 1681 m.
506 1617 537 1682 S.
561 1616 769 1684 Pantaleonis
803 1615 914 1682 Goion.
949 1623 982 1682 et
1014 1616 1048 1682 S.
1080 1617 1218 1684 Cornelii
1249 1615 1397 1682 ludensis
1426 1614 1537 1681 Goion.

203 1721 285 1789 dioc.
311 1725 574 1789 monasteriorum
599 1723 772 1790 abbatibus
795 1744 835 1790 ac
858 1723 1085 1790 archidiacono
1110 1724 1318 1792 Nannetensi.

363 1867 435 1937 Ray.
456 1866 622 1937 9115133‘
641 1883 688 1922 nr.
709 1867 795 1922 2380.

311 2151 434 2218 lost.
463 2155 549 2217 1329
573 2155 712 2219 Januar
735 2155 789 2217 24.
818 2151 984 2239 Aoiprtorr.

313 2293 471 2361 Iohannes
499 2295 598 2361 XXII
638 2294 818 2361 Gadeirido
848 2302 925 2362 nato
955 2297 1087 2362 Heurici
1116 2295 1242 2362 comitis
1271 2293 1312 2360 de
1340 2291 1539 2379 Spaimheim

203 2399 328 2466 confert
352 2403 430 2467 ecel.
446 2403 654 2468 TreverensIs
678 2403 914 2486 canonicatum,
939 2402 1136 2488 prebendam
1157 2422 1233 2469 vero
1257 2401 1361 2467 eidem
1384 2406 1537 2466 reservat.

310 2508 470 2576 Nobilitas
493 2513 630 2594 generis,
655 2531 777 2576 morum
801 2509 977 2576 decor...
1002 2512 1077 2577 Dat.
1090 2511 1184 2576 Avin.
1199 2511 1296 2576 VIIII
1319 2509 1364 2575 Irl.
1386 2507 1538 2573 februarii

204 2635 233 2680 a.
259 2613 498 2682 terciodecimo.

311 2723 346 2787 In
371 2743 397 2789 e.
416 2745 457 2788 m.
482 2725 515 2790 S.
529 2725 667 2791 Cornelii
692 2724 841 2791 indensis
856 2726 967 2793 Goion.
992 2725 1076 2792 dioc.
1102 2732 1134 2791 et
1149 2724 1182 2791 S.
1200 2724 1408 2791 Pantaleonis
1424 2722 1534 2789 Colon.

202 2830 467 2910 monasteriorum
491 2832 663 2898 abbatibus
687 2853 727 2898 au
750 2831 979 2899 archidiacono
1004 2834 1213 2900 Nannetensi.

353 2973 426 3044 Ray.
445 2975 482 3029 90
501 2974 526 3045 f.
546 2974 601 3029 261
619 2990 666 3028 ar.
687 2975 767 3029 1701.

311 3261 436 3326 1638.
463 3263 548 3326 1329
572 3264 712 3328 Jaouar
736 3266 789 3328 24.
819 3262 985 3350 Aoipaoo.

311 3402 471 3469 Iohannes
499 3404 598 3469 XXII
634 3405 800 3472 Bernardo
824 3412 899 3472 nato
925 3406 1080 3472 Bernardi
1110 3405 1188 3472 dicti
1215 3405 1301 3472 WoIi
1323 3405 1434 3470 militis
1463 3424 1536 3469 eon-

202 3509 268 3575 fcrt
290 3510 370 3577 ecel.
384 3511 646 3578 Monasterisnsis
675 3515 908 3595 canonicatum,
934 3513 1130 3599 prebendam
1154 3533 1230 3579 vero
1255 3512 1360 3580 eidem
1382 3515 1536 3577 reservat.

310 3616 505 3684 Laudabilia
529 3627 583 3686 tue
606 3620 777 3705 probitatis
919 3621 995 3689 Dat.
1020 3621 1114 3686 Avin.
1140 3621 1237 3687 VIIII
1260 3620 1305 3686 Iri.
1329 3618 1483 3686 februarii
1506 3639 1536 3684 a.

203 3723 436 3792 tertiodecimo.

311 3833 348 3897 In
377 3853 403 3897 e.
428 3853 469 3897 m.
505 3832 538 3898 S.
569 3833 776 3899 Pantaleonis
809 3833 854 3918 [et
886 3833 920 3900 S.
950 3833 1094 3918 Martini]
1128 3833 1238 3900 Coton.
1272 3835 1536 3900 monasteriorum

201 3939 375 4004 abbatibus
398 3959 438 4005 ac
461 3938 689 4005 archidiacono
712 3941 921 4009 Nannetensi.

363 4080 436 4151 Ray.
456 4081 495 4136 90
512 4081 536 4151 f.
556 4081 624 4136 260¹
641 4099 690 4138 ur.
709 4083 783 4138 1700

308 4369 432 4436 1639.
457 4372 544 4435 1329
568 4373 707 4439 Jarruar
730 4374 783 4437 24.
806 4371 972 4460 Aoipaoo.

309 4511 470 4578 Iohannes
492 4514 591 4579 XXII
615 4515 735 4581 Iacobo
760 4513 847 4581 dicto
872 4515 913 4582 de
938 4517 1076 4602 Tuipeto
1101 4517 1227 4583 confort
1250 4517 1329 4582 ecci.
1353 4516 1387 4582 S.
1405 4515 1537 4602 Georgii

202 4619 316 4686 Colon.
341 4621 576 4704 canonicatum,
601 4621 796 4707 prebendam
821 4643 897 4688 rero
922 4623 1026 4689 eidem
1049 4630 1204 4690 reservat.

311 4725 382 4792 Tne
404 4727 519 4795 merita
542 4728 764 4815 probitatis..
784 4779 791 4794 .
817 4730 894 4796 Dat.
911 4731 1007 4796 Avin.
1025 4730 1121 4796 VIIII
1138 4730 1184 4795 kl.
1206 4731 1358 4798 februarii
1383 4754 1411 4798 a.
1430 4733 1537 4799 tertio-

201 4831 340 4901 decimo.
