<?xml version="1.0" encoding="UTF-8"?>
<!DOCTYPE html PUBLIC "-//W3C//DTD XHTML 1.0 Transitional//EN"
    "http://www.w3.org/TR/xhtml1/DTD/xhtml1-transitional.dtd">
<html xmlns="http://www.w3.org/1999/xhtml" xml:lang="en" lang="en">
 <head>
  <title>
</title>
<meta http-equiv="Content-Type" content="text/html;charset=utf-8" />
  <meta name='ocr-system' content='tesseract 3.04.00' />
  <meta name='ocr-capabilities' content='ocr_page ocr_carea ocr_par ocr_line ocrx_word'/>
</head>
<body>
  <div class='ocr_page' id='page_1' title='image "./urkundenundrege00thimgoog_0379.png"; bbox 0 0 3642 5509; ppageno 0'>
   <div class='ocr_carea' id='block_1_1' title="bbox 305 442 1096 524">
    <p class='ocr_par' dir='ltr' id='par_1_1' title="bbox 305 442 1096 524">
     <span class='ocr_line' id='line_1_1' title="bbox 305 442 1096 524; baseline -0.003 0"><span class='ocrx_word' id='word_1_1' title='bbox 305 467 358 524; x_wconf 78' lang='lat' dir='ltr'><strong>aso</strong></span> <span class='ocrx_word' id='word_1_2' title='bbox 881 458 952 523; x_wconf 81' lang='grc'><strong>(166</strong></span> <span class='ocrx_word' id='word_1_3' title='bbox 971 442 1035 524; x_wconf 73' lang='lat' dir='ltr'><strong>iun</strong></span> <span class='ocrx_word' id='word_1_4' title='bbox 1053 469 1096 524; x_wconf 84' lang='lat' dir='ltr'><strong>ar.</strong></span> 
     </span>
    </p>
   </div>
   <div class='ocr_carea' id='block_1_2' title="bbox 297 644 1640 4692">
    <p class='ocr_par' dir='ltr' id='par_1_2' title="bbox 297 644 1640 4692">
     <span class='ocr_line' id='line_1_2' title="bbox 303 644 1639 734; baseline 0.001 -22"><span class='ocrx_word' id='word_1_5' title='bbox 303 647 416 713; x_wconf 90' lang='lat' dir='ltr'><strong>saltem</strong></span> <span class='ocrx_word' id='word_1_6' title='bbox 450 649 618 732; x_wconf 88' lang='lat' dir='ltr'><strong>pervenire</strong></span> <span class='ocrx_word' id='word_1_7' title='bbox 649 647 690 713; x_wconf 97' lang='grc'><strong>(16</strong></span> <span class='ocrx_word' id='word_1_8' title='bbox 718 649 817 731; x_wconf 85' lang='lat' dir='ltr'><strong>laeto,</strong></span> <span class='ocrx_word' id='word_1_9' title='bbox 851 668 923 714; x_wconf 90' lang='lat' dir='ltr'><strong>curn</strong></span> <span class='ocrx_word' id='word_1_10' title='bbox 947 647 988 714; x_wconf 93' lang='lat' dir='ltr'><strong>de</strong></span> <span class='ocrx_word' id='word_1_11' title='bbox 1011 650 1079 715; x_wconf 92' lang='lat' dir='ltr'><strong>iure</strong></span> <span class='ocrx_word' id='word_1_12' title='bbox 1104 670 1166 715; x_wconf 92' lang='lat' dir='ltr'><strong>uon</strong></span> <span class='ocrx_word' id='word_1_13' title='bbox 1192 655 1310 734; x_wconf 87' lang='lat' dir='ltr'><strong>posset,</strong></span> <span class='ocrx_word' id='word_1_14' title='bbox 1341 651 1471 715; x_wconf 90' lang='lat' dir='ltr'><strong>Petrum</strong></span> <span class='ocrx_word' id='word_1_15' title='bbox 1496 647 1538 714; x_wconf 91' lang='lat' dir='ltr'><strong>de</strong></span> <span class='ocrx_word' id='word_1_16' title='bbox 1561 644 1639 714; x_wconf 78' lang='lat' dir='ltr'><strong>Gor·</strong></span> 
     </span>
     <span class='ocr_line' id='line_1_3' title="bbox 306 754 1638 840; baseline 0 -20"><span class='ocrx_word' id='word_1_17' title='bbox 306 755 395 820; x_wconf 91' lang='lat' dir='ltr'><strong>bario</strong></span> <span class='ocrx_word' id='word_1_18' title='bbox 418 755 451 819; x_wconf 91' lang='lat' dir='ltr'><strong>iu</strong></span> <span class='ocrx_word' id='word_1_19' title='bbox 476 754 594 820; x_wconf 81' lang='lat' dir='ltr'>Christi</span> <span class='ocrx_word' id='word_1_20' title='bbox 617 757 832 840; x_wconf 89' lang='lat' dir='ltr'><strong>opprobrium,</strong></span> <span class='ocrx_word' id='word_1_21' title='bbox 866 757 1107 823; x_wconf 78' lang='lat' dir='ltr'>subversionem</span> <span class='ocrx_word' id='word_1_22' title='bbox 1138 756 1298 823; x_wconf 79' lang='lat' dir='ltr'><strong>catholice</strong></span> <span class='ocrx_word' id='word_1_23' title='bbox 1327 755 1402 822; x_wconf 89' lang='lat' dir='ltr'><strong>fidei</strong></span> <span class='ocrx_word' id='word_1_24' title='bbox 1434 762 1466 822; x_wconf 91' lang='lat' dir='ltr'><strong>et</strong></span> <span class='ocrx_word' id='word_1_25' title='bbox 1490 755 1638 821; x_wconf 92' lang='lat' dir='ltr'><strong>iniuriam</strong></span> 
     </span>
     <span class='ocr_line' id='line_1_4' title="bbox 305 861 1639 948; baseline 0.001 -24"><span class='ocrx_word' id='word_1_26' title='bbox 305 863 407 927; x_wconf 90' lang='lat' dir='ltr'><strong>tocius</strong></span> <span class='ocrx_word' id='word_1_27' title='bbox 440 870 530 927; x_wconf 89' lang='lat' dir='ltr'><strong>cetus</strong></span> <span class='ocrx_word' id='word_1_28' title='bbox 562 861 715 927; x_wconf 81' lang='lat' dir='ltr'><strong>catholici</strong></span> <span class='ocrx_word' id='word_1_29' title='bbox 747 864 780 926; x_wconf 91' lang='lat' dir='ltr'><strong>iu</strong></span> <span class='ocrx_word' id='word_1_30' title='bbox 812 862 1000 948; x_wconf 80' lang='lat' dir='ltr'><strong>antipapam</strong></span> <span class='ocrx_word' id='word_1_31' title='bbox 1033 882 1195 930; x_wconf 82' lang='lat' dir='ltr'><strong>assumere</strong></span> <span class='ocrx_word' id='word_1_32' title='bbox 1228 885 1290 930; x_wconf 90' lang='grc'><strong>666</strong></span> <span class='ocrx_word' id='word_1_33' title='bbox 1321 864 1463 948; x_wconf 81' lang='lat' dir='ltr'><strong>expavit.</strong></span> <span class='ocrx_word' id='word_1_34' title='bbox 1512 863 1548 927; x_wconf 93' lang='lat' dir='ltr'><strong>lu</strong></span> <span class='ocrx_word' id='word_1_35' title='bbox 1575 883 1639 944; x_wconf 93' lang='grc'><strong>666</strong></span> 
     </span>
     <span class='ocr_line' id='line_1_5' title="bbox 305 967 1635 1055; baseline 0.002 -23"><span class='ocrx_word' id='word_1_36' title='bbox 305 967 434 1051; x_wconf 89' lang='lat' dir='ltr'><strong>quidem</strong></span> <span class='ocrx_word' id='word_1_37' title='bbox 458 969 546 1034; x_wconf 87' lang='lat' dir='ltr'><strong>facto</strong></span> <span class='ocrx_word' id='word_1_38' title='bbox 570 968 736 1035; x_wconf 90' lang='lat' dir='ltr'><strong>coufessus</strong></span> <span class='ocrx_word' id='word_1_39' title='bbox 759 975 808 1035; x_wconf 89' lang='lat' dir='ltr'><strong>est</strong></span> <span class='ocrx_word' id='word_1_40' title='bbox 833 968 902 1054; x_wconf 87' lang='lat' dir='ltr'><strong>ipso</strong></span> <span class='ocrx_word' id='word_1_41' title='bbox 928 970 1016 1034; x_wconf 89' lang='grc'><strong>16616</strong></span> <span class='ocrx_word' id='word_1_42' title='bbox 1040 971 1127 1034; x_wconf 92' lang='lat' dir='ltr'><strong>illam</strong></span> <span class='ocrx_word' id='word_1_43' title='bbox 1145 969 1351 1055; x_wconf 80' lang='lat' dir='ltr'><strong>dampnatum</strong></span> <span class='ocrx_word' id='word_1_44' title='bbox 1375 969 1522 1053; x_wconf 87' lang='lat' dir='ltr'><strong>heresim,</strong></span> <span class='ocrx_word' id='word_1_45' title='bbox 1540 989 1635 1052; x_wconf 87' lang='lat' dir='ltr'><strong>quam</strong></span> 
     </span>
     <span class='ocr_line' id='line_1_6' title="bbox 304 1075 1639 1162; baseline 0.001 -24"><span class='ocrx_word' id='word_1_46' title='bbox 304 1077 482 1140; x_wconf 92' lang='lat' dir='ltr'><strong>incurrerat</strong></span> <span class='ocrx_word' id='word_1_47' title='bbox 505 1083 611 1159; x_wconf 87' lang='lat' dir='ltr'><strong>autea,</strong></span> <span class='ocrx_word' id='word_1_48' title='bbox 642 1076 768 1140; x_wconf 90' lang='lat' dir='ltr'><strong>scilieet</strong></span> <span class='ocrx_word' id='word_1_49' title='bbox 791 1075 877 1158; x_wconf 89' lang='lat' dir='ltr'><strong>quod</strong></span> <span class='ocrx_word' id='word_1_50' title='bbox 907 1075 950 1141; x_wconf 90' lang='lat' dir='ltr'><strong>ad</strong></span> <span class='ocrx_word' id='word_1_51' title='bbox 980 1077 1205 1161; x_wconf 82' lang='lat' dir='ltr'><strong>imperatorem</strong></span> <span class='ocrx_word' id='word_1_52' title='bbox 1230 1098 1347 1162; x_wconf 88' lang='lat' dir='ltr'><strong>papam</strong></span> <span class='ocrx_word' id='word_1_53' title='bbox 1372 1078 1533 1162; x_wconf 80' lang='lat' dir='ltr'><strong>pertineat</strong></span> <span class='ocrx_word' id='word_1_54' title='bbox 1556 1075 1639 1140; x_wconf 89' lang='lat' dir='ltr'><strong>ordi·</strong></span> 
     </span>
     <span class='ocr_line' id='line_1_7' title="bbox 304 1179 1638 1268; baseline 0 -22"><span class='ocrx_word' id='word_1_55' title='bbox 304 1201 394 1246; x_wconf 84' lang='lat' dir='ltr'><strong>aare.</strong></span> <span class='ocrx_word' id='word_1_56' title='bbox 450 1183 479 1247; x_wconf 82' lang='lat' dir='ltr'>A</span> <span class='ocrx_word' id='word_1_57' title='bbox 513 1201 575 1265; x_wconf 93' lang='grc'><strong>666</strong></span> <span class='ocrx_word' id='word_1_58' title='bbox 609 1179 738 1265; x_wconf 90' lang='lat' dir='ltr'><strong>quidem</strong></span> <span class='ocrx_word' id='word_1_59' title='bbox 768 1183 864 1247; x_wconf 90' lang='lat' dir='ltr'><strong>Petro</strong></span> <span class='ocrx_word' id='word_1_60' title='bbox 897 1202 932 1247; x_wconf 90' lang='grc'><strong>66</strong></span> <span class='ocrx_word' id='word_1_61' title='bbox 966 1182 1034 1268; x_wconf 92' lang='lat' dir='ltr'><strong>pati</strong></span> <span class='ocrx_word' id='word_1_62' title='bbox 1067 1183 1177 1265; x_wconf 87' lang='lat' dir='ltr'><strong>inungi</strong></span> <span class='ocrx_word' id='word_1_63' title='bbox 1210 1202 1266 1248; x_wconf 91' lang='lat' dir='ltr'><strong>seu</strong></span> <span class='ocrx_word' id='word_1_64' title='bbox 1299 1182 1403 1248; x_wconf 87' lang='lat' dir='ltr'><strong>fedari</strong></span> <span class='ocrx_word' id='word_1_65' title='bbox 1436 1183 1543 1268; x_wconf 93' lang='lat' dir='ltr'><strong>potius</strong></span> <span class='ocrx_word' id='word_1_66' title='bbox 1576 1202 1638 1247; x_wconf 92' lang='lat' dir='ltr'><strong>uon</strong></span> 
     </span>
     <span class='ocr_line' id='line_1_8' title="bbox 305 1288 1639 1375; baseline 0 -22"><span class='ocrx_word' id='word_1_67' title='bbox 305 1288 432 1353; x_wconf 93' lang='lat' dir='ltr'><strong>erubuit</strong></span> <span class='ocrx_word' id='word_1_68' title='bbox 454 1309 494 1354; x_wconf 89' lang='lat' dir='ltr'><strong>ac</strong></span> <span class='ocrx_word' id='word_1_69' title='bbox 517 1307 575 1373; x_wconf 90' lang='lat' dir='ltr'><strong>per</strong></span> <span class='ocrx_word' id='word_1_70' title='bbox 590 1289 763 1365; x_wconf 85' lang='lat' dir='ltr'><strong>Romanos,</strong></span> <span class='ocrx_word' id='word_1_71' title='bbox 789 1290 903 1372; x_wconf 91' lang='lat' dir='ltr'><strong>quibus</strong></span> <span class='ocrx_word' id='word_1_72' title='bbox 929 1288 990 1355; x_wconf 91' lang='lat' dir='ltr'><strong>hoc</strong></span> <span class='ocrx_word' id='word_1_73' title='bbox 1012 1311 1075 1354; x_wconf 91' lang='lat' dir='ltr'><strong>nou</strong></span> <span class='ocrx_word' id='word_1_74' title='bbox 1100 1291 1262 1375; x_wconf 86' lang='lat' dir='ltr'><strong>competit,</strong></span> <span class='ocrx_word' id='word_1_75' title='bbox 1288 1291 1384 1355; x_wconf 90' lang='lat' dir='ltr'><strong>etiam</strong></span> <span class='ocrx_word' id='word_1_76' title='bbox 1401 1290 1558 1358; x_wconf 86' lang='lat' dir='ltr'><strong>coronari.</strong></span> <span class='ocrx_word' id='word_1_77' title='bbox 1589 1289 1639 1353; x_wconf 81' lang='lat' dir='ltr'><strong>Er</strong></span> 
     </span>
     <span class='ocr_line' id='line_1_9' title="bbox 304 1393 1635 1481; baseline -0.001 -21"><span class='ocrx_word' id='word_1_78' title='bbox 304 1395 418 1477; x_wconf 91' lang='lat' dir='ltr'><strong>quibus</strong></span> <span class='ocrx_word' id='word_1_79' title='bbox 442 1402 543 1480; x_wconf 85' lang='lat' dir='ltr'><strong>patet,</strong></span> <span class='ocrx_word' id='word_1_80' title='bbox 567 1396 671 1478; x_wconf 90' lang='lat' dir='ltr'><strong>qualis</strong></span> <span class='ocrx_word' id='word_1_81' title='bbox 694 1395 857 1479; x_wconf 88' lang='lat' dir='ltr'><strong>ingressus</strong></span> <span class='ocrx_word' id='word_1_82' title='bbox 880 1396 980 1461; x_wconf 87' lang='lat' dir='ltr'><strong>fuerit</strong></span> <span class='ocrx_word' id='word_1_83' title='bbox 1003 1395 1044 1462; x_wconf 91' lang='lat' dir='ltr'><strong>ad</strong></span> <span class='ocrx_word' id='word_1_84' title='bbox 1067 1395 1243 1480; x_wconf 90' lang='lat' dir='ltr'><strong>imperialis</strong></span> <span class='ocrx_word' id='word_1_85' title='bbox 1266 1397 1431 1481; x_wconf 79' lang='lat' dir='ltr'><strong>fastigium</strong></span> <span class='ocrx_word' id='word_1_86' title='bbox 1457 1393 1635 1480; x_wconf 90' lang='lat' dir='ltr'><strong>dignitatis.</strong></span> 
     </span>
     <span class='ocr_line' id='line_1_10' title="bbox 303 1502 1639 1588; baseline 0 -22"><span class='ocrx_word' id='word_1_87' title='bbox 303 1503 497 1586; x_wconf 82' lang='lat' dir='ltr'><strong>Progressus</strong></span> <span class='ocrx_word' id='word_1_88' title='bbox 530 1510 637 1567; x_wconf 89' lang='lat' dir='ltr'><strong>autem</strong></span> <span class='ocrx_word' id='word_1_89' title='bbox 673 1503 742 1568; x_wconf 89' lang='lat' dir='ltr'><strong>eius</strong></span> <span class='ocrx_word' id='word_1_90' title='bbox 776 1503 880 1584; x_wconf 89' lang='grc'><strong>666116</strong></span> <span class='ocrx_word' id='word_1_91' title='bbox 914 1502 1027 1585; x_wconf 81' lang='lat' dir='ltr'><strong>fuerit,</strong></span> <span class='ocrx_word' id='word_1_92' title='bbox 1063 1512 1112 1568; x_wconf 92' lang='lat' dir='ltr'><strong>est</strong></span> <span class='ocrx_word' id='word_1_93' title='bbox 1146 1504 1244 1588; x_wconf 93' lang='lat' dir='ltr'><strong>lippis</strong></span> <span class='ocrx_word' id='word_1_94' title='bbox 1277 1511 1310 1569; x_wconf 90' lang='lat' dir='ltr'><strong>et</strong></span> <span class='ocrx_word' id='word_1_95' title='bbox 1345 1503 1526 1569; x_wconf 86' lang='lat' dir='ltr'><strong>tonsoribus</strong></span> <span class='ocrx_word' id='word_1_96' title='bbox 1559 1503 1639 1568; x_wconf 88' lang='lat' dir='ltr'><strong>satis</strong></span> 
     </span>
     <span class='ocr_line' id='line_1_11' title="bbox 304 1610 1637 1692; baseline -0.001 -18"><span class='ocrx_word' id='word_1_97' title='bbox 304 1615 427 1692; x_wconf 78' lang='lat' dir='ltr'><strong>uotum3</strong></span> <span class='ocrx_word' id='word_1_98' title='bbox 453 1610 527 1692; x_wconf 89' lang='lat' dir='ltr'><strong>quia</strong></span> <span class='ocrx_word' id='word_1_99' title='bbox 551 1610 742 1691; x_wconf 90' lang='lat' dir='ltr'><strong>ubicumque</strong></span> <span class='ocrx_word' id='word_1_100' title='bbox 765 1610 874 1692; x_wconf 86' lang='lat' dir='ltr'><strong>fuerit,</strong></span> <span class='ocrx_word' id='word_1_101' title='bbox 902 1610 1072 1675; x_wconf 90' lang='lat' dir='ltr'><strong>ecelesiam</strong></span> <span class='ocrx_word' id='word_1_102' title='bbox 1097 1610 1289 1675; x_wconf 87' lang='lat' dir='ltr'><strong>catholicam</strong></span> <span class='ocrx_word' id='word_1_103' title='bbox 1315 1617 1348 1677; x_wconf 91' lang='grc'><strong>61</strong></span> <span class='ocrx_word' id='word_1_104' title='bbox 1371 1610 1484 1676; x_wconf 87' lang='lat' dir='ltr'><strong>fideles</strong></span> <span class='ocrx_word' id='word_1_105' title='bbox 1508 1615 1557 1674; x_wconf 87' lang='lat' dir='ltr'><strong>est</strong></span> <span class='ocrx_word' id='word_1_106' title='bbox 1580 1610 1637 1673; x_wconf 93' lang='lat' dir='ltr'><strong>im·</strong></span> 
     </span>
     <span class='ocr_line' id='line_1_12' title="bbox 302 1715 1640 1802; baseline 0 -23"><span class='ocrx_word' id='word_1_107' title='bbox 302 1717 485 1782; x_wconf 85' lang='lat' dir='ltr'><strong>manissime</strong></span> <span class='ocrx_word' id='word_1_108' title='bbox 517 1724 551 1781; x_wconf 93' lang='lat' dir='ltr'><strong>ut</strong></span> <span class='ocrx_word' id='word_1_109' title='bbox 582 1717 758 1782; x_wconf 89' lang='lat' dir='ltr'><strong>membrum</strong></span> <span class='ocrx_word' id='word_1_110' title='bbox 790 1716 927 1783; x_wconf 86' lang='lat' dir='ltr'><strong>sathane</strong></span> <span class='ocrx_word' id='word_1_111' title='bbox 959 1724 1157 1801; x_wconf 88' lang='lat' dir='ltr'><strong>persecutus,</strong></span> <span class='ocrx_word' id='word_1_112' title='bbox 1194 1718 1349 1783; x_wconf 88' lang='lat' dir='ltr'><strong>ecclesias</strong></span> <span class='ocrx_word' id='word_1_113' title='bbox 1381 1718 1468 1802; x_wconf 91' lang='lat' dir='ltr'><strong>ipsas</strong></span> <span class='ocrx_word' id='word_1_114' title='bbox 1493 1715 1578 1782; x_wconf 88' lang='lat' dir='ltr'><strong>vasis</strong></span> <span class='ocrx_word' id='word_1_115' title='bbox 1607 1723 1640 1780; x_wconf 91' lang='lat' dir='ltr'><strong>et</strong></span> 
     </span>
     <span class='ocr_line' id='line_1_13' title="bbox 303 1821 1638 1908; baseline -0.003 -19"><span class='ocrx_word' id='word_1_116' title='bbox 303 1825 497 1889; x_wconf 87' lang='lat' dir='ltr'><strong>ornamentis</strong></span> <span class='ocrx_word' id='word_1_117' title='bbox 520 1821 689 1908; x_wconf 89' lang='lat' dir='ltr'><strong>spoliando</strong></span> <span class='ocrx_word' id='word_1_118' title='bbox 718 1824 970 1889; x_wconf 66' lang='lat' dir='ltr'><strong>ecclesiasticisa</strong></span> <span class='ocrx_word' id='word_1_119' title='bbox 1003 1844 1043 1888; x_wconf 87' lang='lat' dir='ltr'><strong>ae</strong></span> <span class='ocrx_word' id='word_1_120' title='bbox 1066 1823 1179 1889; x_wconf 86' lang='lat' dir='ltr'><strong>fideles</strong></span> <span class='ocrx_word' id='word_1_121' title='bbox 1203 1823 1424 1908; x_wconf 88' lang='lat' dir='ltr'><strong>compellendo</strong></span> <span class='ocrx_word' id='word_1_122' title='bbox 1448 1823 1570 1889; x_wconf 87' lang='lat' dir='ltr'><strong>violare</strong></span> <span class='ocrx_word' id='word_1_123' title='bbox 1594 1822 1638 1886; x_wconf 94' lang='lat' dir='ltr'><strong>in-</strong></span> 
     </span>
     <span class='ocr_line' id='line_1_14' title="bbox 303 1928 1638 2015; baseline 0 -21"><span class='ocrx_word' id='word_1_124' title='bbox 303 1928 472 1995; x_wconf 86' lang='lat' dir='ltr'><strong>terdictum</strong></span> <span class='ocrx_word' id='word_1_125' title='bbox 497 1929 752 1995; x_wconf 86' lang='lat' dir='ltr'><strong>ecclesiasticum</strong></span> <span class='ocrx_word' id='word_1_126' title='bbox 776 1937 809 1994; x_wconf 92' lang='lat' dir='ltr'><strong>ct</strong></span> <span class='ocrx_word' id='word_1_127' title='bbox 833 1929 1038 2014; x_wconf 91' lang='lat' dir='ltr'><strong>prophanare</strong></span> <span class='ocrx_word' id='word_1_128' title='bbox 1062 1929 1184 2012; x_wconf 85' lang='lat' dir='ltr'><strong>divina,</strong></span> <span class='ocrx_word' id='word_1_129' title='bbox 1208 1929 1376 2015; x_wconf 88' lang='lat' dir='ltr'><strong>spoliando</strong></span> <span class='ocrx_word' id='word_1_130' title='bbox 1400 1932 1529 2015; x_wconf 78' lang='lat' dir='ltr'><strong>insuper</strong></span> <span class='ocrx_word' id='word_1_131' title='bbox 1553 1931 1638 1995; x_wconf 84' lang='lat' dir='ltr'><strong>viros</strong></span> 
     </span>
     <span class='ocr_line' id='line_1_15' title="bbox 303 2035 1636 2120; baseline -0.002 -18"><span class='ocrx_word' id='word_1_132' title='bbox 303 2036 481 2102; x_wconf 89' lang='lat' dir='ltr'><strong>catholicos</strong></span> <span class='ocrx_word' id='word_1_133' title='bbox 504 2035 571 2100; x_wconf 90' lang='lat' dir='ltr'><strong>suis</strong></span> <span class='ocrx_word' id='word_1_134' title='bbox 594 2036 827 2120; x_wconf 78' lang='lat' dir='ltr'><strong>prolationibus</strong></span> <span class='ocrx_word' id='word_1_135' title='bbox 851 2045 884 2100; x_wconf 90' lang='lat' dir='ltr'><strong>et</strong></span> <span class='ocrx_word' id='word_1_136' title='bbox 908 2036 1072 2101; x_wconf 87' lang='lat' dir='ltr'><strong>beneficiis</strong></span> <span class='ocrx_word' id='word_1_137' title='bbox 1095 2057 1135 2101; x_wconf 94' lang='lat' dir='ltr'><strong>ac</strong></span> <span class='ocrx_word' id='word_1_138' title='bbox 1151 2037 1197 2102; x_wconf 88' lang='lat' dir='ltr'><strong>eis</strong></span> <span class='ocrx_word' id='word_1_139' title='bbox 1220 2035 1261 2100; x_wconf 93' lang='grc'><strong>(16</strong></span> <span class='ocrx_word' id='word_1_140' title='bbox 1285 2037 1374 2102; x_wconf 87' lang='grc'><strong>16616</strong></span> <span class='ocrx_word' id='word_1_141' title='bbox 1399 2036 1558 2102; x_wconf 90' lang='lat' dir='ltr'><strong>hereticos</strong></span> <span class='ocrx_word' id='word_1_142' title='bbox 1581 2056 1636 2101; x_wconf 86' lang='lat' dir='ltr'><strong>seu</strong></span> 
     </span>
     <span class='ocr_line' id='line_1_16' title="bbox 303 2141 1637 2227; baseline -0.003 -17"><span class='ocrx_word' id='word_1_143' title='bbox 303 2145 504 2210; x_wconf 86' lang='lat' dir='ltr'><strong>scismaticos</strong></span> <span class='ocrx_word' id='word_1_144' title='bbox 532 2141 737 2226; x_wconf 88' lang='lat' dir='ltr'><strong>subrogando</strong></span> <span class='ocrx_word' id='word_1_145' title='bbox 770 2144 912 2227; x_wconf 86' lang='lat' dir='ltr'><strong>ipsisque</strong></span> <span class='ocrx_word' id='word_1_146' title='bbox 946 2142 1097 2208; x_wconf 87' lang='lat' dir='ltr'><strong>hereticis</strong></span> <span class='ocrx_word' id='word_1_147' title='bbox 1121 2150 1153 2208; x_wconf 91' lang='lat' dir='ltr'><strong>et</strong></span> <span class='ocrx_word' id='word_1_148' title='bbox 1177 2144 1368 2209; x_wconf 87' lang='lat' dir='ltr'><strong>scismaticis</strong></span> <span class='ocrx_word' id='word_1_149' title='bbox 1392 2149 1504 2210; x_wconf 89' lang='lat' dir='ltr'><strong>eontra</strong></span> <span class='ocrx_word' id='word_1_150' title='bbox 1528 2142 1637 2208; x_wconf 88' lang='lat' dir='ltr'><strong>catho-</strong></span> 
     </span>
     <span class='ocr_line' id='line_1_17' title="bbox 303 2248 1637 2334; baseline 0 -20"><span class='ocrx_word' id='word_1_151' title='bbox 303 2250 383 2315; x_wconf 90' lang='lat' dir='ltr'><strong>licos</strong></span> <span class='ocrx_word' id='word_1_152' title='bbox 406 2249 618 2334; x_wconf 91' lang='lat' dir='ltr'><strong>impertiendo</strong></span> <span class='ocrx_word' id='word_1_153' title='bbox 642 2248 787 2314; x_wconf 89' lang='lat' dir='ltr'><strong>favorem</strong></span> <span class='ocrx_word' id='word_1_154' title='bbox 811 2256 844 2314; x_wconf 92' lang='lat' dir='ltr'><strong>et</strong></span> <span class='ocrx_word' id='word_1_155' title='bbox 868 2250 1034 2315; x_wconf 91' lang='lat' dir='ltr'><strong>consilium</strong></span> <span class='ocrx_word' id='word_1_156' title='bbox 1060 2270 1100 2314; x_wconf 92' lang='lat' dir='ltr'><strong>ae</strong></span> <span class='ocrx_word' id='word_1_157' title='bbox 1122 2248 1233 2315; x_wconf 89' lang='lat' dir='ltr'><strong>fideles</strong></span> <span class='ocrx_word' id='word_1_158' title='bbox 1257 2250 1344 2334; x_wconf 90' lang='lat' dir='ltr'><strong>ipsos</strong></span> <span class='ocrx_word' id='word_1_159' title='bbox 1368 2251 1548 2315; x_wconf 90' lang='lat' dir='ltr'><strong>immaniter</strong></span> <span class='ocrx_word' id='word_1_160' title='bbox 1568 2269 1637 2334; x_wconf 91' lang='lat' dir='ltr'><strong>per·</strong></span> 
     </span>
     <span class='ocr_line' id='line_1_18' title="bbox 302 2354 1635 2441; baseline -0.002 -19"><span class='ocrx_word' id='word_1_161' title='bbox 302 2355 477 2439; x_wconf 91' lang='lat' dir='ltr'><strong>sequendo.</strong></span> <span class='ocrx_word' id='word_1_162' title='bbox 524 2354 688 2433; x_wconf 87' lang='lat' dir='ltr'><strong>Profecto,</strong></span> <span class='ocrx_word' id='word_1_163' title='bbox 712 2355 767 2438; x_wconf 87' lang='lat' dir='ltr'><strong>fili,</strong></span> <span class='ocrx_word' id='word_1_164' title='bbox 792 2357 1003 2441; x_wconf 90' lang='lat' dir='ltr'><strong>probabiliter</strong></span> <span class='ocrx_word' id='word_1_165' title='bbox 1026 2357 1219 2422; x_wconf 86' lang='lat' dir='ltr'><strong>arbitramur</strong></span> <span class='ocrx_word' id='word_1_166' title='bbox 1242 2365 1274 2422; x_wconf 91' lang='lat' dir='ltr'><strong>et</strong></span> <span class='ocrx_word' id='word_1_167' title='bbox 1298 2357 1468 2441; x_wconf 87' lang='lat' dir='ltr'><strong>credimus,</strong></span> <span class='ocrx_word' id='word_1_168' title='bbox 1499 2356 1635 2440; x_wconf 88' lang='lat' dir='ltr'><strong>quodsi</strong></span> 
     </span>
     <span class='ocr_line' id='line_1_19' title="bbox 303 2462 1635 2548; baseline 0.002 -20"><span class='ocrx_word' id='word_1_169' title='bbox 303 2463 346 2528; x_wconf 89' lang='lat' dir='ltr'><strong>ad</strong></span> <span class='ocrx_word' id='word_1_170' title='bbox 370 2464 554 2528; x_wconf 86' lang='lat' dir='ltr'><strong>memoriam</strong></span> <span class='ocrx_word' id='word_1_171' title='bbox 577 2470 612 2527; x_wconf 95' lang='lat' dir='ltr'><strong>tu</strong></span> <span class='ocrx_word' id='word_1_172' title='bbox 636 2469 669 2528; x_wconf 90' lang='lat' dir='ltr'><strong>et</strong></span> <span class='ocrx_word' id='word_1_173' title='bbox 692 2462 771 2528; x_wconf 92' lang='lat' dir='ltr'><strong>dieti</strong></span> <span class='ocrx_word' id='word_1_174' title='bbox 796 2465 958 2548; x_wconf 89' lang='lat' dir='ltr'><strong>principes</strong></span> <span class='ocrx_word' id='word_1_175' title='bbox 990 2465 1235 2530; x_wconf 81' lang='lat' dir='ltr'><strong>revocavissetis</strong></span> <span class='ocrx_word' id='word_1_176' title='bbox 1264 2463 1420 2548; x_wconf 89' lang='lat' dir='ltr'><strong>predicta,</strong></span> <span class='ocrx_word' id='word_1_177' title='bbox 1453 2465 1635 2530; x_wconf 86' lang='lat' dir='ltr'><strong>nullatenus</strong></span> 
     </span>
     <span class='ocr_line' id='line_1_20' title="bbox 302 2570 1633 2657; baseline -0.001 -20"><span class='ocrx_word' id='word_1_178' title='bbox 302 2570 467 2637; x_wconf 83' lang='lat' dir='ltr'><strong>dixissetis</strong></span> <span class='ocrx_word' id='word_1_179' title='bbox 490 2572 593 2656; x_wconf 89' lang='lat' dir='ltr'><strong>ipsum</strong></span> <span class='ocrx_word' id='word_1_180' title='bbox 618 2590 782 2636; x_wconf 90' lang='lat' dir='ltr'><strong>remanere</strong></span> <span class='ocrx_word' id='word_1_181' title='bbox 805 2572 839 2636; x_wconf 93' lang='lat' dir='ltr'><strong>in</strong></span> <span class='ocrx_word' id='word_1_182' title='bbox 862 2592 963 2654; x_wconf 87' lang='lat' dir='ltr'><strong>regno</strong></span> <span class='ocrx_word' id='word_1_183' title='bbox 980 2577 1013 2637; x_wconf 92' lang='lat' dir='ltr'><strong>et</strong></span> <span class='ocrx_word' id='word_1_184' title='bbox 1029 2572 1161 2657; x_wconf 91' lang='lat' dir='ltr'><strong>imperio</strong></span> <span class='ocrx_word' id='word_1_185' title='bbox 1185 2571 1227 2636; x_wconf 89' lang='lat' dir='ltr'><strong>ad</strong></span> <span class='ocrx_word' id='word_1_186' title='bbox 1244 2572 1415 2637; x_wconf 88' lang='lat' dir='ltr'><strong>utilitatem</strong></span> <span class='ocrx_word' id='word_1_187' title='bbox 1432 2577 1465 2637; x_wconf 93' lang='lat' dir='ltr'><strong>et</strong></span> <span class='ocrx_word' id='word_1_188' title='bbox 1480 2571 1633 2638; x_wconf 90' lang='lat' dir='ltr'><strong>honorem</strong></span> 
     </span>
     <span class='ocr_line' id='line_1_21' title="bbox 302 2677 1634 2764; baseline -0.001 -22"><span class='ocrx_word' id='word_1_189' title='bbox 302 2685 427 2745; x_wconf 89' lang='lat' dir='ltr'><strong>nostros</strong></span> <span class='ocrx_word' id='word_1_190' title='bbox 451 2690 484 2743; x_wconf 89' lang='lat' dir='ltr'><strong>et</strong></span> <span class='ocrx_word' id='word_1_191' title='bbox 507 2678 644 2744; x_wconf 88' lang='lat' dir='ltr'><strong>ecclesie</strong></span> <span class='ocrx_word' id='word_1_192' title='bbox 667 2685 774 2744; x_wconf 87' lang='lat' dir='ltr'><strong>vestro</strong></span> <span class='ocrx_word' id='word_1_193' title='bbox 797 2677 918 2743; x_wconf 92' lang='lat' dir='ltr'><strong>iudicio</strong></span> <span class='ocrx_word' id='word_1_194' title='bbox 942 2677 1113 2762; x_wconf 91' lang='lat' dir='ltr'><strong>pertinere.</strong></span> <span class='ocrx_word' id='word_1_195' title='bbox 1161 2677 1327 2756; x_wconf 79' lang='lat' dir='ltr'><strong>Quomodo</strong></span> <span class='ocrx_word' id='word_1_196' title='bbox 1351 2685 1460 2764; x_wconf 89' lang='lat' dir='ltr'><strong>posset</strong></span> <span class='ocrx_word' id='word_1_197' title='bbox 1484 2677 1634 2743; x_wconf 85' lang='grc'><strong>6161111-</strong></span> 
     </span>
     <span class='ocr_line' id='line_1_22' title="bbox 302 2784 1633 2870; baseline -0.002 -19"><span class='ocrx_word' id='word_1_198' title='bbox 302 2792 402 2851; x_wconf 88' lang='lat' dir='ltr'><strong>tatem</strong></span> <span class='ocrx_word' id='word_1_199' title='bbox 425 2793 458 2850; x_wconf 93' lang='grc'><strong>61</strong></span> <span class='ocrx_word' id='word_1_200' title='bbox 481 2784 631 2850; x_wconf 90' lang='lat' dir='ltr'><strong>honorem</strong></span> <span class='ocrx_word' id='word_1_201' title='bbox 656 2785 812 2851; x_wconf 90' lang='lat' dir='ltr'><strong>ecelesiae</strong></span> <span class='ocrx_word' id='word_1_202' title='bbox 836 2787 1006 2870; x_wconf 91' lang='lat' dir='ltr'><strong>pertinere,</strong></span> <span class='ocrx_word' id='word_1_203' title='bbox 1035 2784 1119 2869; x_wconf 92' lang='lat' dir='ltr'><strong>quod</strong></span> <span class='ocrx_word' id='word_1_204' title='bbox 1146 2785 1193 2850; x_wconf 81' lang='lat' dir='ltr'><strong>vir</strong></span> <span class='ocrx_word' id='word_1_205' title='bbox 1217 2791 1283 2850; x_wconf 87' lang='lat' dir='ltr'><strong>tam</strong></span> <span class='ocrx_word' id='word_1_206' title='bbox 1306 2786 1470 2870; x_wconf 88' lang='lat' dir='ltr'><strong>reprobus,</strong></span> <span class='ocrx_word' id='word_1_207' title='bbox 1501 2785 1633 2850; x_wconf 88' lang='grc'><strong>(16166-</strong></span> 
     </span>
     <span class='ocr_line' id='line_1_23' title="bbox 302 2891 1633 2978; baseline -0.001 -22"><span class='ocrx_word' id='word_1_208' title='bbox 302 2893 385 2959; x_wconf 89' lang='lat' dir='ltr'><strong>toria</strong></span> <span class='ocrx_word' id='word_1_209' title='bbox 414 2892 626 2957; x_wconf 88' lang='lat' dir='ltr'><strong>hereticorum</strong></span> <span class='ocrx_word' id='word_1_210' title='bbox 654 2897 687 2957; x_wconf 88' lang='lat' dir='ltr'><strong>et</strong></span> <span class='ocrx_word' id='word_1_211' title='bbox 714 2892 818 2958; x_wconf 88' lang='lat' dir='ltr'><strong>heresi</strong></span> <span class='ocrx_word' id='word_1_212' title='bbox 847 2894 931 2959; x_wconf 91' lang='lat' dir='ltr'><strong>iusto</strong></span> <span class='ocrx_word' id='word_1_213' title='bbox 963 2893 1216 2978; x_wconf 91' lang='lat' dir='ltr'><strong>condempnatus</strong></span> <span class='ocrx_word' id='word_1_214' title='bbox 1243 2891 1364 2957; x_wconf 91' lang='lat' dir='ltr'><strong>iudicio</strong></span> <span class='ocrx_word' id='word_1_215' title='bbox 1393 2912 1493 2976; x_wconf 94' lang='lat' dir='ltr'><strong>regno</strong></span> <span class='ocrx_word' id='word_1_216' title='bbox 1522 2903 1555 2956; x_wconf 90' lang='lat' dir='ltr'><strong>et</strong></span> <span class='ocrx_word' id='word_1_217' title='bbox 1577 2892 1633 2956; x_wconf 92' lang='lat' dir='ltr'><strong>im-</strong></span> 
     </span>
     <span class='ocr_line' id='line_1_24' title="bbox 301 2998 1634 3084; baseline -0.002 -20"><span class='ocrx_word' id='word_1_218' title='bbox 301 2999 391 3084; x_wconf 91' lang='lat' dir='ltr'><strong>perio</strong></span> <span class='ocrx_word' id='word_1_219' title='bbox 414 2999 602 3084; x_wconf 88' lang='lat' dir='ltr'><strong>presideret,</strong></span> <span class='ocrx_word' id='word_1_220' title='bbox 627 2999 681 3081; x_wconf 92' lang='grc'><strong>661</strong></span> <span class='ocrx_word' id='word_1_221' title='bbox 704 2999 801 3064; x_wconf 92' lang='lat' dir='ltr'><strong>etiam</strong></span> <span class='ocrx_word' id='word_1_222' title='bbox 825 3000 1092 3084; x_wconf 88' lang='lat' dir='ltr'><strong>inpresentiarum</strong></span> <span class='ocrx_word' id='word_1_223' title='bbox 1117 2999 1277 3064; x_wconf 86' lang='lat' dir='ltr'><strong>hereticos</strong></span> <span class='ocrx_word' id='word_1_224' title='bbox 1301 2999 1334 3066; x_wconf 92' lang='lat' dir='ltr'><strong>in</strong></span> <span class='ocrx_word' id='word_1_225' title='bbox 1358 3020 1415 3066; x_wconf 91' lang='lat' dir='ltr'><strong>suo</strong></span> <span class='ocrx_word' id='word_1_226' title='bbox 1439 2998 1537 3064; x_wconf 88' lang='lat' dir='ltr'><strong>habet</strong></span> <span class='ocrx_word' id='word_1_227' title='bbox 1561 3018 1634 3063; x_wconf 90' lang='lat' dir='ltr'><strong>con·</strong></span> 
     </span>
     <span class='ocr_line' id='line_1_25' title="bbox 300 3105 1632 3189; baseline -0.002 -18"><span class='ocrx_word' id='word_1_228' title='bbox 300 3107 404 3172; x_wconf 89' lang='lat' dir='ltr'><strong>sorcio</strong></span> <span class='ocrx_word' id='word_1_229' title='bbox 428 3114 460 3171; x_wconf 91' lang='lat' dir='ltr'><strong>et</strong></span> <span class='ocrx_word' id='word_1_230' title='bbox 483 3113 634 3189; x_wconf 90' lang='lat' dir='ltr'><strong>quantum</strong></span> <span class='ocrx_word' id='word_1_231' title='bbox 662 3105 706 3171; x_wconf 89' lang='lat' dir='ltr'><strong>ad</strong></span> <span class='ocrx_word' id='word_1_232' title='bbox 738 3107 872 3172; x_wconf 91' lang='lat' dir='ltr'><strong>clericos</strong></span> <span class='ocrx_word' id='word_1_233' title='bbox 906 3107 1118 3173; x_wconf 89' lang='lat' dir='ltr'><strong>hereticorum</strong></span> <span class='ocrx_word' id='word_1_234' title='bbox 1150 3111 1182 3170; x_wconf 92' lang='lat' dir='ltr'><strong>et</strong></span> <span class='ocrx_word' id='word_1_235' title='bbox 1214 3107 1466 3172; x_wconf 88' lang='lat' dir='ltr'><strong>scismatieorum</strong></span> <span class='ocrx_word' id='word_1_236' title='bbox 1500 3105 1632 3170; x_wconf 90' lang='lat' dir='ltr'><strong>consilio</strong></span> 
     </span>
     <span class='ocr_line' id='line_1_26' title="bbox 300 3211 1630 3298; baseline -0.002 -20"><span class='ocrx_word' id='word_1_237' title='bbox 300 3215 507 3298; x_wconf 90' lang='lat' dir='ltr'><strong>gubernatur.</strong></span> <span class='ocrx_word' id='word_1_238' title='bbox 543 3214 646 3278; x_wconf 89' lang='lat' dir='ltr'><strong>Tenet</strong></span> <span class='ocrx_word' id='word_1_239' title='bbox 669 3214 754 3278; x_wconf 89' lang='lat' dir='ltr'><strong>euim</strong></span> <span class='ocrx_word' id='word_1_240' title='bbox 778 3212 892 3279; x_wconf 92' lang='grc'><strong>16666</strong></span> <span class='ocrx_word' id='word_1_241' title='bbox 918 3215 1083 3280; x_wconf 90' lang='lat' dir='ltr'><strong>consoreio</strong></span> <span class='ocrx_word' id='word_1_242' title='bbox 1107 3214 1260 3279; x_wconf 87' lang='lat' dir='ltr'><strong>Iaeohuur</strong></span> <span class='ocrx_word' id='word_1_243' title='bbox 1277 3211 1396 3278; x_wconf 90' lang='lat' dir='ltr'><strong>dudum</strong></span> <span class='ocrx_word' id='word_1_244' title='bbox 1414 3213 1630 3280; x_wconf 72' lang='lat' dir='ltr'><strong>Castellianum</strong></span> 
     </span>
     <span class='ocr_line' id='line_1_27' title="bbox 300 3317 1631 3406; baseline -0.002 -21"><span class='ocrx_word' id='word_1_245' title='bbox 300 3321 486 3405; x_wconf 87' lang='lat' dir='ltr'><strong>episcopum</strong></span> <span class='ocrx_word' id='word_1_246' title='bbox 511 3319 695 3386; x_wconf 80' lang='lat' dir='ltr'><strong>(lastellano</strong></span> <span class='ocrx_word' id='word_1_247' title='bbox 719 3321 907 3406; x_wconf 87' lang='lat' dir='ltr'><strong>episcopatu</strong></span> <span class='ocrx_word' id='word_1_248' title='bbox 932 3322 1103 3406; x_wconf 87' lang='lat' dir='ltr'><strong>privatum,</strong></span> <span class='ocrx_word' id='word_1_249' title='bbox 1128 3339 1221 3403; x_wconf 88' lang='lat' dir='ltr'><strong>quem</strong></span> <span class='ocrx_word' id='word_1_250' title='bbox 1245 3321 1279 3384; x_wconf 94' lang='lat' dir='ltr'><strong>in</strong></span> <span class='ocrx_word' id='word_1_251' title='bbox 1302 3319 1567 3385; x_wconf 86' lang='lat' dir='ltr'><strong>antieardiualem</strong></span> <span class='ocrx_word' id='word_1_252' title='bbox 1590 3317 1631 3383; x_wconf 92' lang='lat' dir='ltr'><strong>de</strong></span> 
     </span>
     <span class='ocr_line' id='line_1_28' title="bbox 300 3425 1630 3512; baseline -0.003 -20"><span class='ocrx_word' id='word_1_253' title='bbox 300 3426 389 3492; x_wconf 87' lang='lat' dir='ltr'><strong>facto</strong></span> <span class='ocrx_word' id='word_1_254' title='bbox 413 3427 515 3492; x_wconf 88' lang='lat' dir='ltr'><strong>creari</strong></span> <span class='ocrx_word' id='word_1_255' title='bbox 539 3447 597 3512; x_wconf 91' lang='lat' dir='ltr'><strong>per·</strong></span> <span class='ocrx_word' id='word_1_256' title='bbox 619 3429 779 3512; x_wconf 78' lang='lat' dir='ltr'><strong>prelatum</strong></span> <span class='ocrx_word' id='word_1_257' title='bbox 796 3428 926 3492; x_wconf 89' lang='lat' dir='ltr'><strong>Petrum</strong></span> <span class='ocrx_word' id='word_1_258' title='bbox 947 3427 988 3492; x_wconf 90' lang='grc'><strong>(16</strong></span> <span class='ocrx_word' id='word_1_259' title='bbox 1005 3428 1157 3494; x_wconf 78' lang='lat' dir='ltr'><strong>(lorbario</strong></span> <span class='ocrx_word' id='word_1_260' title='bbox 1174 3425 1259 3492; x_wconf 91' lang='lat' dir='ltr'><strong>idem</strong></span> <span class='ocrx_word' id='word_1_261' title='bbox 1278 3427 1421 3492; x_wconf 85' lang='lat' dir='ltr'><strong>Bararus</strong></span> <span class='ocrx_word' id='word_1_262' title='bbox 1438 3427 1630 3512; x_wconf 88' lang='lat' dir='ltr'><strong>procuravit,</strong></span> 
     </span>
     <span class='ocr_line' id='line_1_29' title="bbox 299 3532 1631 3616; baseline -0.002 -18"><span class='ocrx_word' id='word_1_263' title='bbox 299 3535 377 3599; x_wconf 91' lang='lat' dir='ltr'><strong>item</strong></span> <span class='ocrx_word' id='word_1_264' title='bbox 400 3533 592 3598; x_wconf 87' lang='lat' dir='ltr'><strong>Michaelem</strong></span> <span class='ocrx_word' id='word_1_265' title='bbox 616 3533 657 3598; x_wconf 91' lang='lat' dir='ltr'><strong>de</strong></span> <span class='ocrx_word' id='word_1_266' title='bbox 682 3533 807 3599; x_wconf 82' lang='grc'><strong>066666</strong></span> <span class='ocrx_word' id='word_1_267' title='bbox 839 3534 914 3598; x_wconf 91' lang='lat' dir='ltr'><strong>olim</strong></span> <span class='ocrx_word' id='word_1_268' title='bbox 949 3533 1070 3600; x_wconf 90' lang='lat' dir='ltr'><strong>ordinis</strong></span> <span class='ocrx_word' id='word_1_269' title='bbox 1104 3534 1238 3599; x_wconf 82' lang='lat' dir='ltr'><strong>fratrum</strong></span> <span class='ocrx_word' id='word_1_270' title='bbox 1263 3533 1420 3599; x_wconf 89' lang='lat' dir='ltr'><strong>Minorum</strong></span> <span class='ocrx_word' id='word_1_271' title='bbox 1449 3532 1631 3616; x_wconf 83' lang='lat' dir='ltr'><strong>generalem</strong></span> 
     </span>
     <span class='ocr_line' id='line_1_30' title="bbox 299 3638 1632 3725; baseline 0.001 -20"><span class='ocrx_word' id='word_1_272' title='bbox 299 3640 489 3723; x_wconf 84' lang='lat' dir='ltr'><strong>ministrum,</strong></span> <span class='ocrx_word' id='word_1_273' title='bbox 524 3641 576 3722; x_wconf 92' lang='grc'><strong>661</strong></span> <span class='ocrx_word' id='word_1_274' title='bbox 610 3641 676 3705; x_wconf 87' lang='grc'><strong>6616</strong></span> <span class='ocrx_word' id='word_1_275' title='bbox 708 3640 912 3723; x_wconf 83' lang='lat' dir='ltr'><strong>exigentibus</strong></span> <span class='ocrx_word' id='word_1_276' title='bbox 946 3638 1110 3706; x_wconf 90' lang='lat' dir='ltr'><strong>demeritis</strong></span> <span class='ocrx_word' id='word_1_277' title='bbox 1139 3645 1189 3705; x_wconf 92' lang='lat' dir='ltr'><strong>est</strong></span> <span class='ocrx_word' id='word_1_278' title='bbox 1220 3640 1450 3725; x_wconf 87' lang='lat' dir='ltr'><strong>pronunciatus</strong></span> <span class='ocrx_word' id='word_1_279' title='bbox 1474 3640 1632 3706; x_wconf 89' lang='lat' dir='ltr'><strong>hereticus</strong></span> 
     </span>
     <span class='ocr_line' id='line_1_31' title="bbox 300 3745 1630 3832; baseline -0.001 -19"><span class='ocrx_word' id='word_1_280' title='bbox 300 3747 397 3813; x_wconf 91' lang='lat' dir='ltr'><strong>etde</strong></span> <span class='ocrx_word' id='word_1_281' title='bbox 421 3747 525 3813; x_wconf 91' lang='lat' dir='ltr'><strong>heresi</strong></span> <span class='ocrx_word' id='word_1_282' title='bbox 549 3745 816 3831; x_wconf 68' lang='lat' dir='ltr'><strong>condempnatum</strong></span> <span class='ocrx_word' id='word_1_283' title='bbox 857 3747 1060 3814; x_wconf 85' lang='lat' dir='ltr'><strong>Guillelmum</strong></span> <span class='ocrx_word' id='word_1_284' title='bbox 1093 3767 1219 3831; x_wconf 91' lang='lat' dir='ltr'><strong>quoque</strong></span> <span class='ocrx_word' id='word_1_285' title='bbox 1252 3747 1293 3812; x_wconf 93' lang='lat' dir='ltr'><strong>de</strong></span> <span class='ocrx_word' id='word_1_286' title='bbox 1326 3747 1431 3814; x_wconf 88' lang='lat' dir='ltr'><strong>Okam</strong></span> <span class='ocrx_word' id='word_1_287' title='bbox 1460 3747 1630 3832; x_wconf 83' lang='lat' dir='ltr'><strong>Anglienm</strong></span> 
     </span>
     <span class='ocr_line' id='line_1_32' title="bbox 299 3853 1632 3939; baseline -0.002 -18"><span class='ocrx_word' id='word_1_288' title='bbox 299 3855 430 3922; x_wconf 88' lang='lat' dir='ltr'><strong>fratrem</strong></span> <span class='ocrx_word' id='word_1_289' title='bbox 455 3853 575 3921; x_wconf 91' lang='lat' dir='ltr'><strong>ordinis</strong></span> <span class='ocrx_word' id='word_1_290' title='bbox 597 3855 753 3920; x_wconf 86' lang='lat' dir='ltr'><strong>Minorum</strong></span> <span class='ocrx_word' id='word_1_291' title='bbox 777 3855 1026 3936; x_wconf 90' lang='lat' dir='ltr'><strong>heresiarcham,</strong></span> <span class='ocrx_word' id='word_1_292' title='bbox 1051 3857 1104 3939; x_wconf 91' lang='lat' dir='ltr'><strong>qui</strong></span> <span class='ocrx_word' id='word_1_293' title='bbox 1122 3855 1250 3921; x_wconf 90' lang='lat' dir='ltr'><strong>hereses</strong></span> <span class='ocrx_word' id='word_1_294' title='bbox 1267 3856 1374 3922; x_wconf 84' lang='lat' dir='ltr'><strong>varias</strong></span> <span class='ocrx_word' id='word_1_295' title='bbox 1390 3853 1632 3938; x_wconf 87' lang='lat' dir='ltr'><strong>dogmatizabat</strong></span> 
     </span>
     <span class='ocr_line' id='line_1_33' title="bbox 299 3962 1631 4049; baseline -0.001 -22"><span class='ocrx_word' id='word_1_296' title='bbox 299 3962 427 4048; x_wconf 88' lang='lat' dir='ltr'><strong>publice</strong></span> <span class='ocrx_word' id='word_1_297' title='bbox 450 3969 482 4027; x_wconf 88' lang='lat' dir='ltr'><strong>et</strong></span> <span class='ocrx_word' id='word_1_298' title='bbox 509 3963 631 4047; x_wconf 88' lang='lat' dir='ltr'><strong>scripta</strong></span> <span class='ocrx_word' id='word_1_299' title='bbox 663 3962 787 4028; x_wconf 81' lang='lat' dir='ltr'><strong>fecerat</strong></span> <span class='ocrx_word' id='word_1_300' title='bbox 820 3962 985 4029; x_wconf 90' lang='lat' dir='ltr'><strong>heresibus</strong></span> <span class='ocrx_word' id='word_1_301' title='bbox 1014 3968 1046 4030; x_wconf 92' lang='lat' dir='ltr'><strong>et</strong></span> <span class='ocrx_word' id='word_1_302' title='bbox 1076 3963 1235 4030; x_wconf 91' lang='lat' dir='ltr'><strong>erroribus</strong></span> <span class='ocrx_word' id='word_1_303' title='bbox 1268 3962 1373 4049; x_wconf 92' lang='lat' dir='ltr'><strong>plena,</strong></span> <span class='ocrx_word' id='word_1_304' title='bbox 1407 3967 1538 4046; x_wconf 91' lang='lat' dir='ltr'><strong>propter</strong></span> <span class='ocrx_word' id='word_1_305' title='bbox 1569 3981 1631 4044; x_wconf 91' lang='lat' dir='ltr'><strong>que</strong></span> 
     </span>
     <span class='ocr_line' id='line_1_34' title="bbox 299 4067 1630 4156; baseline 0 -21"><span class='ocrx_word' id='word_1_306' title='bbox 299 4071 403 4135; x_wconf 85' lang='lat' dir='ltr'><strong>fuerat</strong></span> <span class='ocrx_word' id='word_1_307' title='bbox 427 4076 561 4140; x_wconf 86' lang='lat' dir='ltr'><strong>vocatus</strong></span> <span class='ocrx_word' id='word_1_308' title='bbox 584 4067 627 4134; x_wconf 87' lang='lat' dir='ltr'><strong>ad</strong></span> <span class='ocrx_word' id='word_1_309' title='bbox 651 4071 783 4152; x_wconf 88' lang='lat' dir='ltr'><strong>curiam,</strong></span> <span class='ocrx_word' id='word_1_310' title='bbox 816 4071 948 4153; x_wconf 91' lang='lat' dir='ltr'><strong>eiusque</strong></span> <span class='ocrx_word' id='word_1_311' title='bbox 977 4071 1098 4156; x_wconf 87' lang='lat' dir='ltr'><strong>scripta</strong></span> <span class='ocrx_word' id='word_1_312' title='bbox 1128 4070 1254 4135; x_wconf 88' lang='lat' dir='ltr'><strong>fueraut</strong></span> <span class='ocrx_word' id='word_1_313' title='bbox 1277 4069 1421 4155; x_wconf 89' lang='lat' dir='ltr'><strong>pluribus</strong></span> <span class='ocrx_word' id='word_1_314' title='bbox 1445 4068 1630 4135; x_wconf 88' lang='lat' dir='ltr'><strong>doctoribus</strong></span> 
     </span>
     <span class='ocr_line' id='line_1_35' title="bbox 299 4175 1632 4261; baseline -0.002 -20"><span class='ocrx_word' id='word_1_315' title='bbox 299 4176 474 4261; x_wconf 89' lang='lat' dir='ltr'><strong>assignata,</strong></span> <span class='ocrx_word' id='word_1_316' title='bbox 499 4182 533 4241; x_wconf 92' lang='lat' dir='ltr'><strong>ut</strong></span> <span class='ocrx_word' id='word_1_317' title='bbox 557 4195 594 4242; x_wconf 86' lang='grc'><strong>66</strong></span> <span class='ocrx_word' id='word_1_318' title='bbox 618 4175 772 4242; x_wconf 90' lang='lat' dir='ltr'><strong>deberent</strong></span> <span class='ocrx_word' id='word_1_319' title='bbox 796 4180 980 4243; x_wconf 82' lang='lat' dir='ltr'><strong>examinare</strong></span> <span class='ocrx_word' id='word_1_320' title='bbox 1004 4198 1076 4244; x_wconf 91' lang='lat' dir='ltr'><strong>eum</strong></span> <span class='ocrx_word' id='word_1_321' title='bbox 1100 4176 1269 4260; x_wconf 88' lang='lat' dir='ltr'><strong>diligentia</strong></span> <span class='ocrx_word' id='word_1_322' title='bbox 1293 4183 1336 4260; x_wconf 85' lang='lat' dir='ltr'><strong>et,</strong></span> <span class='ocrx_word' id='word_1_323' title='bbox 1366 4196 1428 4260; x_wconf 89' lang='lat' dir='ltr'><strong>que</strong></span> <span class='ocrx_word' id='word_1_324' title='bbox 1451 4177 1632 4243; x_wconf 87' lang='lat' dir='ltr'><strong>invenirent</strong></span> 
     </span>
     <span class='ocr_line' id='line_1_36' title="bbox 299 4282 1630 4368; baseline 0 -20"><span class='ocrx_word' id='word_1_325' title='bbox 299 4283 443 4349; x_wconf 88' lang='lat' dir='ltr'><strong>heretica</strong></span> <span class='ocrx_word' id='word_1_326' title='bbox 466 4303 522 4349; x_wconf 92' lang='lat' dir='ltr'><strong>seu</strong></span> <span class='ocrx_word' id='word_1_327' title='bbox 546 4304 689 4367; x_wconf 88' lang='lat' dir='ltr'><strong>erronea,</strong></span> <span class='ocrx_word' id='word_1_328' title='bbox 714 4282 931 4368; x_wconf 81' lang='lat' dir='ltr'><strong>declarareut3</strong></span> <span class='ocrx_word' id='word_1_329' title='bbox 956 4286 1010 4368; x_wconf 91' lang='lat' dir='ltr'><strong>qui</strong></span> <span class='ocrx_word' id='word_1_330' title='bbox 1034 4286 1097 4350; x_wconf 89' lang='lat' dir='ltr'><strong>iam</strong></span> <span class='ocrx_word' id='word_1_331' title='bbox 1121 4284 1237 4350; x_wconf 90' lang='lat' dir='ltr'><strong>multos</strong></span> <span class='ocrx_word' id='word_1_332' title='bbox 1261 4284 1414 4349; x_wconf 89' lang='lat' dir='ltr'><strong>articulos</strong></span> <span class='ocrx_word' id='word_1_333' title='bbox 1438 4283 1630 4350; x_wconf 90' lang='lat' dir='ltr'><strong>heretieales</strong></span> 
     </span>
     <span class='ocr_line' id='line_1_37' title="bbox 299 4386 1630 4474; baseline -0.003 -18"><span class='ocrx_word' id='word_1_334' title='bbox 299 4391 554 4457; x_wconf 87' lang='lat' dir='ltr'><strong>declaraverunt.</strong></span> <span class='ocrx_word' id='word_1_335' title='bbox 602 4389 663 4468; x_wconf 87' lang='lat' dir='ltr'><strong>Qui</strong></span> <span class='ocrx_word' id='word_1_336' title='bbox 698 4390 827 4474; x_wconf 89' lang='lat' dir='ltr'><strong>quidem</strong></span> <span class='ocrx_word' id='word_1_337' title='bbox 859 4391 943 4455; x_wconf 91' lang='lat' dir='ltr'><strong>male</strong></span> <span class='ocrx_word' id='word_1_338' title='bbox 973 4389 1035 4454; x_wconf 91' lang='lat' dir='ltr'><strong>sibi</strong></span> <span class='ocrx_word' id='word_1_339' title='bbox 1069 4387 1216 4454; x_wconf 91' lang='lat' dir='ltr'><strong>conscius</strong></span> <span class='ocrx_word' id='word_1_340' title='bbox 1249 4387 1325 4472; x_wconf 87' lang='lat' dir='ltr'><strong>fuge</strong></span> <span class='ocrx_word' id='word_1_341' title='bbox 1358 4386 1499 4472; x_wconf 89' lang='lat' dir='ltr'><strong>presidio</strong></span> <span class='ocrx_word' id='word_1_342' title='bbox 1528 4389 1630 4454; x_wconf 83' lang='lat' dir='ltr'><strong>vitare</strong></span> 
     </span>
     <span class='ocr_line' id='line_1_38' title="bbox 298 4493 1631 4580; baseline -0.004 -15"><span class='ocrx_word' id='word_1_343' title='bbox 298 4499 399 4565; x_wconf 80' lang='lat' dir='ltr'><strong>voluit</strong></span> <span class='ocrx_word' id='word_1_344' title='bbox 427 4498 615 4564; x_wconf 88' lang='lat' dir='ltr'><strong>eanonicam</strong></span> <span class='ocrx_word' id='word_1_345' title='bbox 642 4499 814 4580; x_wconf 79' lang='lat' dir='ltr'><strong>ultionem3</strong></span> <span class='ocrx_word' id='word_1_346' title='bbox 847 4496 1077 4580; x_wconf 85' lang='lat' dir='ltr'><strong>Bonagratiam</strong></span> <span class='ocrx_word' id='word_1_347' title='bbox 1102 4497 1232 4580; x_wconf 91' lang='lat' dir='ltr'><strong>insuper</strong></span> <span class='ocrx_word' id='word_1_348' title='bbox 1262 4493 1303 4559; x_wconf 91' lang='lat' dir='ltr'><strong>de</strong></span> <span class='ocrx_word' id='word_1_349' title='bbox 1326 4495 1485 4580; x_wconf 88' lang='lat' dir='ltr'><strong>Pergamo</strong></span> <span class='ocrx_word' id='word_1_350' title='bbox 1509 4493 1631 4560; x_wconf 88' lang='lat' dir='ltr'><strong>ordinis</strong></span> 
     </span>
     <span class='ocr_line' id='line_1_39' title="bbox 297 4602 1631 4692; baseline -0.004 -19"><span class='ocrx_word' id='word_1_351' title='bbox 297 4606 431 4673; x_wconf 80' lang='lat' dir='ltr'><strong>fratrum</strong></span> <span class='ocrx_word' id='word_1_352' title='bbox 455 4606 623 4692; x_wconf 78' lang='lat' dir='ltr'><strong>itinerum,</strong></span> <span class='ocrx_word' id='word_1_353' title='bbox 647 4607 790 4692; x_wconf 89' lang='lat' dir='ltr'><strong>quisuis</strong></span> <span class='ocrx_word' id='word_1_354' title='bbox 819 4603 985 4672; x_wconf 89' lang='lat' dir='ltr'><strong>demeritis</strong></span> <span class='ocrx_word' id='word_1_355' title='bbox 1008 4602 1211 4689; x_wconf 80' lang='lat' dir='ltr'><strong>exigentibus</strong></span> <span class='ocrx_word' id='word_1_356' title='bbox 1234 4603 1267 4668; x_wconf 91' lang='lat' dir='ltr'><strong>iu</strong></span> <span class='ocrx_word' id='word_1_357' title='bbox 1291 4603 1381 4669; x_wconf 88' lang='lat' dir='ltr'><strong>curia</strong></span> <span class='ocrx_word' id='word_1_358' title='bbox 1409 4602 1516 4668; x_wconf 82' lang='lat' dir='ltr'><strong>tuerat</strong></span> <span class='ocrx_word' id='word_1_359' title='bbox 1547 4621 1631 4668; x_wconf 91' lang='lat' dir='ltr'><strong>arre-</strong></span> 
     </span>
    </p>
   </div>
   <div class='ocr_carea' id='block_1_3' title="bbox 400 4845 727 4926">
    <p class='ocr_par' dir='ltr' id='par_1_3' title="bbox 400 4845 727 4926">
     <span class='ocr_line' id='line_1_40' title="bbox 400 4845 727 4926; baseline 0 -18"><span class='ocrx_word' id='word_1_360' title='bbox 400 4849 430 4926; x_wconf 83' lang='grc'><strong>6)</strong></span> <span class='ocrx_word' id='word_1_361' title='bbox 449 4848 592 4908; x_wconf 83' lang='lat' dir='ltr'><strong>scelestas</strong></span> <span class='ocrx_word' id='word_1_362' title='bbox 610 4845 646 4908; x_wconf 81' lang='lat' dir='ltr'><strong>in</strong></span> <span class='ocrx_word' id='word_1_363' title='bbox 664 4862 727 4926; x_wconf 75' lang='lat' dir='ltr'><strong>rep.</strong></span> 
     </span>
    </p>
   </div>
   <div class='ocr_carea' id='block_1_4' title="bbox 0 0 1826 5509">
    <p class='ocr_par' dir='ltr' id='par_1_4' title="bbox 0 0 1826 5509">
     <span class='ocr_line' id='line_1_41' title="bbox 0 0 1826 5509; baseline 0 2"><span class='ocrx_word' id='word_1_364' title='bbox 0 0 1826 5509; x_wconf 95' lang='lat' dir='ltr'><strong> </strong></span> 
     </span>
    </p>
   </div>
  </div>
 </body>
</html>
