3642 5509
260 463 313 520 666
810 463 881 521 1330
899 463 1022 536 August
1039 465 1065 520 8.

261 645 302 713 de
326 648 499 715 maioribus
522 648 554 712 in
578 646 667 713 dicta
690 647 769 712 cccl.
786 645 891 713 eidem
916 653 1070 729 reservat,
1095 666 1158 712 non
1182 646 1329 712 obstante
1353 644 1438 728 quod
1463 645 1494 709 in
1511 644 1591 712 eccl.

260 755 440 823 Susatiensi
468 755 691 821 canonicatum
715 763 749 820 ct
777 754 974 840 prebendam
1004 773 1043 820 ac
1074 754 1305 838 parrochialem
1337 754 1506 820 ecclesiam
1531 752 1591 819 Ge·

260 864 341 948 orgii
366 863 584 928 Susatienscm
610 863 742 928 obtinet.

367 970 554 1056 Apostolice
577 969 781 1035 liberalitatis
804 969 1049 1035 dexteram...
1075 969 1147 1034 Dat.
1163 969 1257 1035 Avia.
1281 970 1315 1034 II
1338 988 1439 1034 nonas
1463 969 1591 1052 augusti

260 1098 290 1143 a.
315 1076 566 1161 quartodecimo.

368 1186 404 1249 ln
434 1205 461 1250 6.
487 1207 527 1250 m.
561 1185 672 1250 abbati
705 1185 888 1251 monasterii
923 1183 1098 1250 Tuitiensis
1131 1191 1164 1250 ct
1196 1183 1320 1252 decano
1353 1181 1592 1250 Meschedcnsis

260 1290 370 1358 Calon.
396 1291 479 1357 dioc.
504 1311 543 1356 ac
566 1289 738 1357 scolastico
763 1291 924 1356 Tullcnsis
948 1289 1165 1356 ecclesiarum.

419 1399 491 1466 Rep.
512 1397 549 1451 96
566 1413 614 1450 ar.
634 1398 719 1451 3430.

367 1630 490 1699 1942.
523 1633 611 1697 1330
632 1629 764 1718 Asperat
787 1633 819 1696 8.
844 1630 1010 1718 Aoipaoo.

365 1774 525 1839 lohannes
549 1774 648 1838 XXII
684 1774 823 1840 Hearico
857 1774 1101 1859 archiepiscopo
1125 1773 1235 1840 Colca.
1269 1773 1425 1858 indulget,
1459 1775 1590 1840 1111611-

258 1881 358 1967 giosis
391 1883 535 1966 personis
568 1880 609 1945 ad
643 1901 731 1946 suam
769 1900 911 1947 mensam
951 1899 1105 1964 snunrque
1138 1881 1316 1966 hospicium
1355 1880 1590 1947 declinantibus

261 1989 425 2055 licentiam
450 1987 602 2054 vescendi
636 1988 797 2069 carnibus,
831 1988 894 2052 illis
928 1987 1041 2053 diebus
1073 1988 1258 2071 dumtaxat,
1295 1989 1408 2070 quihus
1437 2009 1457 2054 a
1491 1989 1592 2055 sacris

261 2097 437 2163 canonibus
477 2097 547 2161 eius
583 2096 723 2160 carnium
764 2094 973 2161 communiter
1007 2093 1188 2180 prohibitus
1221 2115 1284 2160 non
1320 2095 1446 2178 existit,
1484 2095 1589 2160 valeat

258 2203 424 2288 impertiri.

365 2309 555 2377 Deuotionis
583 2316 637 2375 tue
665 2310 867 2376 sinceritas.
896 2360 903 2376 .
932 2356 938 2371 .
987 2309 1063 2375 Dat.
1090 2309 1183 2375 Avin.
1209 2309 1287 2374 Vlll
1311 2308 1385 2375 idus
1408 2311 1535 2394 augusti
1560 2331 1589 2376 a.

259 2417 511 2501 quartodecimo.
739 2511 744 2518 ¹

406 2525 480 2594 Rep.
498 2524 536 2579 96
553 2539 599 2577 ar.
615 2524 698 2578 3661.

365 2764 486 2831 1949.
515 2767 600 2831 1330
625 2766 756 2850 Aopcst
781 2767 832 2830 12.
863 2764 1029 2851 Aoipaoo.

364 2908 521 2974 Iohannes
544 2908 643 2972 XXII
677 2907 827 2973 Gotlrido
851 2907 892 2972 de
917 2907 1165 2973 Brandenherch
1191 2908 1317 2973 confert
1340 2907 1418 2973 ecel.
1450 2906 1483 2972 S.
1508 2908 1588 2973 Pau·

257 3014 312 3079 lini
336 3022 429 3080 extra
453 3016 700 3081 murosTrever.
726 3015 960 3095 canonicatum,
986 3014 1183 3099 prebendam
1207 3035 1283 3080 vero
1307 3012 1411 3079 eidem
1436 3021 1587 3097 reservat,

256 3141 319 3186 non
343 3123 492 3188 obstante
516 3121 600 3205 quod
625 3122 656 3186 in
683 3122 761 3187 cccl.
781 3123 913 3186 Trever.
932 3121 1156 3186 canonicatum
1180 3127 1213 3186 et
1235 3118 1432 3206 prebendam
1456 3141 1496 3187 ac
1518 3141 1588 3206 par·

256 3228 430 3295 rochialem
455 3229 625 3296 ecclesiam
649 3228 690 3294 de
713 3227 878 3294 Lanschet
901 3229 1034 3294 Trevcr.
1059 3227 1143 3294 dioc.
1168 3229 1300 3294 obtinet.

363 3336 558 3403 Laudabilia
590 3343 643 3402 tue
678 3336 849 3421 probitatis
878 3385 885 3400 .
917 3384 923 3400 .
954 3385 960 3400 .
1021 3336 1095 3401 Dat.
1120 3336 1213 3400 Asin.
1238 3335 1271 3400 ΙΙ
1299 3333 1371 3402 idus
1402 3333 1530 3420 augusti
1558 3355 1586 3401 a.

257 3443 509 3525 quartodecimo.

363 3551 399 3615 ln
423 3572 451 3617 e.
469 3573 508 3616 m.
534 3551 644 3616 abbati
669 3549 853 3616 monasterii
878 3549 1050 3616 S.hlathie
1074 3556 1295 3616 extramuros
1320 3549 1451 3615 Trevcr.
1482 3555 1515 3615 et
1540 3568 1587 3614 ar-

256 3656 445 3724 chidiacono
470 3659 600 3723 Trever.
626 3677 665 3722 ac
688 3657 841 3741 magistro
865 3657 985 3722 Iacobo
1014 3655 1055 3720 dc
1079 3657 1202 3721 Mutina
1231 3656 1403 3721 scolastico
1428 3656 1588 3722 Tullensis

257 3765 474 3831 ecclesiaram.

416 3870 488 3939 Ray.
509 3869 546 3923 96
564 3885 612 3924 ar.
633 3870 716 3925 3295.

363 4110 483 4179 1944.
521 4114 608 4177 1330
636 4112 765 4198 Auptcst
791 4113 842 4176 18.
871 4110 1038 4197 Aoipnoo.

363 4254 522 4320 Iohannes
544 4255 644 4319 XXII
674 4255 781 4340 plurcs
804 4254 975 4320 Germanic
999 4254 1260 4338 septentrionalis
1284 4256 1453 4339 episcopos
1478 4259 1510 4318 et
1533 4273 1586 4317 no·

255 4361 336 4427 biles
370 4367 403 4426 et
436 4363 520 4427 inter
555 4361 613 4428 hos
645 4360 907 4428 Wedclrinduma
944 4359 985 4425 de
1020 4361 1128 4426 Monte
1165 4360 1322 4442 hortatur,
1358 4367 1394 4426 ut
1428 4360 1587 4427 Ludovici

255 4467 297 4533 dc
320 4469 470 4551 Bavaria,
506 4471 559 4552 qni
594 4468 849 4534 marchionatum
879 4466 1198 4552 Brandeburgensem
1234 4468 1298 4533 tilio
1334 4489 1391 4534 suo
1424 4468 1465 4534 de
1499 4469 1587 4534 iacto

256 4576 424 4659 concessit,
459 4576 625 4641 conatibus
654 4577 805 4642 resistant
831 4577 879 4641 sic
903 4574 1049 4652 viriliter,
1085 4574 1171 4658 qnod
1199 4574 1240 4640 de
1268 4577 1478 4661 occupatione
1506 4595 1587 4640 mar-

256 4682 424 4748 chicnatus
447 4682 588 4748 eiusdem
612 4703 703 4748 sunm
728 4683 908 4748 nullatenus
934 4687 1145 4765 consequatur
1168 4682 1334 4748 intentum.

365 4845 394 4912 a)
414 4843 641 4900 Wedcbrudum
660 4841 694 4897 in
712 4858 774 4914 rep.
