3642 5509
276 427 329 510 s'sn
858 447 930 509 reso
948 449 1011 509 surr
1029 442 1073 508 tr.

275 655 365 700 suum
390 634 551 700 humiliter
572 654 807 720 recognoscens
823 655 843 700 a
862 639 948 700 statu
972 634 1038 716 illo,
1063 653 1157 717 quem
1181 632 1223 699 de
1247 633 1336 700 facto
1360 639 1536 718 receperat,
1559 632 1604 698 illi

276 742 493 807 renunciando
522 762 556 808 se
585 742 626 808 de
650 742 739 808 facto
767 742 917 827 deposuit
941 749 972 806 et
996 741 1037 806 ab
1061 741 1132 825 ipso
1157 739 1329 808 discessitt
1353 741 1490 823 Bavaro,
1524 741 1607 806 sieut

275 849 368 915 nobis
390 848 475 914 idem
493 851 607 915 Petrus
631 849 692 916 biis
716 847 830 915 diebus
853 849 1016 933 preteritis
1040 868 1097 932 per
1121 867 1195 914 suas
1219 848 1344 914 litteras
1367 867 1462 912 manu
1487 848 1606 931 criptas

275 958 415 1042 propria,
440 977 573 1039 quarum
596 963 689 1022 tenor
711 958 745 1021 in
769 955 829 1022 hec
852 955 954 1022 verba
976 955 1129 1038 seqnitur,
1155 956 1333 1021 nunciavit:
1562 941 1567 952 '

382 1063 654 1129 Reverentissimo
683 1083 723 1128 ac
751 1063 953 1129 sanctissimo
977 1063 1061 1147 patri
1087 1068 1119 1127 et
1142 1061 1282 1146 domino,
1317 1060 1446 1126 domino
1470 1060 1605 1127 Iohanni

277 1190 361 1256 pape
383 1177 588 1237 sacrosancte
612 1170 777 1236 Romanae
801 1169 958 1235 ecclesiae
982 1169 1083 1234 frater
1107 1169 1221 1234 Petrus
1245 1167 1286 1234 de
1311 1168 1465 1234 Corbario
1489 1167 1605 1252 dignus

276 1279 361 1341 omni
386 1297 469 1362 pena
492 1296 527 1342 se
550 1277 652 1362 ipsum
677 1275 717 1341 ad
743 1275 843 1361 pedes
867 1294 937 1341 cum
962 1275 1143 1341 reverentia
1167 1295 1242 1342 vere
1265 1275 1483 1341 subiectionis.

382 1382 475 1448 Licet
498 1383 672 1449 secundum
697 1403 852 1449 canonem
876 1383 1064 1467 evangelice
1080 1382 1235 1456 veritalis,
1261 1382 1314 1465 qui
1338 1403 1401 1448 non
1425 1384 1524 1447 intrat
1539 1401 1607 1466 per-

276 1489 412 1556 hostium
446 1491 478 1554 in
511 1490 595 1556 ovile
627 1491 737 1574 gregis
770 1489 933 1571 dominici,
969 1489 1020 1554 fur
1053 1489 1235 1574 appellatur
1258 1494 1290 1554 et
1313 1490 1395 1555 latro
1418 1489 1607 1574 rapacitatis

276 1597 395 1682 lupine‚
429 1596 563 1662 audiens
593 1603 625 1662 et
654 1595 863 1663 considerans
895 1596 1069 1680 diligenter
1095 1602 1161 1660 tam
1190 1597 1332 1661 enormia
1355 1595 1479 1662 scelera
1503 1596 1607 1680 pravi-

275 1705 352 1770 tatis
382 1703 522 1770 heretice
554 1705 629 1770 stilo
661 1703 766 1769 ferreo
801 1708 935 1768 exarata
959 1704 992 1766 in
1016 1722 1122 1786 ungue
1146 1701 1352 1768 adamantino
1377 1707 1498 1784 quanta
1522 1701 1606 1766 dice-

276 1812 391 1876 bantur
414 1833 434 1876 a
457 1810 564 1876 multis
594 1809 636 1876 de
664 1818 771 1877 vestra
794 1809 899 1875 solida
926 1809 999 1892 tide,
1028 1810 1112 1876 sicut
1136 1817 1396 1895 presumptuosus
1420 1809 1607 1875 temerarius

275 1925 308 1984 et
331 1919 487 2003 superbus
503 1917 634 1984 ascendi
658 1938 755 2003 supra
776 1923 864 1983 astra
888 1917 948 1982 celi
974 1916 1206 2001 ecclesiastica,
1231 1916 1285 1982 irbi
1309 1916 1406 1981 michi
1429 1917 1509 1982 meis
1532 1936 1606 2001 pec·

276 2025 357 2091 catis
385 2025 591 2108 exigentibus
619 2032 734 2110 parata
763 2024 825 2089 fuit
852 2023 947 2089 sedes
970 2022 1079 2106 inique
1102 2023 1299 2108 prelationis.
1347 2021 1413 2088 Sed
1437 2029 1606 2108 postquam

275 2131 390 2199 deveni
414 2131 456 2196 ad
481 2133 673 2196 territorium
697 2132 886 2196 Pisanorum
915 2136 947 2194 ct
971 2130 1095 2212 quesivi
1120 2128 1365 2213 diligentissime
1388 2128 1430 2194 de
1453 2129 1607 2214 predictis

275 2245 307 2304 et
330 2239 449 2320 inveni,
481 2236 566 2320 quod
590 2238 721 2320 obliqua
751 2245 842 2302 erant
866 2243 898 2303 et
922 2237 1007 2302 falsa
1030 2242 1064 2303 et
1087 2235 1280 2302 deficiebant
1304 2235 1337 2300 in
1361 2234 1503 2321 pondere
1526 2237 1607 2301 veri·

275 2347 361 2428 tatis,
386 2345 474 2410 dolui
498 2351 530 2411 et
554 2343 648 2410 doleo
673 2343 878 2411 vehementer
895 2350 928 2409 et
948 2345 1072 2428 penitet
1094 2363 1145 2408 me
1169 2342 1297 2425 iecisse,
1323 2363 1384 2426 que
1408 2343 1470 2408 feei
1496 2349 1606 2410 contra

274 2454 345 2517 iura
368 2459 400 2517 et
422 2453 513 2535 leges
536 2452 635 2518 vestri
662 2451 870 2517 sacratissimi
900 2451 1036 2516 nominis
1061 2449 1101 2514 de
1125 2449 1258 2516 consilio
1290 2469 1521 2534 perversorum.
1568 2450 1606 2514 In

275 2561 365 2625 cuius
396 2560 443 2624 rei
476 2559 691 2626 testimonium
724 2558 788 2624 iam
821 2565 871 2624 est
904 2558 1082 2644 completus
1116 2578 1228 2640 annus,
1265 2557 1350 2640 quod
1386 2557 1605 2623 adversarium

276 2673 415 2748 vestrum
447 2672 560 2752 sponte
594 2666 700 2731 dimisi
725 2672 757 2731 et
780 2665 890 2732 sedem
915 2668 976 2730 mei
1007 2664 1241 2750 presumptuosi
1270 2665 1415 2730 culminis
1439 2663 1604 2747 dereliqui.

275 2774 318 2838 Et
341 2794 484 2859 propono
507 2773 639 2838 tirmiter
666 2774 700 2837 in
724 2774 856 2840 civitate
880 2774 1001 2839 Pisana
1024 2779 1056 2839 et
1080 2773 1177 2837 etiam
1201 2773 1234 2837 in
1258 2773 1344 2838 Urbe
1368 2779 1465 2854 utque
1489 2772 1606 2854 ubique

276 2881 417 2946 locorum
442 2901 584 2962 renuere,
609 2879 784 2953 secundum
804 2879 891 2963 quod
907 2887 1015 2946 vestra
1037 2879 1225 2946 beatissima
1247 2880 1403 2945 sanctitas
1427 2878 1606 2945 decreverit

275 2987 496 3054 ordinandum.
543 2989 585 3053 Et
614 2990 690 3071 quia
717 2989 908 3072 gravissime
940 2989 1076 3073 peccavi
1107 2995 1140 3052 et
1163 2988 1267 3052 erravi
1291 2995 1440 3072 patenter
1463 2988 1495 3050 in
1518 2986 1605 3052 invio

275 3100 308 3159 et
330 3114 394 3159 non
417 3095 450 3158 in
474 3096 537 3177 via,
570 3095 717 3180 supplico
749 3101 856 3159 vestre
889 3095 1136 3160 clementissime
1170 3093 1295 3178 pietati,
1330 3093 1478 3174 quatinus
1509 3091 1604 3157 micbi

274 3201 412 3267 maximo
437 3202 600 3285 peccatori
624 3200 800 3285 dignemini
831 3219 965 3285 parcere
992 3199 1168 3267 secundum
1197 3199 1433 3264 multitudinem
1455 3219 1604 3282 magnam

273 3307 492 3374 misericordie
524 3306 576 3374 dei
610 3309 686 3383 vivi,
723 3313 757 3372 ut
790 3327 927 3373 renuens
960 3327 1000 3374 ex
1035 3308 1109 3372 totis
1133 3306 1311 3373 visceribus
1341 3305 1465 3371 deleam
1497 3312 1529 3370 et
1552 3304 1605 3370 ad·

273 3414 423 3479 nichilem
447 3414 633 3499 supradicta
657 3414 698 3478 de
721 3413 871 3480 cordibus
905 3415 1044 3478 omnium
1068 3412 1209 3478 fidelium
1235 3419 1267 3477 et
1291 3432 1348 3478 ora
1371 3411 1518 3478 claudam
1542 3432 1606 3477 om-

274 3521 360 3585 nium
385 3520 668 3605 [obloquentium]b
702 3519 744 3586 de
767 3529 875 3586 vestra
903 3520 1106 3586 serenissima
1134 3521 1316 3603 sanctitate,
1349 3527 1385 3584 ut
1413 3520 1444 3584 in
1470 3519 1607 3585 ecclesia

274 3627 316 3693 de
348 3633 456 3693 cetero
488 3628 530 3692 sit
563 3647 644 3692 unus
667 3633 777 3712 pastor
800 3632 833 3693 et
857 3647 952 3692 unum
977 3628 1060 3692 ovile
1082 3648 1140 3712 pro
1164 3647 1247 3712 pace
1270 3627 1368 3692 totius
1391 3627 1501 3712 populi
1525 3627 1604 3691 cbri-

273 3735 379 3800 stiani.
427 3734 502 3799 Dat.

381 3839 532 3907 Secundo
565 3838 690 3923 dicitur,
725 3840 810 3924 quod
843 3840 975 3908 recedet
998 3840 1042 3924 de,
1063 3841 1281 3927 appellatione
1310 3863 1379 3908 sna.
1425 3842 1519 3908 Certe
1546 3861 1606 3907 nec

274 3947 443 4014 emendam
476 3946 616 4031 aliquam
648 3969 707 4033 per
735 3947 795 4014 bec
825 3949 930 4030 offert,
965 3969 1036 4014 cum
1060 3969 1120 4016 nec
1143 3970 1201 4015 sue
1233 3950 1453 4035 appellationi,
1489 3949 1606 4032 siqua

274 4057 379 4138 fuerit,
403 4056 591 4120 renunciare
614 4055 674 4121 nisi
699 4054 741 4121 de
764 4055 851 4122 lacto
868 4058 1001 4139 valeret,
1026 4076 1097 4122 cum
1122 4057 1163 4121 de
1186 4058 1255 4123 iure
1278 4078 1341 4123 non
1364 4056 1501 4122 tenuerit
1518 4055 1606 4122 velut

273 4163 314 4227 ab
338 4162 481 4228 heretico
506 4162 675 4228 interiecta
698 4167 730 4228 et
753 4163 795 4228 ab
819 4183 869 4246 eo,
898 4184 919 4229 a
942 4183 1005 4247 quo
1029 4184 1091 4229 non
1115 4165 1200 4240 licet,
1226 4185 1297 4230 cum
1322 4166 1517 4250 superiorem
1540 4183 1606 4230 non

273 4269 403 4353 babeat,
428 4269 601 4354 appellare.

380 4377 491 4441 Tertio
515 4376 656 4461 offertur,
689 4377 775 4461 quod
805 4381 922 4460 omnia,
957 4399 1019 4462 que
1051 4380 1131 4445 iecit
1166 4399 1221 4446 seu
1255 4381 1461 4466 attemptavit
1493 4387 1610 4447 contra

272 4503 331 4548 nos
355 4487 388 4549 et
411 4490 556 4550 sanctam
580 4484 756 4551 Romanam
781 4487 961 4572 ecclesiam,
986 4507 1058 4552 cnm
1082 4487 1198 4553 effectu
1224 4487 1343 4554 debeat
1367 4508 1527 4556 revocare.
1564 4489 1602 4552 ln

273 4589 334 4656 hoc
358 4591 456 4657 etiam
485 4592 572 4657 clare
594 4599 695 4678 patet,
725 4593 812 4678 quod
835 4593 971 4661 emenda
994 4595 1102 4678 aliqua
1129 4617 1191 4662 non
1216 4596 1358 4663 offertur.
1405 4596 1609 4666 Gentianus

380 4827 411 4895 a)
431 4825 553 4882 dicessit
570 4824 605 4884 ia
624 4841 686 4900 rep.
836 4828 867 4896 b)
888 4828 973 4886 deest
992 4827 1026 4885 ia
1045 4845 1106 4906 rep.
