3642 5509
301 407 355 463 562
866 409 937 464 1339
955 406 1030 464 Junl
1052 407 1093 463 17.

302 596 424 673 garete,
442 590 534 655 unius
551 588 678 672 quidem
696 589 736 654 de
752 588 902 655 undecim
920 589 1046 656 milibus
1065 577 1242 674 virginibus
1259 594 1291 656 et
1307 588 1491 656 martiribus
1507 587 1640 654 Gelonie

303 719 360 783 pro
387 679 506 763 Christi
535 698 663 763 nomine
691 697 766 762 olim
794 698 898 783 passis
926 696 1079 780 reliquias
1106 698 1198 764 nobis
1226 685 1292 763 'una
1325 718 1396 764 cum
1430 698 1494 762 tuis
1526 694 1641 761 litteris

303 804 482 870 destinasti.
528 805 597 872 Nos
628 806 817 888 igitur...
843 805 995 888 reliquias
1027 813 1210 870 reverenter
1244 805 1422 891 recepimus
1455 811 1488 870 et
1520 802 1640 867 bonore

302 932 444 996 congruo
460 913 681 998 prosequimur
697 910 878 979 antedictas
896 961 903 978 .
923 963 955 977 ..
996 912 1117 979 Rursus
1141 912 1182 978 de
1205 919 1261 978 tua
1284 913 1388 978 salute
1411 911 1529 978 soliciti
1552 909 1640 975 illam

302 1020 429 1106 plenam
457 1019 703 1104 indulgentiam,
734 1041 829 1103 quam
857 1018 951 1086 sedes
979 1021 1157 1106 apostolica
1185 1021 1314 1104 elargiri
1339 1019 1466 1086 devotis
1497 1015 1640 1104 personis

302 1126 495 1211 quandoque
534 1129 709 1204 consuevit,
749 1127 808 1193 tibi
848 1127 1064 1194 concessimus
1102 1136 1135 1194 et
1174 1128 1237 1194 tuis
1276 1128 1373 1193 etiam
1416 1124 1639 1212 peticionibus,

303 1242 455 1317 quantum
479 1254 551 1301 cum
573 1234 634 1301 deo
650 1235 723 1301 fieri
739 1236 854 1321 potuit,
878 1234 1037 1320 duximus,
1061 1237 1145 1302 sieut
1168 1236 1201 1301 in
1218 1236 1333 1302 btteris
1356 1234 1541 1320 apostolicis
1564 1231 1641 1298 inde

303 1343 460 1408 confectis
483 1344 665 1409 continetur
692 1343 827 1428 plenius,
855 1343 1068 1409 annuendum.
1116 1343 1265 1410 Ceterum
1290 1363 1361 1411 cum
1392 1342 1529 1408 dilectus
1552 1339 1641 1406 filins

302 1449 418 1516 nobilis
452 1451 501 1516 rir
530 1451 689 1518 Henricus
718 1450 820 1534 miles,
854 1450 908 1534 qui
936 1449 1029 1517 nobis
1059 1471 1116 1536 pro
1145 1457 1238 1536 parte
1267 1457 1322 1516 tua
1351 1449 1455 1516 dictas
1488 1446 1641 1530 reliquias

302 1560 511 1643 presentavit,
536 1566 569 1625 te
591 1558 654 1626 sibi
677 1580 825 1626 manasse
848 1560 1020 1626 asseruerit
1049 1580 1156 1625 coram
1186 1560 1289 1643 nobis,
1322 1558 1408 1642 qnod
1438 1557 1642 1642 omnipotens

303 1664 450 1732 dominus
472 1667 595 1732 meritis
625 1666 766 1733 eiusdem
796 1667 930 1752 virginis
958 1673 991 1732 et
1021 1667 1160 1734 martiris
1190 1667 1291 1732 mults
1316 1667 1440 1732 fecerat
1463 1672 1495 1730 te
1518 1665 1642 1730 sciente

302 1774 457 1839 miracula
480 1781 578 1857 tuque
601 1774 756 1857 quasdam
781 1774 922 1841 visiones
938 1773 1075 1841 devotas
1099 1782 1132 1841 et
1154 1774 1339 1841 reficientes
1358 1775 1497 1840 animam
1513 1769 1643 1836 videras

303 1887 435 1965 propter
458 1900 539 1963 eam,
564 1881 840 1948 exhortationibus
863 1881 981 1948 nostris
1004 1879 1172 1965 adicimus,
1200 1890 1235 1947 ut
1258 1901 1316 1948 nos
1339 1902 1398 1967 per
1421 1887 1492 1947 tuas
1516 1878 1642 1944 litteras

302 1987 539 2072 particulariter
562 1996 594 2054 et
617 1990 736 2055 seriose
760 1990 911 2055 certiores
936 1988 977 2053 de
1001 1988 1063 2054 hiis
1087 1988 1233 2055 omnibus
1256 1989 1401 2072 efficere,
1426 2009 1520 2072 quam
1546 1986 1643 2052 citius

303 2093 468 2162 commode
491 2097 622 2181 poteris,
652 2116 715 2162 non
738 2102 923 2182 postponas.
971 2097 1045 2162 Dat.
1071 2097 1166 2162 Avin.
1192 2097 1241 2162 III
1264 2096 1337 2162 idus
1360 2096 1439 2161 iunii
1464 2117 1492 2162 a.
1517 2093 1642 2178 quinto.

463 2220 535 2289 Rep.
554 2223 609 2274 134
626 2220 651 2289 f.
672 2221 720 2273 561
738 2235 786 2274 nr.
806 2220 881 2288 207;
898 2221 951 2275 Ra.
971 2220 1057 2275 2039.

408 2427 531 2494 ascl.
558 2430 643 2493 1339
669 2430 756 2495 Jum·
774 2432 826 2495 17.
856 2427 1022 2517 Aaipnon.

410 2553 605 2620 Benedictus
628 2555 695 2620 XII
718 2554 962 2641 archiepiscopo
986 2556 1166 2622 Coloniensi
1195 2555 1353 2638 concedit,
1384 2557 1411 2623 si
1440 2556 1539 2640 aliqui
1568 2577 1642 2622 een-

304 2663 386 2728 suris
402 2661 631 2729 ecelesiasticis
647 2661 730 2728 adeo
745 2662 891 2746 involuti,
908 2669 944 2728 ut
961 2664 1042 2746 loca,
1066 2665 1099 2728 in
1116 2663 1231 2746 quibus
1250 2670 1413 2729 morantur
1429 2663 1480 2730 vel
1497 2683 1553 2749 per
1577 2683 1642 2746 que

304 2776 480 2851 transeunt,
513 2770 701 2835 subiaceant
738 2769 920 2854 interdicte,
954 2769 997 2836 ad
1030 2772 1194 2836 civitatem
1224 2771 1455 2854 Colonieusem,
1489 2769 1641 2837 devotam

304 2879 414 2959 utique
438 2876 574 2942 ecclesie
586 2876 730 2942 Romane
753 2877 867 2960 filiam,
892 2877 1036 2960 aliasque
1061 2885 1164 2942 terras
1188 2884 1220 2942 et
1243 2877 1315 2942 loca
1339 2876 1584 2963 archiepiscopo
1607 2885 1642 2942 et

305 2985 441 3050 ecclesie
458 2983 640 3050 Coloniensi
664 2985 811 3050 subiecta
834 2984 997 3050 declinant
1021 3005 1060 3051 ac
1084 2984 1198 3052 diebus
1222 2985 1381 3068 aliquibus
1405 2991 1642 3050 commorantur

304 3091 407 3157 ineis
431 3096 463 3155 et
487 3111 506 3154 a
529 3091 688 3156 nonnullis
712 3092 852 3157 civitatis
875 3099 1031 3156 terrarum
1055 3099 1088 3157 et
1111 3092 1252 3157 locorum
1276 3090 1495 3175 predictorum
1525 3091 1642 3158 incolis

305 3205 434 3283 propter
457 3199 522 3263 vim
546 3198 596 3263 vel
621 3204 749 3280 metum,
774 3199 828 3280 qui
851 3205 984 3283 possunt
1008 3200 1038 3262 in
1063 3205 1247 3264 constantes
1270 3197 1398 3281 cadere,
1422 3205 1641 3283 receptantur,

306 3310 521 3389 propterque
545 3307 709 3372 civitatem
733 3312 765 3370 et
789 3307 861 3370 loca
876 3307 948 3391 ipsa
971 3307 1029 3371 sub
1054 3307 1167 3371 codem
1191 3305 1362 3372 interdicto
1378 3325 1544 3372 remanere
1568 3326 1641 3372 con-

305 3413 410 3495 tingit,
435 3413 621 3478 facultatem
645 3412 812 3478 relaxandi
836 3411 1016 3478 huiusmodi
1040 3413 1256 3495 interdictum,
1280 3414 1379 3480 semel
1395 3419 1529 3497 tantum,
1553 3419 1640 3498 post-

306 3538 400 3600 quam
424 3520 506 3585 tales
529 3520 662 3585 involuti
687 3520 828 3585 censuris
852 3519 971 3585 abinde
995 3522 1195 3586 recesserint.

413 3625 603 3692 Constantia
626 3625 807 3692 devotionis
840 3635 872 3692 et
905 3627 1062 3693 fidei...
1111 3629 1185 3692 Dat.
1213 3629 1308 3694 Avin.
1333 3628 1395 3693 XV
1427 3628 1474 3693 kl.
1506 3627 1574 3693 iulii
1608 3649 1640 3694 a.

306 3734 426 3817 quinto.

466 3822 539 3892 Ray.
559 3821 616 3876 127
633 3839 682 3877 nr.
699 3825 770 3889 3785
792 3824 843 3878 aa.
861 3824 946 3879 2042.

409 4029 539 4097 2362.
566 4034 653 4097 1339
676 4034 763 4100 Jurci
786 4034 840 4097 20.
865 4031 1031 4120 deipnos.

415 4155 612 4222 Benedictus
624 4157 690 4223 XII
714 4157 824 4223 abbati
848 4159 1033 4225 monasterii
1052 4159 1264 4226 Eberacensis
1289 4157 1531 4243 Herbipolensis
1554 4156 1638 4223 dioc.

306 4263 449 4341 mandat,
474 4265 623 4346 quatinus
639 4265 779 4331 Henrieo
803 4264 844 4330 de
860 4264 1018 4331 Wichede
1041 4267 1159 4333 clerieo
1175 4265 1375 4332 Coloniensis
1399 4264 1494 4346 dioc,
1519 4265 1638 4331 sicum

307 4391 377 4437 csse
412 4370 456 4436 ad
491 4371 554 4436 hoc
587 4370 749 4455 ydoneum
784 4374 954 4458 repererit,
993 4373 1163 4458 provideat
1197 4373 1238 4439 de
1274 4375 1465 4440 canonicatu
1501 4372 1638 4438 ecclesie

307 4477 340 4544 S.
356 4478 497 4545 Servatii
513 4479 730 4546 Traiectensis
746 4479 848 4546 Leod.
865 4480 950 4546 dioc.
967 4481 1061 4563 eique
1084 4487 1227 4548 reservet
1250 4483 1283 4547 in
1299 4480 1413 4548 eadem
1429 4478 1638 4565 prebendam.

414 4587 556 4670 Dignum
589 4588 782 4653 arbitramur
814 4595 847 4653 et
879 4608 1064 4674 congruum.
1112 4591 1188 4657 Dat.
1218 4590 1313 4656 Avin.
1344 4589 1410 4654 XII
1439 4587 1484 4654 kl.
1516 4587 1583 4652 iulii
1607 4608 1636 4652 a.

308 4695 427 4777 quinto.

468 4801 541 4873 ch.
562 4802 617 4857 127
636 4803 662 4872 f.
681 4801 740 4856 329
757 4818 806 4856 ar.
826 4805 894 4867 749,·
915 4804 966 4859 Rs.
985 4805 1068 4859 2044.
