3642 5509
794 453 863 514 1327
882 456 946 514 Jull
967 453 1009 512 lb.
1531 453 1565 514 bl

232 656 323 702 neam
348 658 419 704 esse
441 639 609 724 repereris,
634 638 738 705 eidem
756 639 891 704 ecclesie
905 688 913 703 .
929 687 936 704 .
951 687 959 703 .
976 637 1107 704 studeas
1123 638 1315 723 providere.
1331 689 1336 700 .
1353 687 1360 703 .
1378 647 1566 722 recepturus

233 745 273 810 ab
296 746 410 812 eadem
435 747 559 812 Marta.
575 755 726 812 ..nostro
750 752 784 811 et
807 746 942 811 ecclesie
966 745 1112 812 Romane
1135 747 1261 811 nomine
1285 745 1449 811 fidelitatis
1472 746 1566 810 solite

231 853 441 920 iuramentum
465 854 524 919 sub
549 854 662 936 forma,
688 874 782 936 quam
799 854 858 918 sub
876 852 963 919 bulla
979 861 1088 919 nostra
1105 854 1164 919 tibi
1180 855 1333 919 mittimus
1349 854 1564 918 interclusam.

233 959 380 1025 Formam
411 968 518 1027 autem
547 963 727 1043 iuramenti,
764 960 848 1044 quod
876 963 949 1045 ipsa
972 962 1078 1026 Marta
1101 961 1270 1046 prestabit,
1303 961 1395 1026 nobis
1418 980 1475 1046 per
1498 963 1567 1026 eius

233 1071 379 1150 patentes
403 1068 527 1134 litteras
550 1089 608 1135 suo
632 1069 739 1152 sigilio
763 1069 909 1151 signatas
933 1089 992 1152 per
1015 1070 1177 1153 proprium
1202 1070 1350 1140 nuncium
1375 1067 1567 1150 quamcitius

233 1171 394 1240 destinare
429 1195 591 1260 procures.
637 1175 701 1241 Per
734 1175 796 1240 hoc
828 1185 935 1239 autem
972 1181 1088 1240 statum
1123 1174 1298 1256 abbatisse,
1334 1194 1396 1257 que
1427 1183 1476 1240 est
1507 1195 1566 1260 pro

232 1286 385 1364 tempore,
410 1287 472 1346 et.
497 1331 505 1346 .
529 1332 536 1347 .
560 1281 693 1367 capituli
718 1281 806 1346 dicte
834 1282 971 1347 ecclesie
995 1283 1027 1346 in
1052 1282 1258 1348 Gerinscbem
1282 1302 1345 1346 non
1375 1281 1568 1348 intendimus

232 1388 422 1472 approbare.
469 1389 544 1455 Dat.
569 1389 664 1454 Asin.
681 1387 767 1453 idus
790 1388 859 1453 iulii
883 1410 914 1454 a.
931 1387 1110 1453 undecimo.

381 1519 453 1589 qu.
472 1521 511 1574 84
528 1519 552 1590 f.
572 1519 636 1574 1921
653 1534 700 1572 nr.
721 1518 806 1574 2506.

338 1821 464 1889 1228.
495 1821 757 1889 1327Joli15.
785 1818 952 1907 Aoipnon.

336 1964 496 2031 Iohannes
522 1964 622 2030 XXII
657 1962 846 2028 Baldowino
876 1961 1121 2048 archiepiscopo
1145 1963 1278 2029 Trever.
1301 1965 1443 2048 nunciat,
1479 1964 1567 2049 quod

232 2073 294 2138 sibi
326 2073 436 2138 retulit
468 2073 626 2137 Henricus
659 2070 701 2136 de
734 2070 854 2136 luliaco
887 2068 964 2135 viva
993 2089 1074 2135 voce
1102 2071 1203 2136 multa
1231 2069 1272 2137 dc
1302 2072 1371 2138 eius
1394 2071 1567 2138 devotione

233 2199 310 2264 erga
332 2178 442 2246 sedern
466 2177 688 2264 apostolicam,
722 2175 922 2259 eundemque
951 2176 1107 2260 bortatur,
1141 2179 1290 2261 quatinus
1312 2197 1481 2262 processus
1504 2181 1567 2265 pri·

232 2284 304 2350 dem
329 2292 441 2351 contra
463 2283 663 2350 Ludovicum
688 2282 729 2348 de
753 2283 894 2349 Bavaria
918 2283 1045 2349 habitos
1069 2284 1154 2350 clero
1178 2291 1212 2349 et
1235 2284 1364 2370 populo,
1397 2287 1566 2370 presertim

232 2391 365 2458 decanis
393 2392 528 2476 singulis
552 2391 833 2473 christianitatem,
867 2391 1075 2456 ecclesiarum
1100 2392 1347 2477 parrochialium
1371 2412 1410 2458 ao
1434 2392 1566 2459 vasallis

232 2500 296 2564 suis
320 2506 353 2565 et
377 2499 514 2565 ecclesie
538 2497 744 2564 Trevercnsis
767 2497 801 2562 in
823 2497 891 2562 suis
915 2498 1048 2562 civitate
1072 2496 1194 2563 diocesi
1216 2504 1249 2563 et
1271 2499 1439 2584 provincia
1461 2499 1565 2565 solen-

233 2607 314 2671 niter
337 2607 368 2670 in
393 2605 518 2690 vulgari
542 2605 699 2691 publicari
723 2604 834 2681 iaciat,
859 2602 1015 2670 adversus
1039 2610 1292 2688 transgressores
1315 2604 1471 2672 dictorum
1495 2626 1565 2691 pro·

233 2731 387 2796 cessuum,
411 2714 438 2778 si
463 2711 516 2795 qui
540 2711 676 2778 forsitan
699 2711 828 2793 fuerint,
853 2730 1072 2796 processurus.

338 2819 432 2886 Licet
455 2821 581 2885 sincera
604 2825 658 2886 tue
761 2819 836 2883 Dat.
861 2819 957 2884 Asin.
981 2817 1055 2885 idus
1077 2820 1145 2885 iulii
1170 2840 1199 2885 a.
1225 2818 1420 2886 undecimo.-

393 2945 465 3014 Rep.
485 2946 539 2998 114
555 2942 580 3013 f.
600 2941 649 2998 52‘
666 2959 716 2999 nr.
735 2941 803 2998 920.

338 3231 463 3298 1229.
494 3235 578 3298 1327
604 3232 681 3300 Jali
705 3235 757 3299 15.
782 3230 949 3319 Aoiqoon.

340 3374 497 3440 lohannes
525 3375 623 3440 XXII
660 3374 804 3441 Gerardo
838 3375 947 3441 comiti
981 3376 1150 3441 iuliacensi
1182 3397 1221 3442 ac
1245 3375 1417 3442 Wilbelmo
1446 3383 1478 3442 ct
1502 3375 1565 3444 Go-

232 3481 316 3548 irido
352 3483 421 3547 eius
457 3483 539 3546 natis
574 3481 688 3547 scribit
722 3502 757 3548 se
792 3482 833 3549 ab
858 3483 998 3548 Hemico
1031 3482 1072 3549 de
1096 3483 1218 3549 luliaco
1248 3503 1320 3551 esse
1348 3483 1469 3550 factum
1500 3502 1566 3549 cer·

232 3591 343 3656 tiorem
368 3587 409 3654 de
433 3608 539 3653 eorum
558 3587 730 3655 deuotione
754 3607 832 3672 erga
855 3587 964 3654 sedem
988 3590 1197 3674 apostolicam
1221 3609 1340 3674 eosque
1367 3589 1566 3674 exhortatur,

232 3697 382 3779 quatinus
404 3696 436 3760 in
461 3694 574 3760 eadem
599 3693 769 3761 devotione
792 3695 979 3780 persistant.

338 3803 471 3868 Sincere
493 3801 568 3867 lidei
592 3814 625 3868 et
649 3801 830 3870 devotionis
848 3852 856 3868 .
875 3851 909 3868 ..
935 3804 1010 3868 Dat.
1035 3810 1070 3868 ut
1092 3824 1190 3888 supra
1214 3803 1264 3888 [=
1281 3802 1376 3869 Arin.
1401 3801 1473 3870 idus
1495 3803 1565 3869 iulii

232 3933 260 3976 a
286 3909 481 3995 undecimo].

393 4035 466 4104 Ray.
486 4037 540 4088 114
556 4034 581 4105 f.
600 4038 639 4090 53
658 4051 704 4091 nr.
723 4035 787 4092 921.

338 4341 464 4409 laco.
497 4343 760 4412 1327Juli15.
790 4342 957 4430 asyma.

340 4486 462 4552 lobann
485 4487 585 4552 XXII
614 4485 732 4553 Adolfo
756 4487 865 4554 comiti
894 4486 936 4552 de
960 4487 1069 4553 Monte
1099 4488 1211 4553 scribit
1234 4507 1270 4554 se
1292 4488 1334 4553 ab
1359 4487 1499 4555 Henrico
1522 4487 1564 4555 de

233 4593 353 4658 luliaco
376 4592 500 4659 decano
520 4593 784 4661 Halberstadensi
808 4613 879 4660 esse
902 4594 1023 4660 factum
1048 4596 1215 4660 certiorem
1239 4593 1280 4658 de
1301 4596 1370 4660 eius
1393 4593 1565 4662 devotione

230 4720 310 4784 erga
332 4699 441 4766 sedem
466 4701 676 4785 apostolicam
699 4721 836 4784 eumque
861 4702 1016 4784 bortatur,
1047 4709 1082 4766 ut
1105 4703 1138 4766 in
1162 4701 1274 4768 eadem
1299 4701 1471 4770 devotione
1494 4723 1564 4788 per-

230 4813 365 4874 severet
413 4807 529 4874 Addit:
557 4807 725 4888 ,Ceterum
750 4807 835 4891 quod
861 4859 869 4874 .
898 4857 906 4874 .
933 4858 941 4874 .
966 4807 1211 4894 archiepiscopo
1235 4808 1433 4893 coloniensi,
1466 4815 1501 4874 ut
1523 4831 1565 4876 ex
