3642 5509
760 451 829 510 1828
848 451 911 512 Juli
928 450 972 510 21.

317 686 434 755 1517.
466 689 553 754 1328
577 689 654 756 Juli
674 691 728 754 21.
753 687 918 777 Avipoou.

318 831 489 918 [Iohannes
516 833 627 920 XXII]
663 833 774 901 abbati
806 835 991 902 monasterii
1025 835 1227 921 sibergensis
1260 834 1328 901 ord.
1362 836 1395 902 S.
1423 836 1543 903 Bened.

212 940 322 1007 Oolon.
339 940 424 1008 dioc.

318 1048 522 1135 Significavit
553 1049 646 1117 nobis
678 1049 873 1116 venerabilis
905 1050 1007 1116 irater
1040 1057 1150 1116 noster
1182 1050 1342 1116 Iohannes
1375 1051 1545 1136 episcopus

211 1157 410 1244 Scopicnoia,
444 1156 530 1242 quod
561 1159 644 1224 bone
668 1159 820 1224 memorie
843 1156 1004 1225 Iohannes
1028 1159 1199 1244 opiscopus
1222 1159 1408 1243 ScopiensIs
1431 1157 1544 1244 prede·

211 1283 319 1332 casser
351 1285 426 1332 suus
460 1273 581 1332 curtem
606 1266 639 1332 S.
657 1265 776 1332 Ciriaci
801 1265 910 1332 Goion.
948 1266 1030 1335 dioc.
1061 1265 1256 1333 monasterio
1280 1273 1336 1332 tuo
1359 1265 1545 1332 immediate

211 1373 399 1459 subiectam,
433 1393 495 1457 que
518 1375 594 1439 olim
619 1374 775 1458 regularis
799 1375 960 1459 prioratus
984 1372 1125 1459 caltitlit,
1159 1373 1234 1439 dum
1259 1374 1351 1456 vixit,
1375 1393 1433 1459 pro
1457 1379 1545 1439 certa

210 1480 348 1547 obtinuit
379 1501 485 1548 annua
518 1482 682 1567 pensione,
715 1480 866 1564 quodque
898 1481 1002 1547 nullus
1034 1480 1209 1547 monachus
1237 1480 1271 1547 in
1301 1487 1389 1547 curte
1416 1480 1545 1566 prelata

210 1588 291 1654 lecit
313 1610 333 1654 a
357 1588 461 1672 longis
485 1589 654 1655 retroactis
685 1588 882 1674 temporibus
915 1588 1121 1654 residentiam
1154 1589 1366 1674 personalem,
1402 1595 1435 1654 et
1459 1587 1544 1671 quod

210 1693 295 1761 idem
318 1695 479 1764 Iohannes
512 1697 682 1783 episcopus
713 1696 805 1762 iuxta
838 1702 941 1763 status
972 1697 1021 1762 sui
1054 1697 1246 1783 pontificalis
1275 1696 1457 1764 decentiam
1481 1717 1544 1762 non

209 1801 318 1886 habet,
342 1804 428 1869 unde
452 1803 561 1870 valeat
583 1805 765 1872 sustentari.
812 1804 920 1883 Quare
943 1802 1048 1871 dictus
1072 1803 1244 1890 episcopus
1267 1805 1359 1871 nobis
1382 1804 1545 1869 humiliter

209 1911 415 1998 supplicavit,
439 1918 474 1978 ut
497 1913 557 1978 sibi
581 1911 701 1978 dictam
727 1918 847 1978 curtem
871 1909 1059 1995 concedere,
1084 1919 1179 1996 prout
1200 1911 1308 1978 dictus
1333 1911 1544 1997 predecessor

210 2038 295 2101 suus,
321 2024 356 2083 ut
378 2017 565 2105 predicitur,
589 2019 704 2102 tonuit,
718 2069 726 2085 .
741 2069 748 2085 .
763 2068 770 2084 .
785 2018 1000 2104 dignaremur.
1033 2018 1117 2098 Quia
1140 2039 1216 2085 vcro
1240 2018 1281 2085 de
1304 2019 1467 2104 premissis
1490 2038 1544 2084 no

209 2125 318 2192 tIciam
351 2147 415 2192 non
450 2126 614 2210 habemus,
652 2126 837 2194 discretioni
869 2132 925 2193 tue
943 2176 950 2193 .
969 2178 976 2192 .
996 2177 1003 2193 .
1021 2126 1221 2209 mandamus,
1245 2128 1408 2209 quatinus,
1443 2126 1470 2193 si
1494 2131 1544 2191 cst

208 2232 266 2316 ita,
300 2231 419 2322 dictam
450 2243 571 2300 curtem
602 2234 729 2320 prolato
753 2233 889 2301 Iohanni
919 2234 1071 2320 episcopo
1099 2235 1159 2300 sub
1182 2233 1238 2299 illa
1261 2253 1367 2300 annua
1390 2234 1543 2320 pensione

212 2340 460 2410 ...concedas
507 2341 582 2407 Dat.
607 2343 700 2407 AvIn.
725 2341 791 2407 XII
815 2341 860 2408 kl.
885 2342 1013 2425 augusti
1037 2363 1067 2407 a.
1092 2339 1293 2411 duodecimo.

358 2464 431 2535 Rep.
450 2468 489 2520 88
512 2464 536 2534 f.
557 2463 621 2520 106¹
639 2480 687 2520 nr.
707 2465 792 2520 8274.

318 2743 433 2811 1518.
457 2748 545 2812 1328
567 2747 645 2814 Jott
666 2749 720 2814 21.
745 2745 911 2835 Aoipnoo.

320 2889 480 2957 Iohannes
508 2890 608 2956 XXII
643 2891 814 2958 'Pilmanno
851 2891 892 2958 de
927 2893 1022 2959 Unna
1058 2894 1214 2959 canonIco
1249 2892 1329 2959 eccl.
1365 2890 1544 2957 Bunnensis

209 2995 320 3063 Goion.
346 2995 430 3064 dioc.
453 3005 598 3064 reservat
631 3000 664 3064 in
693 2999 805 3065 eadem
839 2999 919 3066 eccl.
948 2998 1140 3083 dignitatem
1164 3000 1216 3065 vcl
1249 3005 1453 3084 personatum
1486 3018 1543 3065 seu

209 3103 351 3170 officium
375 3104 426 3170 vel
454 3104 672 3172 obedientiam
702 3107 771 3174 sine
795 3126 883 3189 cura,
917 3128 980 3173 non
1004 3107 1153 3173 obstante
1177 3104 1263 3191 quod
1285 3107 1318 3171 in
1343 3104 1432 3171 dicta
1456 3107 1542 3171 Bun-

208 3211 299 3278 ncnsi
323 3232 363 3278 ac
385 3212 580 3279 Esscndensi
609 3220 642 3279 et
669 3215 701 3278 in
725 3214 931 3300 Dcytlrirgen
959 3214 1046 3280 dicte
1075 3213 1159 3279 dioc.
1185 3215 1393 3280 canonicatus
1417 3220 1450 3278 et
1472 3233 1542 3298 pre-

208 3318 332 3386 bendas
364 3341 404 3386 ac
436 3321 469 3385 in
493 3321 551 3387 SS.
569 3321 797 3407 Apostolorum
821 3321 1004 3389 Coloniensi
1037 3322 1117 3388 cccl.
1147 3320 1371 3388 canonicatum
1403 3320 1462 3386 sub
1491 3340 1543 3386 ex·

208 3429 394 3511 pectationc
425 3428 589 3514 prebende
621 3450 746 3496 necnon
779 3431 948 3496 ecclesiam
981 3431 1014 3496 in
1043 3429 1257 3514 Leiclrlingcn
1285 3426 1427 3495 ciusdem
1457 3428 1540 3495 dioc.

207 3532 343 3600 obtinet.
390 3535 512 3601 Tamen
536 3537 648 3619 vigore
680 3535 774 3603 huius
806 3537 911 3621 gratie
944 3536 1134 3620 dIgnitatem
1163 3535 1213 3601 vel
1247 3543 1452 3622 personatum
1484 3554 1540 3601 scu

207 3639 349 3707 officium
382 3649 439 3708 aut
470 3642 686 3709 obedientiam
720 3650 894 3728 assecutus,
931 3643 1073 3710 dimittat
1101 3643 1280 3730 predictam
1310 3643 1481 3710 ecclesiam
1509 3643 1542 3708 in

208 3745 431 3834 Lcichlingcn.

315 3855 460 3941 Extgunt
483 3862 537 3923 tue
561 3859 676 3924 merita
690 3907 697 3924 .
712 3907 742 3924 ..
772 3859 847 3925 Dat.
864 3858 961 3924 Avin.
978 3859 1045 3924 XII
1060 3859 1106 3925 lrl.
1124 3860 1254 3944 augusti
1271 3881 1300 3927 a.
1318 3857 1518 3926 duodecimo.

316 3963 352 4028 In
376 3982 403 4029 e.
421 3985 461 4029 m.
496 3964 607 4031 abbati
631 3967 817 4033 monasterii
840 3967 1022 4033 Tuiciensis
1052 3967 1163 4033 Colon.
1188 3966 1273 4033 dioc.
1298 3972 1330 4032 et
1353 3965 1477 4032 decano
1506 3965 1540 4031 S.

205 4067 339 4154 Georgii
365 4070 477 4136 Colon.
501 4092 541 4138 ac
564 4072 682 4139 Busolo
707 4072 748 4139 de
771 4073 889 4141 Parma
914 4074 1069 4141 canonico
1094 4074 1309 4141 Tomacensis
1333 4073 1411 4140 eccl.
1437 4072 1543 4158 capel-

204 4175 281 4242 lano
306 4179 426 4263 papali.

369 4285 442 4355 Rep.
460 4287 498 4339 88
514 4285 540 4355 f.
557 4287 596 4342 68
613 4302 661 4341 nr.
681 4289 766 4343 8188.

311 4568 426 4636 1519.
467 4573 555 4636 1328
578 4571 655 4638 Jula'
678 4573 732 4638 21.
768 4569 934 4660 Aoipuou.

312 4711 473 4780 Iohannes
500 4713 600 4780 XXII
636 4713 793 4781 Gobelino
826 4721 903 4782 nato
933 4714 1083 4783 Gobelini
1116 4715 1195 4783 dicti
1222 4717 1383 4785 Mortinan
1416 4719 1541 4786 confert

203 4817 285 4885 cccl.
302 4819 336 4886 S.
353 4819 525 4889 Kuniberti
541 4819 651 4890 colon.
677 4823 911 4908 canonicatum,
935 4823 1132 4910 prebendam
1156 4845 1233 4894 vero
1257 4823 1363 4894 eidem
1385 4830 1539 4898 reservat.
