<?xml version="1.0" encoding="UTF-8"?>
<!DOCTYPE html PUBLIC "-//W3C//DTD XHTML 1.0 Transitional//EN"
    "http://www.w3.org/TR/xhtml1/DTD/xhtml1-transitional.dtd">
<html xmlns="http://www.w3.org/1999/xhtml" xml:lang="en" lang="en">
 <head>
  <title>
</title>
<meta http-equiv="Content-Type" content="text/html;charset=utf-8" />
  <meta name='ocr-system' content='tesseract 3.04.00' />
  <meta name='ocr-capabilities' content='ocr_page ocr_carea ocr_par ocr_line ocrx_word'/>
</head>
<body>
  <div class='ocr_page' id='page_1' title='image "./urkundenundrege00thimgoog_0195.png"; bbox 0 0 3642 5509; ppageno 0'>
   <div class='ocr_carea' id='block_1_1' title="bbox 230 435 1023 495">
    <p class='ocr_par' dir='ltr' id='par_1_1' title="bbox 230 435 1023 495">
     <span class='ocr_line' id='line_1_1' title="bbox 230 435 1023 495; baseline 0 -1"><span class='ocrx_word' id='word_1_1' title='bbox 230 435 283 495; x_wconf 82' lang='lat' dir='ltr'>lca</span> <span class='ocrx_word' id='word_1_2' title='bbox 810 438 879 494; x_wconf 78' lang='lat'>1328</span> <span class='ocrx_word' id='word_1_3' title='bbox 897 436 961 495; x_wconf 78' lang='lat' dir='ltr'>tuli</span> <span class='ocrx_word' id='word_1_4' title='bbox 980 436 1023 494; x_wconf 78' lang='lat'>15.</span> 
     </span>
    </p>
   </div>
   <div class='ocr_carea' id='block_1_2' title="bbox 229 618 1567 1873">
    <p class='ocr_par' dir='ltr' id='par_1_2' title="bbox 229 618 1567 1873">
     <span class='ocr_line' id='line_1_2' title="bbox 230 618 1565 707; baseline -0.001 -20"><span class='ocrx_word' id='word_1_5' title='bbox 230 620 353 687; x_wconf 89' lang='lat' dir='ltr'>monuit</span> <span class='ocrx_word' id='word_1_6' title='bbox 369 626 401 687; x_wconf 90' lang='lat' dir='ltr'>et</span> <span class='ocrx_word' id='word_1_7' title='bbox 417 618 584 686; x_wconf 88' lang='lat' dir='ltr'>mandavit</span> <span class='ocrx_word' id='word_1_8' title='bbox 608 618 724 705; x_wconf 92' lang='lat' dir='ltr'>eidem,</span> <span class='ocrx_word' id='word_1_9' title='bbox 748 627 783 686; x_wconf 94' lang='lat' dir='ltr'>ut</span> <span class='ocrx_word' id='word_1_10' title='bbox 800 620 930 707; x_wconf 82' lang='lat' dir='ltr'>prefato</span> <span class='ocrx_word' id='word_1_11' title='bbox 954 618 1063 688; x_wconf 91' lang='lat' dir='ltr'>comiti</span> <span class='ocrx_word' id='word_1_12' title='bbox 1086 620 1145 687; x_wconf 90' lang='lat' dir='ltr'>sub</span> <span class='ocrx_word' id='word_1_13' title='bbox 1170 624 1259 686; x_wconf 90' lang='lat' dir='ltr'>certa</span> <span class='ocrx_word' id='word_1_14' title='bbox 1282 620 1436 706; x_wconf 82' lang='lat' dir='ltr'>pensione</span> <span class='ocrx_word' id='word_1_15' title='bbox 1459 640 1565 686; x_wconf 85' lang='lat' dir='ltr'>annua</span> 
     </span>
     <span class='ocr_line' id='line_1_3' title="bbox 229 726 1565 815; baseline 0 -21"><span class='ocrx_word' id='word_1_16' title='bbox 229 731 264 795; x_wconf 91' lang='lat' dir='ltr'>in</span> <span class='ocrx_word' id='word_1_17' title='bbox 292 728 421 795; x_wconf 85' lang='lat' dir='ltr'>lendum</span> <span class='ocrx_word' id='word_1_18' title='bbox 451 728 645 795; x_wconf 80' lang='lat' dir='ltr'>concederet</span> <span class='ocrx_word' id='word_1_19' title='bbox 675 728 818 795; x_wconf 88' lang='lat' dir='ltr'>decimas</span> <span class='ocrx_word' id='word_1_20' title='bbox 842 727 1034 813; x_wconf 79' lang='lat' dir='ltr'>antedictae,</span> <span class='ocrx_word' id='word_1_21' title='bbox 1068 734 1162 815; x_wconf 88' lang='lat' dir='ltr'>prout</span> <span class='ocrx_word' id='word_1_22' title='bbox 1184 729 1218 794; x_wconf 92' lang='lat' dir='ltr'>in</span> <span class='ocrx_word' id='word_1_23' title='bbox 1241 726 1342 795; x_wconf 88' lang='lat' dir='ltr'>dictis·</span> <span class='ocrx_word' id='word_1_24' title='bbox 1360 727 1477 795; x_wconf 89' lang='lat' dir='ltr'>litteris</span> <span class='ocrx_word' id='word_1_25' title='bbox 1500 728 1565 814; x_wconf 89' lang='lat' dir='ltr'>ple·</span> 
     </span>
     <span class='ocr_line' id='line_1_4' title="bbox 230 835 1564 923; baseline -0.001 -21"><span class='ocrx_word' id='word_1_26' title='bbox 230 838 302 905; x_wconf 91' lang='lat' dir='ltr'>nius</span> <span class='ocrx_word' id='word_1_27' title='bbox 326 837 518 903; x_wconf 85' lang='lat' dir='ltr'>continetur.</span> <span class='ocrx_word' id='word_1_28' title='bbox 566 836 645 903; x_wconf 82' lang='lat' dir='ltr'>Cum</span> <span class='ocrx_word' id='word_1_29' title='bbox 669 836 779 922; x_wconf 90' lang='lat' dir='ltr'>igitur,</span> <span class='ocrx_word' id='word_1_30' title='bbox 808 838 893 903; x_wconf 88' lang='lat' dir='ltr'>sicut</span> <span class='ocrx_word' id='word_1_31' title='bbox 922 836 1069 923; x_wconf 86' lang='lat' dir='ltr'>prefatus</span> <span class='ocrx_word' id='word_1_32' title='bbox 1091 835 1281 923; x_wconf 82' lang='lat' dir='ltr'>Raynaldus</span> <span class='ocrx_word' id='word_1_33' title='bbox 1311 836 1564 919; x_wconf 70' lang='lat' dir='ltr'>commeassent,</span> 
     </span>
     <span class='ocr_line' id='line_1_5' title="bbox 231 942 1565 1031; baseline -0.002 -20"><span class='ocrx_word' id='word_1_34' title='bbox 231 943 476 1031; x_wconf 80' lang='lat' dir='ltr'>predecessores</span> <span class='ocrx_word' id='word_1_35' title='bbox 500 945 549 1009; x_wconf 92' lang='lat' dir='ltr'>sui</span> <span class='ocrx_word' id='word_1_36' title='bbox 573 946 706 1012; x_wconf 81' lang='lat' dir='ltr'>comites</span> <span class='ocrx_word' id='word_1_37' title='bbox 723 944 895 1011; x_wconf 84' lang='lat' dir='ltr'>Gelrenses</span> <span class='ocrx_word' id='word_1_38' title='bbox 911 993 919 1009; x_wconf 89' lang='lat'><strong>.</strong></span> <span class='ocrx_word' id='word_1_39' title='bbox 936 993 965 1010; x_wconf 92' lang='lat'>..</span> <span class='ocrx_word' id='word_1_40' title='bbox 984 944 1024 1010; x_wconf 90' lang='lat' dir='ltr'>ab</span> <span class='ocrx_word' id='word_1_41' title='bbox 1049 945 1180 1027; x_wconf 89' lang='lat' dir='ltr'>antiquo</span> <span class='ocrx_word' id='word_1_42' title='bbox 1204 943 1309 1009; x_wconf 89' lang='lat' dir='ltr'>dictas</span> <span class='ocrx_word' id='word_1_43' title='bbox 1331 942 1473 1010; x_wconf 87' lang='lat' dir='ltr'>decimas</span> <span class='ocrx_word' id='word_1_44' title='bbox 1496 963 1565 1028; x_wconf 92' lang='lat' dir='ltr'>pcr-</span> 
     </span>
     <span class='ocr_line' id='line_1_6' title="bbox 232 1049 1564 1138; baseline -0.002 -20"><span class='ocrx_word' id='word_1_45' title='bbox 232 1053 376 1138; x_wconf 88' lang='lat' dir='ltr'>ccperint</span> <span class='ocrx_word' id='word_1_46' title='bbox 392 1057 425 1118; x_wconf 90' lang='lat' dir='ltr'>et</span> <span class='ocrx_word' id='word_1_47' title='bbox 446 1050 533 1117; x_wconf 91' lang='lat' dir='ltr'>idem</span> <span class='ocrx_word' id='word_1_48' title='bbox 548 1050 738 1138; x_wconf 83' lang='lat' dir='ltr'>Raynaldus</span> <span class='ocrx_word' id='word_1_49' title='bbox 762 1072 869 1119; x_wconf 87' lang='lat' dir='ltr'>comcs</span> <span class='ocrx_word' id='word_1_50' title='bbox 892 1052 1000 1118; x_wconf 90' lang='lat' dir='ltr'>adhuc</span> <span class='ocrx_word' id='word_1_51' title='bbox 1024 1050 1154 1117; x_wconf 90' lang='lat' dir='ltr'>easdem</span> <span class='ocrx_word' id='word_1_52' title='bbox 1178 1049 1345 1137; x_wconf 88' lang='lat' dir='ltr'>percipere</span> <span class='ocrx_word' id='word_1_53' title='bbox 1368 1051 1564 1134; x_wconf 88' lang='lat' dir='ltr'>dinoscatur,</span> 
     </span>
     <span class='ocr_line' id='line_1_7' title="bbox 232 1158 1565 1245; baseline -0.002 -20"><span class='ocrx_word' id='word_1_54' title='bbox 232 1161 324 1226; x_wconf 90' lang='lat' dir='ltr'>nobis</span> <span class='ocrx_word' id='word_1_55' title='bbox 347 1159 509 1225; x_wconf 90' lang='lat' dir='ltr'>humiliter·</span> <span class='ocrx_word' id='word_1_56' title='bbox 531 1160 736 1245; x_wconf 86' lang='lat' dir='ltr'>supplicavit,</span> <span class='ocrx_word' id='word_1_57' title='bbox 766 1166 801 1225; x_wconf 91' lang='lat' dir='ltr'>ut</span> <span class='ocrx_word' id='word_1_58' title='bbox 823 1159 928 1245; x_wconf 91' lang='lat' dir='ltr'>ipsum</span> <span class='ocrx_word' id='word_1_59' title='bbox 952 1158 1158 1243; x_wconf 87' lang='lat' dir='ltr'>dignaremur</span> <span class='ocrx_word' id='word_1_60' title='bbox 1180 1178 1336 1243; x_wconf 85' lang='lat' dir='ltr'>generose</span> <span class='ocrx_word' id='word_1_61' title='bbox 1358 1158 1509 1245; x_wconf 86' lang='lat' dir='ltr'>prosequi</span> <span class='ocrx_word' id='word_1_62' title='bbox 1531 1158 1565 1223; x_wconf 93' lang='lat' dir='ltr'>in</span> 
     </span>
     <span class='ocr_line' id='line_1_8' title="bbox 232 1264 1565 1354; baseline 0 -23"><span class='ocrx_word' id='word_1_63' title='bbox 232 1266 295 1333; x_wconf 87' lang='lat' dir='ltr'>hac</span> <span class='ocrx_word' id='word_1_64' title='bbox 318 1274 420 1353; x_wconf 85' lang='lat' dir='ltr'>parte.</span> <span class='ocrx_word' id='word_1_65' title='bbox 467 1267 535 1334; x_wconf 90' lang='lat' dir='ltr'>Nos</span> <span class='ocrx_word' id='word_1_66' title='bbox 564 1269 662 1352; x_wconf 86' lang='lat' dir='ltr'>igitur</span> <span class='ocrx_word' id='word_1_67' title='bbox 690 1276 823 1354; x_wconf 92' lang='lat' dir='ltr'>propter</span> <span class='ocrx_word' id='word_1_68' title='bbox 852 1266 1057 1333; x_wconf 90' lang='lat' dir='ltr'>devotionem</span> <span class='ocrx_word' id='word_1_69' title='bbox 1086 1267 1236 1332; x_wconf 83' lang='lat' dir='ltr'>eximiam</span> <span class='ocrx_word' id='word_1_70' title='bbox 1260 1271 1292 1332; x_wconf 91' lang='lat' dir='ltr'>et</span> <span class='ocrx_word' id='word_1_71' title='bbox 1316 1287 1464 1350; x_wconf 86' lang='lat' dir='ltr'>magnam</span> <span class='ocrx_word' id='word_1_72' title='bbox 1490 1264 1565 1332; x_wconf 89' lang='lat' dir='ltr'>fidei</span> 
     </span>
     <span class='ocr_line' id='line_1_9' title="bbox 232 1372 1567 1461; baseline -0.001 -21"><span class='ocrx_word' id='word_1_73' title='bbox 232 1376 414 1461; x_wconf 87' lang='lat' dir='ltr'>puritatem,</span> <span class='ocrx_word' id='word_1_74' title='bbox 448 1394 543 1459; x_wconf 90' lang='lat' dir='ltr'>qnam</span> <span class='ocrx_word' id='word_1_75' title='bbox 567 1375 653 1441; x_wconf 90' lang='lat' dir='ltr'>idem</span> <span class='ocrx_word' id='word_1_76' title='bbox 676 1374 866 1461; x_wconf 84' lang='lat' dir='ltr'>Raynaldus</span> <span class='ocrx_word' id='word_1_77' title='bbox 889 1374 932 1440; x_wconf 87' lang='lat' dir='ltr'>ad</span> <span class='ocrx_word' id='word_1_78' title='bbox 956 1395 1014 1441; x_wconf 88' lang='lat' dir='ltr'>nos</span> <span class='ocrx_word' id='word_1_79' title='bbox 1043 1381 1076 1441; x_wconf 92' lang='lat' dir='ltr'>et</span> <span class='ocrx_word' id='word_1_80' title='bbox 1104 1373 1240 1441; x_wconf 88' lang='lat' dir='ltr'>eandem</span> <span class='ocrx_word' id='word_1_81' title='bbox 1263 1374 1441 1440; x_wconf 83' lang='lat' dir='ltr'>Romanam</span> <span class='ocrx_word' id='word_1_82' title='bbox 1466 1372 1567 1440; x_wconf 90' lang='lat' dir='ltr'>eccle·</span> 
     </span>
     <span class='ocr_line' id='line_1_10' title="bbox 233 1481 1566 1567; baseline -0.002 -19"><span class='ocrx_word' id='word_1_83' title='bbox 233 1484 313 1548; x_wconf 89' lang='lat' dir='ltr'>siam</span> <span class='ocrx_word' id='word_1_84' title='bbox 338 1481 457 1549; x_wconf 89' lang='lat' dir='ltr'>habere</span> <span class='ocrx_word' id='word_1_85' title='bbox 480 1481 666 1567; x_wconf 85' lang='lat' dir='ltr'>dinoscitur,</span> <span class='ocrx_word' id='word_1_86' title='bbox 685 1534 691 1547; x_wconf 92' lang='lat'>.</span> <span class='ocrx_word' id='word_1_87' title='bbox 708 1534 715 1548; x_wconf 94' lang='lat'>.</span> <span class='ocrx_word' id='word_1_88' title='bbox 731 1533 738 1548; x_wconf 94' lang='lat'><em>.</em></span> <span class='ocrx_word' id='word_1_89' title='bbox 755 1482 992 1549; x_wconf 83' lang='lat' dir='ltr'>fraternitatem</span> <span class='ocrx_word' id='word_1_90' title='bbox 1009 1488 1096 1548; x_wconf 90' lang='lat' dir='ltr'>tuam</span> <span class='ocrx_word' id='word_1_91' title='bbox 1114 1531 1121 1547; x_wconf 92' lang='lat'><strong>.</strong></span> <span class='ocrx_word' id='word_1_92' title='bbox 1136 1532 1144 1547; x_wconf 89' lang='lat'><strong><em>.</em></strong></span> <span class='ocrx_word' id='word_1_93' title='bbox 1159 1531 1166 1547; x_wconf 93' lang='lat'><strong>.</strong></span> <span class='ocrx_word' id='word_1_94' title='bbox 1184 1502 1333 1567; x_wconf 83' lang='lat' dir='ltr'>rogamus</span> <span class='ocrx_word' id='word_1_95' title='bbox 1349 1488 1381 1548; x_wconf 90' lang='lat' dir='ltr'>et</span> <span class='ocrx_word' id='word_1_96' title='bbox 1401 1499 1566 1547; x_wconf 89' lang='lat' dir='ltr'>monemus</span> 
     </span>
     <span class='ocr_line' id='line_1_11' title="bbox 306 1588 1566 1676; baseline 0.002 -23.892"><span class='ocrx_word' id='word_1_97' title='bbox 306 1590 361 1655; x_wconf 89' lang='lat' dir='ltr'>tibi</span> <span class='ocrx_word' id='word_1_98' title='bbox 380 1637 387 1652; x_wconf 92' lang='lat'><strong>.</strong></span> <span class='ocrx_word' id='word_1_99' title='bbox 403 1638 432 1655; x_wconf 92' lang='lat'>..</span> <span class='ocrx_word' id='word_1_100' title='bbox 454 1591 654 1675; x_wconf 84' lang='lat' dir='ltr'>mandantes,</span> <span class='ocrx_word' id='word_1_101' title='bbox 685 1593 834 1674; x_wconf 87' lang='lat' dir='ltr'>quatinus</span> <span class='ocrx_word' id='word_1_102' title='bbox 861 1589 967 1657; x_wconf 88' lang='lat' dir='ltr'>eidem</span> <span class='ocrx_word' id='word_1_103' title='bbox 991 1590 1160 1676; x_wconf 86' lang='lat' dir='ltr'>Reynaldo</span> <span class='ocrx_word' id='word_1_104' title='bbox 1184 1590 1217 1655; x_wconf 90' lang='lat' dir='ltr'>in</span> <span class='ocrx_word' id='word_1_105' title='bbox 1240 1588 1370 1656; x_wconf 86' lang='lat' dir='ltr'>leudam</span> <span class='ocrx_word' id='word_1_106' title='bbox 1393 1589 1452 1655; x_wconf 90' lang='lat' dir='ltr'>snb</span> <span class='ocrx_word' id='word_1_107' title='bbox 1477 1594 1566 1655; x_wconf 89' lang='lat' dir='ltr'>certa</span> 
     </span>
     <span class='ocr_line' id='line_1_12' title="bbox 232 1696 1566 1783; baseline 0.001 -20"><span class='ocrx_word' id='word_1_108' title='bbox 232 1698 387 1783; x_wconf 89' lang='lat' dir='ltr'>pensione</span> <span class='ocrx_word' id='word_1_109' title='bbox 410 1697 571 1765; x_wconf 86' lang='lat' dir='ltr'>concedas</span> <span class='ocrx_word' id='word_1_110' title='bbox 594 1698 737 1765; x_wconf 89' lang='lat' dir='ltr'>decimas</span> <span class='ocrx_word' id='word_1_111' title='bbox 760 1697 975 1783; x_wconf 80' lang='lat' dir='ltr'>supradictas.</span> <span class='ocrx_word' id='word_1_112' title='bbox 1022 1699 1098 1764; x_wconf 86' lang='lat' dir='ltr'>Dat.</span> <span class='ocrx_word' id='word_1_113' title='bbox 1127 1696 1220 1764; x_wconf 82' lang='lat' dir='ltr'>Asin.</span> <span class='ocrx_word' id='word_1_114' title='bbox 1245 1696 1318 1764; x_wconf 90' lang='lat' dir='ltr'>idus</span> <span class='ocrx_word' id='word_1_115' title='bbox 1341 1697 1409 1763; x_wconf 92' lang='lat' dir='ltr'>iulii</span> <span class='ocrx_word' id='word_1_116' title='bbox 1432 1718 1462 1763; x_wconf 89' lang='lat' dir='ltr'>a.</span> <span class='ocrx_word' id='word_1_117' title='bbox 1491 1696 1566 1764; x_wconf 84' lang='lat' dir='ltr'>duo</span> 
     </span>
     <span class='ocr_line' id='line_1_13' title="bbox 234 1804 370 1873; baseline 0.022 -3"><span class='ocrx_word' id='word_1_118' title='bbox 234 1804 370 1873; x_wconf 73' lang='lat' dir='ltr'>decimo·</span> 
     </span>
    </p>
   </div>
   <div class='ocr_carea' id='block_1_3' title="bbox 394 1940 820 2013">
    <p class='ocr_par' dir='ltr' id='par_1_3' title="bbox 394 1940 820 2013">
     <span class='ocr_line' id='line_1_14' title="bbox 394 1940 820 2013; baseline -0.002 -16"><span class='ocrx_word' id='word_1_119' title='bbox 394 1942 467 2013; x_wconf 76' lang='lat' dir='ltr'>ch.</span> <span class='ocrx_word' id='word_1_120' title='bbox 485 1944 523 1998; x_wconf 83' lang='grc'>87</span> <span class='ocrx_word' id='word_1_121' title='bbox 540 1941 565 2012; x_wconf 82' lang='lat' dir='ltr'>f.</span> <span class='ocrx_word' id='word_1_122' title='bbox 585 1940 648 1997; x_wconf 76' lang='lat'><strong><em>110‘</em></strong></span> <span class='ocrx_word' id='word_1_123' title='bbox 666 1957 715 1995; x_wconf 77' lang='lat' dir='ltr'>nr.</span> <span class='ocrx_word' id='word_1_124' title='bbox 734 1940 820 1996; x_wconf 81' lang='lat'><em>2318.</em></span> 
     </span>
    </p>
   </div>
   <div class='ocr_carea' id='block_1_4' title="bbox 339 2206 935 2293">
    <p class='ocr_par' dir='ltr' id='par_1_4' title="bbox 339 2206 935 2293">
     <span class='ocr_line' id='line_1_15' title="bbox 339 2206 935 2293; baseline 0 -22"><span class='ocrx_word' id='word_1_125' title='bbox 339 2206 447 2272; x_wconf 78' lang='lat'>1511.</span> <span class='ocrx_word' id='word_1_126' title='bbox 479 2207 739 2273; x_wconf 74' lang='grc'><strong>1318101115.</strong></span> <span class='ocrx_word' id='word_1_127' title='bbox 770 2206 935 2293; x_wconf 80' lang='lat' dir='ltr'>Aciprrou.</span> 
     </span>
    </p>
   </div>
   <div class='ocr_carea' id='block_1_5' title="bbox 234 2365 1569 3957">
    <p class='ocr_par' dir='ltr' id='par_1_5' title="bbox 234 2365 1569 3616">
     <span class='ocr_line' id='line_1_16' title="bbox 341 2365 1568 2453; baseline 0.002 -21"><span class='ocrx_word' id='word_1_128' title='bbox 341 2366 501 2434; x_wconf 89' lang='lat' dir='ltr'>lohannes</span> <span class='ocrx_word' id='word_1_129' title='bbox 524 2368 623 2433; x_wconf 89' lang='lat' dir='ltr'>XXII</span> <span class='ocrx_word' id='word_1_130' title='bbox 652 2368 833 2435; x_wconf 82' lang='lat' dir='ltr'>Coloniensi</span> <span class='ocrx_word' id='word_1_131' title='bbox 857 2367 1101 2453; x_wconf 89' lang='lat' dir='ltr'>archiepiscopo</span> <span class='ocrx_word' id='word_1_132' title='bbox 1125 2365 1268 2448; x_wconf 88' lang='lat' dir='ltr'>mandat,</span> <span class='ocrx_word' id='word_1_133' title='bbox 1293 2368 1443 2447; x_wconf 84' lang='lat' dir='ltr'>quatinus</span> <span class='ocrx_word' id='word_1_134' title='bbox 1467 2367 1568 2435; x_wconf 77' lang='lat' dir='ltr'>Gere-</span> 
     </span>
     <span class='ocr_line' id='line_1_17' title="bbox 235 2474 1569 2564; baseline 0.001 -24"><span class='ocrx_word' id='word_1_135' title='bbox 235 2474 372 2541; x_wconf 87' lang='lat' dir='ltr'>hardum</span> <span class='ocrx_word' id='word_1_136' title='bbox 395 2476 437 2543; x_wconf 90' lang='lat' dir='ltr'>dc</span> <span class='ocrx_word' id='word_1_137' title='bbox 461 2477 635 2543; x_wconf 88' lang='lat' dir='ltr'>Bartveldc</span> <span class='ocrx_word' id='word_1_138' title='bbox 667 2477 801 2543; x_wconf 79' lang='lat' dir='ltr'>fratrem</span> <span class='ocrx_word' id='word_1_139' title='bbox 834 2477 1004 2564; x_wconf 84' lang='lat' dir='ltr'>hospitalis</span> <span class='ocrx_word' id='word_1_140' title='bbox 1027 2475 1059 2543; x_wconf 88' lang='lat' dir='ltr'>S.</span> <span class='ocrx_word' id='word_1_141' title='bbox 1086 2475 1237 2542; x_wconf 88' lang='lat' dir='ltr'>Iohannis</span> <span class='ocrx_word' id='word_1_142' title='bbox 1260 2475 1506 2542; x_wconf 89' lang='lat' dir='ltr'>lerosolimitani</span> <span class='ocrx_word' id='word_1_143' title='bbox 1536 2482 1569 2542; x_wconf 90' lang='lat' dir='ltr'>et</span> 
     </span>
     <span class='ocr_line' id='line_1_18' title="bbox 236 2582 1569 2669; baseline 0 -20"><span class='ocrx_word' id='word_1_144' title='bbox 236 2591 457 2669; x_wconf 89' lang='lat' dir='ltr'>preceptorem</span> <span class='ocrx_word' id='word_1_145' title='bbox 490 2583 655 2651; x_wconf 88' lang='lat' dir='ltr'>domorum</span> <span class='ocrx_word' id='word_1_146' title='bbox 689 2583 832 2652; x_wconf 89' lang='lat' dir='ltr'>eiusdem</span> <span class='ocrx_word' id='word_1_147' title='bbox 868 2586 900 2651; x_wconf 94' lang='lat' dir='ltr'>in</span> <span class='ocrx_word' id='word_1_148' title='bbox 934 2584 1077 2651; x_wconf 83' lang='lat' dir='ltr'>Saxonis</span> <span class='ocrx_word' id='word_1_149' title='bbox 1108 2582 1253 2649; x_wconf 89' lang='lat' dir='ltr'>Marchia</span> <span class='ocrx_word' id='word_1_150' title='bbox 1287 2590 1320 2649; x_wconf 90' lang='lat' dir='ltr'>ct</span> <span class='ocrx_word' id='word_1_151' title='bbox 1352 2583 1464 2651; x_wconf 87' lang='lat' dir='ltr'>Slavia</span> <span class='ocrx_word' id='word_1_152' title='bbox 1497 2604 1569 2650; x_wconf 92' lang='lat' dir='ltr'>con·</span> 
     </span>
     <span class='ocr_line' id='line_1_19' title="bbox 236 2691 1568 2777; baseline 0.001 -21"><span class='ocrx_word' id='word_1_153' title='bbox 236 2692 415 2757; x_wconf 89' lang='lat' dir='ltr'>sistentium</span> <span class='ocrx_word' id='word_1_154' title='bbox 438 2712 496 2777; x_wconf 91' lang='lat' dir='ltr'>per</span> <span class='ocrx_word' id='word_1_155' title='bbox 521 2711 672 2758; x_wconf 88' lang='lat' dir='ltr'>censuras</span> <span class='ocrx_word' id='word_1_156' title='bbox 695 2693 932 2759; x_wconf 89' lang='lat' dir='ltr'>ecclesiasticas</span> <span class='ocrx_word' id='word_1_157' title='bbox 960 2693 1132 2777; x_wconf 90' lang='lat' dir='ltr'>compellat</span> <span class='ocrx_word' id='word_1_158' title='bbox 1159 2691 1202 2758; x_wconf 90' lang='lat' dir='ltr'>ad</span> <span class='ocrx_word' id='word_1_159' title='bbox 1230 2691 1418 2759; x_wconf 87' lang='lat' dir='ltr'>solvendum</span> <span class='ocrx_word' id='word_1_160' title='bbox 1442 2711 1568 2758; x_wconf 89' lang='lat' dir='ltr'>camere</span> 
     </span>
     <span class='ocr_line' id='line_1_20' title="bbox 237 2798 1567 2884; baseline 0.001 -21"><span class='ocrx_word' id='word_1_161' title='bbox 237 2799 414 2883; x_wconf 89' lang='lat' dir='ltr'>apostolice</span> <span class='ocrx_word' id='word_1_162' title='bbox 448 2819 602 2865; x_wconf 91' lang='lat' dir='ltr'>summam</span> <span class='ocrx_word' id='word_1_163' title='bbox 635 2806 867 2883; x_wconf 89' lang='lat' dir='ltr'>nongentarum</span> <span class='ocrx_word' id='word_1_164' title='bbox 901 2799 1136 2884; x_wconf 89' lang='lat' dir='ltr'>quinquaginta</span> <span class='ocrx_word' id='word_1_165' title='bbox 1164 2800 1260 2865; x_wconf 89' lang='lat' dir='ltr'>trium</span> <span class='ocrx_word' id='word_1_166' title='bbox 1293 2798 1495 2866; x_wconf 90' lang='lat' dir='ltr'>marcharum</span> <span class='ocrx_word' id='word_1_167' title='bbox 1519 2820 1567 2864; x_wconf 89' lang='lat' dir='ltr'>ar·</span> 
     </span>
     <span class='ocr_line' id='line_1_21' title="bbox 235 2905 1568 2991; baseline -0.001 -20"><span class='ocrx_word' id='word_1_168' title='bbox 235 2907 335 2991; x_wconf 88' lang='lat' dir='ltr'>genti,</span> <span class='ocrx_word' id='word_1_169' title='bbox 360 2908 593 2991; x_wconf 84' lang='lat' dir='ltr'>quinquaginta</span> <span class='ocrx_word' id='word_1_170' title='bbox 616 2905 740 2973; x_wconf 89' lang='lat' dir='ltr'>duobus</span> <span class='ocrx_word' id='word_1_171' title='bbox 763 2906 986 2973; x_wconf 89' lang='lat' dir='ltr'>turonensibus</span> <span class='ocrx_word' id='word_1_172' title='bbox 1011 2907 1131 2991; x_wconf 88' lang='lat' dir='ltr'>grossis</span> <span class='ocrx_word' id='word_1_173' title='bbox 1157 2908 1371 2991; x_wconf 80' lang='lat' dir='ltr'>argentinum</span> <span class='ocrx_word' id='word_1_174' title='bbox 1392 2927 1411 2972; x_wconf 94' lang='lat' dir='ltr'>o</span> <span class='ocrx_word' id='word_1_175' title='bbox 1432 2905 1568 2973; x_wconf 90' lang='lat' dir='ltr'>rotundo</span> 
     </span>
     <span class='ocr_line' id='line_1_22' title="bbox 234 3012 1568 3099; baseline 0 -21"><span class='ocrx_word' id='word_1_176' title='bbox 234 3034 292 3099; x_wconf 89' lang='lat' dir='ltr'>pro</span> <span class='ocrx_word' id='word_1_177' title='bbox 316 3014 459 3080; x_wconf 89' lang='lat' dir='ltr'>marchia</span> <span class='ocrx_word' id='word_1_178' title='bbox 483 3013 627 3098; x_wconf 89' lang='lat' dir='ltr'>qualibet</span> <span class='ocrx_word' id='word_1_179' title='bbox 650 3014 853 3099; x_wconf 90' lang='lat' dir='ltr'>computatis,</span> <span class='ocrx_word' id='word_1_180' title='bbox 877 3016 1001 3080; x_wconf 83' lang='lat' dir='ltr'>ratione</span> <span class='ocrx_word' id='word_1_181' title='bbox 1025 3013 1165 3097; x_wconf 89' lang='lat' dir='ltr'>depositi</span> <span class='ocrx_word' id='word_1_182' title='bbox 1193 3014 1269 3080; x_wconf 93' lang='lat' dir='ltr'>olim</span> <span class='ocrx_word' id='word_1_183' title='bbox 1297 3034 1356 3099; x_wconf 91' lang='lat' dir='ltr'>per</span> <span class='ocrx_word' id='word_1_184' title='bbox 1367 3012 1568 3080; x_wconf 84' lang='lat' dir='ltr'>Manfredum</span> 
     </span>
     <span class='ocr_line' id='line_1_23' title="bbox 235 3118 1568 3207; baseline 0 -22"><span class='ocrx_word' id='word_1_185' title='bbox 235 3118 276 3185; x_wconf 90' lang='lat' dir='ltr'>dc</span> <span class='ocrx_word' id='word_1_186' title='bbox 291 3120 454 3187; x_wconf 88' lang='lat' dir='ltr'>Montileis</span> <span class='ocrx_word' id='word_1_187' title='bbox 477 3122 655 3207; x_wconf 88' lang='lat' dir='ltr'>apostolice</span> <span class='ocrx_word' id='word_1_188' title='bbox 678 3119 765 3187; x_wconf 91' lang='lat' dir='ltr'>sedis</span> <span class='ocrx_word' id='word_1_189' title='bbox 788 3122 939 3187; x_wconf 89' lang='lat' dir='ltr'>nuncium</span> <span class='ocrx_word' id='word_1_190' title='bbox 955 3119 996 3186; x_wconf 92' lang='lat' dir='ltr'>de</span> <span class='ocrx_word' id='word_1_191' title='bbox 1012 3122 1148 3205; x_wconf 89' lang='lat' dir='ltr'>pecunia</span> <span class='ocrx_word' id='word_1_192' title='bbox 1170 3120 1331 3187; x_wconf 80' lang='lat' dir='ltr'>fructuum</span> <span class='ocrx_word' id='word_1_193' title='bbox 1355 3120 1568 3188; x_wconf 86' lang='lat' dir='ltr'>beneficorum</span> 
     </span>
     <span class='ocr_line' id='line_1_24' title="bbox 234 3226 1568 3313; baseline 0.001 -21"><span class='ocrx_word' id='word_1_194' title='bbox 234 3229 416 3294; x_wconf 89' lang='lat' dir='ltr'>vacantium</span> <span class='ocrx_word' id='word_1_195' title='bbox 449 3248 550 3312; x_wconf 91' lang='lat' dir='ltr'>usque</span> <span class='ocrx_word' id='word_1_196' title='bbox 583 3227 626 3294; x_wconf 88' lang='lat' dir='ltr'>ad</span> <span class='ocrx_word' id='word_1_197' title='bbox 657 3229 828 3293; x_wconf 89' lang='lat' dir='ltr'>trienninm</span> <span class='ocrx_word' id='word_1_198' title='bbox 859 3230 893 3293; x_wconf 93' lang='lat' dir='ltr'>in</span> <span class='ocrx_word' id='word_1_199' title='bbox 918 3226 1039 3293; x_wconf 89' lang='lat' dir='ltr'>eisdem</span> <span class='ocrx_word' id='word_1_200' title='bbox 1071 3229 1217 3313; x_wconf 88' lang='lat' dir='ltr'>partibus</span> <span class='ocrx_word' id='word_1_201' title='bbox 1247 3231 1330 3294; x_wconf 88' lang='lat' dir='ltr'>sicut</span> <span class='ocrx_word' id='word_1_202' title='bbox 1353 3230 1386 3294; x_wconf 90' lang='lat' dir='ltr'>in</span> <span class='ocrx_word' id='word_1_203' title='bbox 1409 3227 1568 3293; x_wconf 89' lang='lat' dir='ltr'>nonnullis</span> 
     </span>
     <span class='ocr_line' id='line_1_25' title="bbox 234 3335 1568 3421; baseline -0.001 -20"><span class='ocrx_word' id='word_1_204' title='bbox 234 3336 306 3401; x_wconf 88' lang='lat' dir='ltr'>aliis</span> <span class='ocrx_word' id='word_1_205' title='bbox 338 3356 395 3421; x_wconf 90' lang='lat' dir='ltr'>per</span> <span class='ocrx_word' id='word_1_206' title='bbox 427 3357 545 3421; x_wconf 89' lang='lat' dir='ltr'>papam</span> <span class='ocrx_word' id='word_1_207' title='bbox 578 3342 810 3402; x_wconf 88' lang='lat' dir='ltr'>reservatornm</span> <span class='ocrx_word' id='word_1_208' title='bbox 843 3355 901 3421; x_wconf 92' lang='lat' dir='ltr'>pro</span> <span class='ocrx_word' id='word_1_209' title='bbox 935 3354 1061 3400; x_wconf 89' lang='lat' dir='ltr'>camere</span> <span class='ocrx_word' id='word_1_210' title='bbox 1090 3335 1266 3419; x_wconf 88' lang='lat' dir='ltr'>apostolice</span> <span class='ocrx_word' id='word_1_211' title='bbox 1295 3336 1445 3402; x_wconf 88' lang='lat' dir='ltr'>oneribus</span> <span class='ocrx_word' id='word_1_212' title='bbox 1469 3353 1568 3420; x_wconf 88' lang='lat' dir='ltr'>penes</span> 
     </span>
     <span class='ocr_line' id='line_1_26' title="bbox 234 3441 1567 3529; baseline -0.002 -20"><span class='ocrx_word' id='word_1_213' title='bbox 234 3443 393 3526; x_wconf 91' lang='lat' dir='ltr'>quondam</span> <span class='ocrx_word' id='word_1_214' title='bbox 421 3491 481 3509; x_wconf 89' lang='lat'>...</span> <span class='ocrx_word' id='word_1_215' title='bbox 507 3450 728 3529; x_wconf 89' lang='lat' dir='ltr'>preceptorem</span> <span class='ocrx_word' id='word_1_216' title='bbox 758 3441 923 3507; x_wconf 92' lang='lat' dir='ltr'>domorum</span> <span class='ocrx_word' id='word_1_217' title='bbox 947 3442 1089 3507; x_wconf 82' lang='lat' dir='ltr'>Saxonie</span> <span class='ocrx_word' id='word_1_218' title='bbox 1113 3442 1225 3509; x_wconf 87' lang='lat' dir='ltr'>Slavic</span> <span class='ocrx_word' id='word_1_219' title='bbox 1249 3443 1406 3528; x_wconf 82' lang='lat' dir='ltr'>Turingie</span> <span class='ocrx_word' id='word_1_220' title='bbox 1429 3443 1567 3510; x_wconf 84' lang='grc'><strong>011101-</strong></span> 
     </span>
     <span class='ocr_line' id='line_1_27' title="bbox 234 3549 421 3616; baseline -0.016 -1"><span class='ocrx_word' id='word_1_221' title='bbox 234 3549 307 3616; x_wconf 88' lang='lat' dir='ltr'>chie</span> <span class='ocrx_word' id='word_1_222' title='bbox 330 3550 421 3615; x_wconf 86' lang='lat' dir='ltr'>iacti.</span> 
     </span>
    </p>

    <p class='ocr_par' dir='ltr' id='par_1_6' title="bbox 234 3654 1568 3849">
     <span class='ocr_line' id='line_1_28' title="bbox 341 3654 1568 3742; baseline 0 -21"><span class='ocrx_word' id='word_1_223' title='bbox 341 3656 422 3721; x_wconf 81' lang='lat' dir='ltr'>Cum</span> <span class='ocrx_word' id='word_1_224' title='bbox 445 3655 583 3722; x_wconf 89' lang='lat' dir='ltr'>dilectus</span> <span class='ocrx_word' id='word_1_225' title='bbox 605 3655 688 3721; x_wconf 88' lang='lat' dir='ltr'>filius</span> <span class='ocrx_word' id='word_1_226' title='bbox 705 3705 713 3721; x_wconf 91' lang='lat'><strong>.</strong></span> <span class='ocrx_word' id='word_1_227' title='bbox 731 3705 764 3721; x_wconf 92' lang='lat'>..</span> <span class='ocrx_word' id='word_1_228' title='bbox 796 3657 871 3721; x_wconf 88' lang='lat' dir='ltr'>Dat.</span> <span class='ocrx_word' id='word_1_229' title='bbox 896 3663 932 3722; x_wconf 90' lang='lat' dir='ltr'>ut</span> <span class='ocrx_word' id='word_1_230' title='bbox 955 3676 1053 3742; x_wconf 89' lang='lat' dir='ltr'>supra</span> <span class='ocrx_word' id='word_1_231' title='bbox 1076 3655 1230 3740; x_wconf 85' lang='lat' dir='ltr'>[=Arin.</span> <span class='ocrx_word' id='word_1_232' title='bbox 1253 3654 1327 3721; x_wconf 88' lang='lat' dir='ltr'>idus</span> <span class='ocrx_word' id='word_1_233' title='bbox 1350 3655 1417 3721; x_wconf 92' lang='lat' dir='ltr'>iulii</span> <span class='ocrx_word' id='word_1_234' title='bbox 1440 3676 1469 3720; x_wconf 91' lang='lat' dir='ltr'>a.</span> <span class='ocrx_word' id='word_1_235' title='bbox 1491 3655 1568 3721; x_wconf 90' lang='lat' dir='ltr'>duo·</span> 
     </span>
     <span class='ocr_line' id='line_1_29' title="bbox 234 3761 386 3849; baseline 0.013 -22"><span class='ocrx_word' id='word_1_236' title='bbox 234 3761 386 3849; x_wconf 91' lang='lat' dir='ltr'>decimo].</span> 
     </span>
    </p>

    <p class='ocr_par' dir='ltr' id='par_1_7' title="bbox 393 3885 1275 3957">
     <span class='ocr_line' id='line_1_30' title="bbox 393 3885 1275 3957; baseline -0.001 -14"><span class='ocrx_word' id='word_1_237' title='bbox 393 3888 466 3957; x_wconf 76' lang='lat' dir='ltr'>Ray.</span> <span class='ocrx_word' id='word_1_238' title='bbox 485 3889 539 3941; x_wconf 79' lang='grc'>114</span> <span class='ocrx_word' id='word_1_239' title='bbox 557 3902 602 3956; x_wconf 85' lang='lat' dir='ltr'>pc.</span> <span class='ocrx_word' id='word_1_240' title='bbox 620 3887 657 3940; x_wconf 89' lang='lat' dir='ltr'>II</span> <span class='ocrx_word' id='word_1_241' title='bbox 688 3888 854 3957; x_wconf 57' lang='grc'><strong>1118801.</strong></span> <span class='ocrx_word' id='word_1_242' title='bbox 874 3889 957 3944; x_wconf 82' lang='lat'><em>1660.</em></span> <span class='ocrx_word' id='word_1_243' title='bbox 978 3888 1106 3957; x_wconf 68' lang='lat' dir='ltr'>(Tamus</span> <span class='ocrx_word' id='word_1_244' title='bbox 1125 3885 1275 3957; x_wconf 83' lang='lat' dir='ltr'>mutilus.)</span> 
     </span>
    </p>
   </div>
   <div class='ocr_carea' id='block_1_6' title="bbox 339 4118 942 4208">
    <p class='ocr_par' dir='ltr' id='par_1_8' title="bbox 339 4118 942 4208">
     <span class='ocr_line' id='line_1_31' title="bbox 339 4118 942 4208; baseline -0.002 -21"><span class='ocrx_word' id='word_1_245' title='bbox 339 4119 455 4188; x_wconf 77' lang='lat'>1512.</span> <span class='ocrx_word' id='word_1_246' title='bbox 487 4122 574 4186; x_wconf 83' lang='lat'><em>1328</em></span> <span class='ocrx_word' id='word_1_247' title='bbox 597 4121 674 4187; x_wconf 77' lang='lat' dir='ltr'>Jata·</span> <span class='ocrx_word' id='word_1_248' title='bbox 698 4123 751 4185; x_wconf 85' lang='lat'>21.</span> <span class='ocrx_word' id='word_1_249' title='bbox 776 4118 942 4208; x_wconf 80' lang='lat' dir='ltr'>Acipuorr.</span> 
     </span>
    </p>
   </div>
   <div class='ocr_carea' id='block_1_7' title="bbox 231 4262 1569 4892">
    <p class='ocr_par' dir='ltr' id='par_1_9' title="bbox 231 4262 1569 4545">
     <span class='ocr_line' id='line_1_32' title="bbox 338 4262 1567 4351; baseline 0 -23"><span class='ocrx_word' id='word_1_250' title='bbox 338 4263 498 4329; x_wconf 89' lang='lat' dir='ltr'>Iohannes</span> <span class='ocrx_word' id='word_1_251' title='bbox 522 4263 624 4329; x_wconf 87' lang='lat' dir='ltr'>XXII</span> <span class='ocrx_word' id='word_1_252' title='bbox 656 4262 816 4329; x_wconf 90' lang='lat' dir='ltr'>Willelmc</span> <span class='ocrx_word' id='word_1_253' title='bbox 839 4263 881 4330; x_wconf 90' lang='lat' dir='ltr'>dc</span> <span class='ocrx_word' id='word_1_254' title='bbox 897 4264 1059 4331; x_wconf 89' lang='lat' dir='ltr'>Luchiner</span> <span class='ocrx_word' id='word_1_255' title='bbox 1082 4266 1238 4332; x_wconf 87' lang='lat' dir='ltr'>canonico</span> <span class='ocrx_word' id='word_1_256' title='bbox 1262 4263 1463 4351; x_wconf 90' lang='lat' dir='ltr'>prebendato</span> <span class='ocrx_word' id='word_1_257' title='bbox 1487 4263 1567 4331; x_wconf 87' lang='lat' dir='ltr'>eccl.</span> 
     </span>
     <span class='ocr_line' id='line_1_33' title="bbox 232 4370 1569 4458; baseline 0.001 -22"><span class='ocrx_word' id='word_1_258' title='bbox 232 4370 418 4438; x_wconf 90' lang='lat' dir='ltr'>Wcrdensis</span> <span class='ocrx_word' id='word_1_259' title='bbox 442 4371 551 4438; x_wconf 82' lang='lat' dir='ltr'>Colou.</span> <span class='ocrx_word' id='word_1_260' title='bbox 581 4370 666 4437; x_wconf 90' lang='lat' dir='ltr'>dioc.</span> <span class='ocrx_word' id='word_1_261' title='bbox 691 4377 835 4436; x_wconf 88' lang='lat' dir='ltr'>reservat</span> <span class='ocrx_word' id='word_1_262' title='bbox 863 4372 897 4437; x_wconf 91' lang='lat' dir='ltr'>in</span> <span class='ocrx_word' id='word_1_263' title='bbox 928 4370 1041 4437; x_wconf 85' lang='lat' dir='ltr'>eadem</span> <span class='ocrx_word' id='word_1_264' title='bbox 1066 4372 1146 4439; x_wconf 89' lang='lat' dir='ltr'>eccl.</span> <span class='ocrx_word' id='word_1_265' title='bbox 1171 4371 1362 4457; x_wconf 87' lang='lat' dir='ltr'>dignitatem</span> <span class='ocrx_word' id='word_1_266' title='bbox 1386 4372 1438 4439; x_wconf 84' lang='lat' dir='ltr'>vel</span> <span class='ocrx_word' id='word_1_267' title='bbox 1461 4391 1569 4458; x_wconf 88' lang='lat' dir='ltr'>perso·</span> 
     </span>
     <span class='ocr_line' id='line_1_34' title="bbox 231 4478 1063 4545; baseline -0.001 -1"><span class='ocrx_word' id='word_1_268' title='bbox 231 4485 342 4544; x_wconf 89' lang='lat' dir='ltr'>natum</span> <span class='ocrx_word' id='word_1_269' title='bbox 366 4497 422 4544; x_wconf 88' lang='lat' dir='ltr'>scu</span> <span class='ocrx_word' id='word_1_270' title='bbox 447 4478 586 4544; x_wconf 89' lang='lat' dir='ltr'>officium</span> <span class='ocrx_word' id='word_1_271' title='bbox 610 4499 681 4544; x_wconf 89' lang='lat' dir='ltr'>cum</span> <span class='ocrx_word' id='word_1_272' title='bbox 706 4498 783 4544; x_wconf 92' lang='lat' dir='ltr'>cnra</span> <span class='ocrx_word' id='word_1_273' title='bbox 806 4478 859 4545; x_wconf 88' lang='lat' dir='ltr'>vel</span> <span class='ocrx_word' id='word_1_274' title='bbox 881 4479 951 4544; x_wconf 92' lang='lat' dir='ltr'>sine</span> <span class='ocrx_word' id='word_1_275' title='bbox 975 4498 1063 4545; x_wconf 89' lang='lat' dir='ltr'>cura.</span> 
     </span>
    </p>

    <p class='ocr_par' dir='ltr' id='par_1_10' title="bbox 233 4584 1568 4760">
     <span class='ocr_line' id='line_1_35' title="bbox 338 4584 1568 4673; baseline 0 -22"><span class='ocrx_word' id='word_1_276' title='bbox 338 4586 503 4652; x_wconf 81' lang='lat' dir='ltr'>Attributa</span> <span class='ocrx_word' id='word_1_277' title='bbox 529 4585 589 4652; x_wconf 90' lang='lat' dir='ltr'>tibi</span> <span class='ocrx_word' id='word_1_278' title='bbox 616 4584 765 4651; x_wconf 90' lang='lat' dir='ltr'>merita.</span> <span class='ocrx_word' id='word_1_279' title='bbox 791 4634 831 4651; x_wconf 95' lang='grc'>..</span> <span class='ocrx_word' id='word_1_280' title='bbox 883 4586 959 4652; x_wconf 86' lang='lat' dir='ltr'>Dat.</span> <span class='ocrx_word' id='word_1_281' title='bbox 985 4585 1081 4655; x_wconf 88' lang='lat' dir='ltr'>Avin.</span> <span class='ocrx_word' id='word_1_282' title='bbox 1106 4586 1173 4652; x_wconf 82' lang='grc' dir='ltr'>ΧΗ</span> <span class='ocrx_word' id='word_1_283' title='bbox 1201 4586 1246 4652; x_wconf 83' lang='lat' dir='ltr'>kl.</span> <span class='ocrx_word' id='word_1_284' title='bbox 1278 4588 1407 4673; x_wconf 87' lang='lat' dir='ltr'>augusti</span> <span class='ocrx_word' id='word_1_285' title='bbox 1437 4608 1467 4653; x_wconf 92' lang='lat' dir='ltr'>a.</span> <span class='ocrx_word' id='word_1_286' title='bbox 1491 4585 1568 4651; x_wconf 92' lang='lat' dir='ltr'>duo·</span> 
     </span>
     <span class='ocr_line' id='line_1_36' title="bbox 233 4692 370 4760; baseline 0 -2"><span class='ocrx_word' id='word_1_287' title='bbox 233 4692 339 4760; x_wconf 90' lang='lat' dir='ltr'>decim</span> <span class='ocrx_word' id='word_1_288' title='bbox 362 4743 370 4758; x_wconf 91' lang='lat'><strong>.</strong></span> 
     </span>
    </p>

    <p class='ocr_par' dir='ltr' id='par_1_11' title="bbox 336 4713 1569 4892">
     <span class='ocr_line' id='line_1_37' title="bbox 336 4713 1569 4892; baseline 0 -24"><span class='ocrx_word' id='word_1_289' title='bbox 336 4713 431 4868; x_wconf 65' lang='lat' dir='ltr'>ine.</span> <span class='ocrx_word' id='word_1_290' title='bbox 452 4823 493 4867; x_wconf 92' lang='lat' dir='ltr'>m.</span> <span class='ocrx_word' id='word_1_291' title='bbox 516 4802 551 4869; x_wconf 85' lang='lat' dir='ltr'>S.</span> <span class='ocrx_word' id='word_1_292' title='bbox 576 4800 722 4869; x_wconf 78' lang='lat' dir='ltr'>Severini</span> <span class='ocrx_word' id='word_1_293' title='bbox 746 4807 779 4869; x_wconf 89' lang='lat' dir='ltr'>ot</span> <span class='ocrx_word' id='word_1_294' title='bbox 803 4801 836 4873; x_wconf 87' lang='lat' dir='ltr'>S.</span> <span class='ocrx_word' id='word_1_295' title='bbox 860 4800 963 4871; x_wconf 87' lang='lat' dir='ltr'>Marie</span> <span class='ocrx_word' id='word_1_296' title='bbox 986 4802 1029 4871; x_wconf 87' lang='lat' dir='ltr'>ad</span> <span class='ocrx_word' id='word_1_297' title='bbox 1052 4802 1173 4889; x_wconf 87' lang='lat' dir='ltr'>gradus</span> <span class='ocrx_word' id='word_1_298' title='bbox 1197 4802 1306 4871; x_wconf 82' lang='lat' dir='ltr'>(lolon.</span> <span class='ocrx_word' id='word_1_299' title='bbox 1330 4801 1505 4892; x_wconf 90' lang='lat' dir='ltr'>prepositis</span> <span class='ocrx_word' id='word_1_300' title='bbox 1529 4821 1569 4868; x_wconf 87' lang='lat' dir='ltr'>ac</span> 
     </span>
    </p>
   </div>
   <div class='ocr_carea' id='block_1_8' title="bbox 0 0 1834 5509">
    <p class='ocr_par' dir='ltr' id='par_1_12' title="bbox 0 0 1834 5509">
     <span class='ocr_line' id='line_1_38' title="bbox 0 0 1834 5509; baseline 0 0"><span class='ocrx_word' id='word_1_301' title='bbox 0 0 1834 5509; x_wconf 95' lang='lat' dir='ltr'> </span> 
     </span>
    </p>
   </div>
  </div>
 </body>
</html>
