3642 5509
266 451 319 514 196
769 456 839 515 tene
858 455 1027 516 December
1044 459 1088 515 al.

265 637 350 704 omni
375 637 535 704 modestia
557 638 805 724 postulationem
834 639 1006 723 quandam,
1040 659 1101 722 que
1124 641 1156 704 in
1180 640 1318 706 ecclesia
1342 637 1529 722 Maguutina
1553 634 1596 700 de

265 745 440 812 venerabili
464 745 565 811 fratre
587 753 696 811 nostro
721 745 889 832 Balduyno
914 745 1156 832 archiepiscopo
1172 746 1362 813 Treverensi
1384 744 1476 810 facta
1498 743 1599 809 fuisse

264 850 390 934 dicitur,
421 852 556 918 anobis
585 853 734 936 graciose
765 852 892 919 admitti
922 852 1091 937 eidemque
1119 853 1252 923 concedi
1281 851 1536 936 archiepiscopo,
1560 856 1597 912 ut

264 960 486 1043 Maguutinam
510 968 543 1024 et
567 959 798 1026 Treverensem
832 960 986 1026 ecclesias
1018 968 1127 1026 tenere
1159 960 1251 1026 simul
1284 960 1402 1041 valeat,
1439 955 1596 1024 celsitudo

263 1065 354 1148 regia
386 1065 591 1150 supplicavit.
646 1066 750 1152 Super
778 1067 892 1150 quihus
925 1066 1029 1133 cidem
1061 1068 1202 1133 breviter
1234 1064 1473 1152 respondemus,
1509 1061 1593 1146 quod

264 1173 320 1240 diu
353 1181 427 1240 aute
460 1174 676 1260 receptionem
705 1175 882 1240 litterarum
909 1174 1051 1260 ipsarum
1079 1175 1207 1261 prefate
1235 1174 1372 1241 ecclesie
1400 1170 1597 1255 Maguutine,

264 1281 354 1348 cuius
383 1280 597 1366 provisionem
634 1281 689 1347 diu
722 1288 797 1347 ante
830 1283 1035 1348 novissimam
1064 1283 1266 1348 vocatiouem
1299 1283 1401 1366 ipsius
1427 1277 1520 1344 nobis
1536 1326 1544 1343 .
1562 1325 1596 1339 ..

264 1408 304 1455 ea
319 1389 391 1454 vice
414 1406 651 1455 reserveramus
672 1388 866 1473 specialiter,
891 1388 933 1453 de
950 1408 1131 1474 persona..
1158 1388 1289 1454 Henrici
1305 1388 1401 1453 electi
1417 1383 1596 1468 Maguutini

263 1495 466 1580 nepotis...
492 1494 622 1560 Henrici
655 1494 891 1579 archiepiscopi
915 1494 1124 1568 Coloniensia,
1157 1514 1237 1578 qnos
1268 1495 1378 1578 ntique
1411 1500 1465 1558 tue
1493 1489 1598 1556 excel-

263 1601 366 1667 lencie
395 1599 530 1666 devotos
558 1601 704 1668 novimus
733 1608 767 1666 et
795 1609 959 1688 promptos
982 1600 1025 1668 ad
1049 1603 1165 1685 omnia,
1190 1621 1251 1685 quc
1274 1602 1321 1667 tui
1344 1600 1521 1686 respiciunt
1545 1596 1598 1662 ho

263 1707 350 1774 noris
374 1713 579 1792 augmentum
604 1714 636 1774 ct
661 1707 702 1774 de
726 1727 858 1791 quornm
883 1707 1056 1774 devotione
1080 1729 1120 1774 ac
1143 1707 1298 1774 fidelitate
1321 1727 1380 1774 nus
1404 1714 1437 1772 et
1460 1705 1599 1771 ecclesia

263 1814 477 1881 indubitatam
502 1814 652 1880 fiduciam
677 1834 844 1900 possumus
868 1835 991 1898 gerere,
1020 1815 1214 1882 duxeramus
1241 1865 1249 1880 .
1280 1865 1287 1878 .
1317 1865 1324 1880 .
1352 1809 1596 1901 providendum.

263 1920 325 2000 Qui
353 1921 482 2004 quidem
515 1921 637 1986 electus
669 1922 782 2005 suique
814 1922 950 1987 ministri
979 1929 1012 1986 et
1040 1922 1193 1989 officiales
1217 1942 1275 2008 per
1310 1921 1465 1987 ecclesias
1500 1917 1594 1984 colle-

262 2029 369 2112 giatae
399 2028 542 2094 civitatis
567 2028 766 2112 Maguutine,
802 2048 863 2111 que
893 2035 966 2094 sunt
990 2036 1063 2095 octo
1086 2049 1226 2113 numero,
1262 2050 1302 2095 ac
1324 2028 1478 2116 populum
1502 2025 1598 2091 hono

262 2134 405 2200 rabiliter
432 2142 464 2198 et
488 2133 632 2219 pacifice,
657 2136 741 2201 sicut
763 2135 829 2200 fida
852 2136 1014 2201 relacione
1037 2139 1238 2222 percepimus
1254 2143 1328 2203 sunt
1343 2135 1483 2220 recepti;
1507 2131 1598 2197 dicti·

263 2261 327 2325 qne
349 2241 485 2306 ministri
511 2248 543 2305 et
567 2240 721 2308 officiales
747 2262 806 2326 pro
835 2242 949 2307 eodem
979 2243 1083 2309 electo
1106 2245 1139 2310 iu
1163 2245 1296 2310 civitate
1320 2241 1487 2328 president
1511 2244 1597 2306 ante·

262 2347 360 2414 dicta.
409 2348 450 2412 Et
474 2354 554 2430 esto,
587 2346 633 2411 fili
658 2347 831 2432 carissime,
864 2349 950 2433 quod
979 2350 1085 2416 adhuc
1113 2371 1177 2416 non
1206 2359 1291 2416 esset
1318 2349 1457 2415 ecclesie
1480 2365 1597 2413 memo-

262 2462 332 2521 rate
355 2456 530 2540 provisum,
565 2454 732 2537 nequivit*
767 2454 900 2521 honeste
934 2456 1011 2539 lieri,
1047 2456 1133 2540 quod
1165 2458 1341 2522 litterarum
1371 2458 1515 2541 ipsarum
1544 2473 1598 2538 po·

261 2561 377 2629 sterior
401 2561 545 2627 clausula
569 2562 766 2640 continebat,
791 2581 862 2628 cum
886 2570 971 2629 esset
996 2585 1045 2629 res
1068 2565 1179 2649 procul
1202 2563 1300 2630 dubio
1324 2563 1473 2629 inaudita
1495 2568 1529 2628 et
1552 2562 1598 2626 in-

262 2669 369 2751 solita,
392 2688 500 2754 ymmo
523 2669 631 2753 potius
660 2675 870 2752 monstruosa,
900 2670 985 2753 quod
1011 2670 1090 2736 duos
1118 2672 1165 2738 sic
1189 2691 1322 2755 magnos
1346 2677 1379 2736 et
1402 2669 1599 2736 excellentes

262 2775 560 2860 archiepiscopatus
600 2794 681 2841 unus
720 2775 982 2861 archiepiscopus
1021 2777 1190 2844 obtineret.
1245 2776 1353 2856 Quare
1385 2797 1444 2844 nos
1477 2776 1598 2843 habeat

261 2901 358 2968 super
381 2882 444 2949 hiis
469 2882 559 2967 regia
581 2881 764 2967 prudentia,
795 2901 977 2967 quesumus,
1010 2890 1190 2950 excusatos.
1236 2884 1312 2948 Dat.
1337 2884 1435 2949 Avin.
1461 2883 1529 2948 XII
1552 2879 1598 2946 kl.

260 2989 397 3055 ianuarii
422 3009 451 3054 a.
475 2987 708 3054 tertiodecimo.

429 3113 502 3183 Rep.
522 3112 576 3166 115
590 3125 640 3180 pe.
660 3110 717 3180 If.
737 3113 791 3165 117
809 3127 857 3165 nr.
876 3114 941 3166 675.

302 3395 304 3400 '
368 3381 493 3452 1582.
520 3384 606 3448 1328
630 3382 815 3448 December
836 3384 890 3447 21.
915 3382 1081 3469 Aripuoo.

369 3523 541 3608 [lohannes
564 3524 674 3605 XXII]
701 3522 872 3607 Raynaldo
897 3525 1004 3590 comiti
1030 3523 1186 3589 Gclrensi.

370 3628 505 3694 Oblatas
537 3630 631 3695 nobis
661 3648 780 3713 per..
806 3629 978 3696 Henricum
1003 3629 1044 3694 de
1067 3629 1190 3696 luliaco
1213 3630 1411 3714 prepositum
1436 3627 1470 3693 S.
1496 3627 1600 3694 hieria

259 3733 303 3801 ad
334 3733 455 3818 gradus
486 3734 685 3800 Coloniensis
709 3741 742 3799 et
765 3735 939 3801 Henricnm
963 3735 1004 3802 de
1028 3734 1141 3801 Merlai
1165 3736 1354 3801 canonicum
1378 3734 1601 3800 Traiecteusia

260 3840 467 3908 ecclesiarum
497 3861 536 3906 ac
560 3840 697 3904 nobilem
723 3841 823 3904 virum
852 3840 1027 3908 Ricardum
1061 3839 1181 3906 dictum
1214 3840 1284 3906 Cok
1317 3841 1451 3906 militem
1484 3839 1601 3907 nobili·

259 3945 338 4012 tatis
361 3953 415 4010 tue
439 3945 564 4012 litteras
588 3944 728 4029 benigne
752 3947 931 4030 recepimus
959 3954 992 4013 et
1019 3954 1086 4012 tam
1108 3948 1250 4033 ipsarum
1273 3949 1390 4013 seriem
1413 3968 1510 4031 quam
1536 3967 1600 4030 que

259 4052 340 4119 dicti
363 4051 545 4136 prepositus
568 4050 743 4117 canonicus
759 4058 791 4116 et
808 4052 899 4116 miles
913 4101 919 4117 .
935 4101 965 4116 ..
983 4051 1151 4119 voluerunt
1166 4073 1355 4138 proponere,
1380 4053 1602 4120 intelleximus

260 4156 445 4240 diligenter.
492 4157 589 4239 Sane,
613 4154 668 4236 fili,
694 4158 770 4239 qnia
786 4175 835 4238 ea,
860 4175 923 4238 que
937 4159 1002 4243 ipsi
1018 4159 1171 4242 petebant
1195 4165 1249 4224 tuo
1272 4160 1410 4242 nomine,
1434 4180 1599 4243 nunquam

260 4262 358 4330 alicui
396 4265 456 4328 nisi
491 4265 558 4346 regi
594 4262 762 4328 dumtaxat
795 4263 974 4330 concedere
1007 4265 1228 4330 consuevimus
1260 4286 1321 4332 nec
1351 4267 1601 4351 predecessores

259 4375 387 4435 nostros
410 4369 591 4436 invenimus
616 4369 821 4449 concessisse,
857 4368 976 4435 haheat
1005 4389 1063 4435 nos
1093 4377 1149 4435 tua
1171 4370 1354 4456 prudentia,
1389 4374 1417 4438 si
1440 4374 1601 4458 petitione

259 4472 443 4540 huiusmodi
468 4493 611 4540 annuere
635 4471 788 4538 decenter
811 4494 873 4538 nou
902 4493 1079 4558 possumus,
1103 4483 1273 4543 excusatos
1399 4480 1475 4545 Dat.
1502 4480 1600 4545 Avin.

259 4579 327 4648 XII
351 4579 395 4650 kl.
418 4581 554 4646 ianuarii
579 4601 599 4645 a
624 4578 857 4645 tertiodecimo.

421 4687 494 4757 Rep.
513 4687 569 4739 116
586 4699 635 4753 ps.
654 4683 673 4737 Ι
686 4684 711 4754 s.
731 4686 767 4739 94
786 4699 833 4739 nr.
852 4683 927 4750 532,·
946 4686 999 4740 Ra.
1019 4686 1094 4740 1093
1110 4703 1141 4740 rr.
1160 4691 1185 4743 1.

368 4815 397 4876 a)
421 4811 565 4881 nequitur
583 4805 618 4862 r'a
636 4822 700 4879 req.
