3642 5509
712 424 781 490 1329
800 429 932 491 October
951 421 977 490 i.
1480 433 1533 493 269

196 605 310 699 Laod,
345 630 481 699 quocum
517 623 566 681 est
601 614 821 701 dispensatum
855 615 920 681 iam
956 615 1037 682 alias
1072 634 1168 701 super
1204 612 1334 682 deiectu
1367 617 1532 702 natalium,

197 743 291 805 quem
326 725 445 808 patitur
478 722 519 788 de
552 724 656 789 solato
689 724 819 806 genitus
843 730 875 788 ct
899 724 1016 806 soluta,
1050 722 1137 806 quod
1170 723 1351 789 huiusmodi
1384 747 1446 792 non
1480 727 1532 791 ob·

197 838 303 894 stante
327 829 459 895 deiectu
483 837 591 914 posset
614 829 657 894 ad
682 849 790 895 omnes
814 829 942 896 ordines
967 832 1147 916 promoveri
1164 838 1197 896 et
1220 831 1405 897 beneficium
1432 835 1530 898 cccle-

197 939 361 1002 siasticum
386 939 542 1018 obtinere,
571 939 668 1002 etiam
692 938 718 1002 si
737 958 845 1002 curam
870 938 1046 1003 animarum
1071 936 1214 1021 haberet,
1241 939 1359 1022 quique
1382 949 1455 1024 post
1479 939 1533 1004 hu-

197 1044 333 1110 iusmodi
367 1045 637 1130 dispensationem
672 1046 895 1109 canonicatum
921 1052 954 1110 et
977 1045 1174 1130 prehendam
1205 1045 1237 1109 in
1267 1046 1405 1111 ccclesia
1428 1046 1461 1112 S.
1487 1049 1533 1112 io-

199 1151 312 1217 hannis
335 1152 438 1218 Laod.
462 1158 629 1218 assecutus
653 1150 725 1234 tuit,
759 1150 864 1217 denuo
888 1151 1063 1236 dispensat,
1098 1151 1182 1234 quod
1206 1171 1301 1216 unum
1327 1152 1414 1217 aliud
1439 1153 1532 1219 bene-

197 1257 303 1324 ticium
333 1260 587 1325 ecclesiasticum
617 1279 689 1324 cum
718 1279 796 1324 cura
819 1258 870 1325 vei
899 1259 970 1326 sine
994 1279 1081 1342 cura,
1111 1259 1259 1326 etiamsi
1284 1259 1404 1325 existat
1427 1261 1460 1324 in
1484 1281 1533 1326 ec·

198 1364 297 1432 clesia
320 1366 511 1450 cathedrali,
535 1367 681 1432 obtinere
705 1367 825 1432 valeat.

304 1473 428 1540 Meritis
451 1480 505 1540 tue
528 1473 701 1559 probitatis
726 1524 733 1540 .
759 1523 766 1539 .
793 1527 801 1543 .
848 1475 924 1540 Dat.
942 1475 1037 1540 Avin.
1062 1493 1164 1541 nonas
1187 1475 1328 1541 octobris
1351 1496 1381 1540 a.
1405 1481 1533 1559 quarto·

198 1581 333 1648 decimo.

348 1707 420 1776 ch.
440 1707 478 1762 94
496 1723 543 1762 ar.
564 1708 649 1762 1003.

306 1978 428 2045 1770.
456 1980 541 2042 1329
569 1979 709 2044 October
726 1981 756 2043 7.
781 1976 946 2064 Aoiqcoa.

306 2123 473 2187 Iohannes
498 2123 608 2186 XXII
639 2123 877 2187 [Philotae-acm
901 2125 942 2189 de
972 2125 1071 2188 Uarro
1094 2123 1251 2189 habilitat
1274 2123 1367 2208 eique
1390 2125 1532 2188 remittit

197 2230 333 2315 fractas
358 2231 589 2314 beneficiorem
613 2230 914 2294 ecclesiasticorum
937 2232 978 2295 ab
1003 2231 1117 2295 eodem
1140 2231 1263 2296 laicate
1281 2237 1470 2315 perceptos.

306 2353 478 2436 [iohannes
501 2352 611 2436 ΧΧΙΙ]
638 2352 830 2417 Tirilmanno
854 2351 895 2417 dc
919 2352 1013 2418 Urma
1036 2352 1233 2419 subdiacono
1257 2352 1449 2419 Coloniensi.

306 2461 421 2525 hierita
444 2461 606 2542 virtutum,
631 2459 746 2542 quibus
763 2509 770 2524 .
790 2509 822 2524 ..
847 2459 935 2524 Sane
959 2461 1071 2545 petitio
1096 2467 1151 2525 tna
1175 2460 1268 2527 nobis
1292 2459 1436 2526 exhibita
1460 2480 1533 2525 eon-

199 2567 333 2649 tinebat,
358 2565 444 2651 qnod
468 2573 500 2630 tn
526 2565 645 2630 dudum
670 2572 745 2631 tunc
769 2567 801 2631 in
825 2567 946 2632 minore
971 2569 1162 2633 constitutus
1186 2573 1273 2634 etate
1296 2566 1532 2652 parrochialem

198 2674 370 2741 ecclesiam
392 2677 426 2738 in
442 2674 559 2758 Kirspe
576 2671 686 2739 colon.
704 2672 787 2738 dioc.
805 2673 886 2738 alias
909 2679 1017 2739 tamen
1041 2674 1195 2740 canonice
1220 2673 1371 2740 collatam
1395 2674 1534 2759 adeptus

200 2781 291 2848 fuisti
315 2784 482 2867 ipsamque
505 2781 695 2866 permultos
711 2800 812 2846 annos
829 2779 994 2846 detinuisti
1018 2779 1141 2847 fructus
1164 2781 1346 2866 percipiens
1362 2801 1403 2847 cx
1419 2780 1533 2847 eadem

197 2910 332 2956 accam
362 2887 566 2974 postmodum
594 2886 817 2973 proquodam
844 2887 908 2954 alio
938 2887 1094 2955 beneficio
1118 2887 1339 2956 ecclesiastico
1363 2889 1432 2954 sine
1457 2909 1533 2954 cura

197 2997 279 3063 alias
303 2997 458 3062 canonice
480 2995 686 3081 permutasti3
711 2993 798 3078 quod
821 2993 975 3080 quid[em]
999 2995 1186 3062 beneficium
1210 2996 1278 3061 sine
1296 3015 1373 3061 cura
1395 3016 1452 3080 per
1468 3001 1533 3061 tres

197 3104 251 3170 vel
273 3112 410 3186 quatuor
432 3122 558 3170 menses
582 3103 712 3169 tenuisti
737 3103 904 3188 ipsumque
928 3108 1041 3187 postea
1064 3101 1234 3184 dimisisti;
1259 3111 1291 3170 et
1309 3102 1394 3187 quod
1416 3102 1533 3168 deinde

198 3212 231 3276 in
254 3210 416 3276 Bunnensi
440 3209 631 3276 Assindensi
660 3216 692 3275 et
716 3209 917 3293 Ditkirgensi
946 3208 1033 3275 dicte
1062 3208 1202 3276 diocesis
1230 3211 1375 3276 ecclesiis
1404 3210 1533 3275 canoni·

198 3323 290 3384 catus
313 3324 346 3383 ct
369 3317 551 3402 prebendas
574 3325 607 3382 et
630 3325 744 3401 postca
772 3325 847 3382 ante
877 3337 977 3382 nonas
1004 3317 1080 3382 maii
1104 3316 1308 3402 pontificatus
1331 3314 1431 3382 nostri
1455 3315 1531 3380 anni

198 3423 382 3491 duodecimi
415 3445 473 3510 per
505 3445 601 3490 unum
634 3445 751 3491 annum
776 3432 808 3488 et
837 3431 909 3489 octo
943 3443 1068 3490 menses
1093 3423 1144 3490 vel
1177 3423 1264 3490 circa
1297 3420 1531 3508 parrochialem

198 3532 367 3598 ecclesiam
407 3530 440 3596 in
478 3530 719 3616 Leychelingen
759 3531 846 3596 dicte
884 3530 1023 3598 diocesis
1066 3531 1147 3597 alias
1186 3531 1340 3596 canonice
1380 3528 1531 3596 collatam

198 3638 336 3724 adeptus
368 3638 457 3704 inisti
490 3639 657 3724 ipsamque
687 3658 788 3722 usquc
816 3637 858 3703 ad
888 3637 994 3704 dictas
1024 3657 1123 3704 nonas
1153 3637 1257 3703 nullos
1280 3637 1404 3703 tructus
1427 3657 1469 3702 ex
1493 3654 1532 3702 ea

197 3747 380 3832 percipiens
404 3755 437 3811 ct
460 3747 562 3813 eciam
595 3753 714 3812 extunc
746 3744 882 3831 pacifice
906 3751 939 3810 et
963 3746 1070 3828 quiete
1094 3744 1240 3826 tenuisti3
1276 3753 1308 3811 et
1337 3745 1424 3829 qnod
1456 3744 1532 3809 licet

198 3858 274 3918 ante
307 3852 512 3939 adeptionem
536 3853 636 3937 ipsius
660 3853 778 3918 fuisses
801 3853 833 3916 in
862 3851 1093 3918 subdiaconum
1127 3851 1304 3934 ordinatus,
1337 3858 1531 3919 nontamen

199 3966 232 4025 te
255 3959 362 4025 iecisti
387 3959 519 4025 ulterius
542 3958 745 4044 postmodum
774 3959 970 4043 promoveri3
1008 3964 1041 4023 et
1077 3958 1162 4041 qnod
1191 3957 1296 4025 dictos
1323 3959 1532 4024 canonicatus

198 4073 230 4133 et
253 4065 435 4152 prebendas
459 4087 498 4132 ac
521 4065 756 4151 parrochialem
786 4065 956 4132 ecclesiam
980 4064 1013 4129 in
1036 4064 1282 4150 Leychelingun
1311 4063 1418 4130 adhuc
1442 4071 1532 4131 tenes

198 4173 333 4259 pacifice
368 4181 401 4239 et
442 4173 549 4257 quiete
583 4173 708 4238 fructus
742 4173 923 4258 percipiens
958 4192 998 4237 ex
1033 4171 1179 4238 omnibus
1217 4171 1383 4236 beneficiis
1422 4191 1533 4256 supra·

199 4280 310 4362 dictis3
350 4280 499 4365 qnodque
532 4287 605 4365 post
636 4280 870 4346 assecutionem
904 4279 1045 4346 eiusdem
1079 4278 1290 4364 parrochialis
1322 4279 1354 4344 in
1387 4277 1532 4364 Lcyche

199 4389 308 4472 lingen
332 4389 391 4454 tibi
416 4387 456 4453 de
480 4388 670 4453 canonicatu
700 4387 835 4453 ecclesie
858 4386 917 4453 SS.
942 4386 1166 4471 Apostolorum
1191 4384 1301 4451 Goion.
1332 4384 1532 4469 providimus

198 4515 239 4560 ac
261 4490 457 4580 prebendam
472 4544 479 4560 .
494 4543 501 4560 .
516 4543 523 4560 .
540 4494 600 4560 tibi
618 4542 625 4559 .
640 4542 669 4562 ..
688 4493 835 4560 duximus
858 4494 1003 4560 similiter
1028 4492 1264 4559 reservandam.
1312 4491 1418 4569 Quare
1438 4493 1532 4558 nobis

198 4602 361 4668 humiliter
383 4602 643 4688 supplicasti
674 4601 742 4668 Nos
764 4602 873 4684 itaque
971 4606 1005 4666 te
1028 4650 1081 4666 ...
1103 4599 1310 4666 habilitamus
1408 4598 1532 4682 tibique

199 4709 322 4776 tructus
351 4730 408 4795 per
441 4717 483 4793 te,
519 4716 554 4774 nt
577 4709 747 4794 prefertur,
771 4714 919 4794 receptos
946 4708 1135 4773 remittimus
1245 4705 1393 4772 Pretatas
1425 4711 1531 4772 autam

199 4816 324 4883 litteras
347 4824 483 4899 nostras,
507 4835 565 4900 per
588 4835 668 4899 quas
691 4815 751 4880 tibi
775 4813 816 4880 de
840 4815 1031 4880 canonicatu
1054 4813 1087 4878 in
1111 4813 1199 4880 dicta
1223 4811 1360 4880 ecclesia
1377 4813 1435 4878 SS.
1448 4814 1531 4899 Apo·
