3642 5509
282 393 335 448 535
797 393 866 448 1337
886 393 1057 449 November
1076 394 1100 446 7.

282 574 403 640 referre
437 580 571 640 curaret.
625 573 685 652 Qui
719 574 760 640 ad
793 573 978 640 instantiam
1012 571 1186 638 eorundem
1219 575 1461 659 procuratorum
1493 572 1619 638 dictum

283 681 433 746 abbatem
458 690 489 746 et
512 689 752 767 procuratorem
777 701 879 763 suum,
914 682 940 746 si
965 680 1036 763 quis
1059 688 1144 746 esset
1166 681 1199 746 in
1223 680 1370 747 Romana
1393 682 1482 747 curia
1506 682 1537 745 in
1561 701 1616 745 au-

283 788 405 853 dientia
429 789 558 873 publica
582 787 623 854 ad
647 789 789 872 singulos
813 795 904 854 actus
929 785 1056 853 debitos
1079 787 1174 853 citari
1203 789 1281 853 fecit
1304 795 1336 853 et
1359 788 1473 854 eodem
1497 788 1617 853 abbate

283 897 334 960 vel
358 895 465 978 aliquo
489 915 546 981 pro
570 896 639 980 ipso
664 916 771 961 coram
801 893 914 960 eodem
943 894 1108 960 cardinale
1136 895 1266 960 minime
1296 896 1553 980 comparentibus
1580 896 1617 960 iu

283 1002 384 1088 ipsius
407 1003 536 1068 abbatis
560 1004 793 1067 contumaciam
818 1001 1068 1087 quamplurimos
1093 1009 1192 1068 testes
1207 1001 1353 1087 ydoneos
1376 1003 1417 1068 ab
1442 1002 1520 1087 ipsis
1543 1023 1616 1087 pro

283 1110 483 1175 curatoribus
512 1109 686 1194 productos
715 1129 811 1193 super
840 1108 977 1174 infamia
1007 1108 1189 1175 huiusmodi
1219 1110 1341 1194 recepit
1364 1117 1397 1174 et
1421 1110 1618 1175 examinavit

284 1217 380 1282 etiam
405 1217 585 1301 diligenter,
609 1218 735 1303 ipsique
759 1223 983 1302 procuratores
1005 1217 1157 1282 nonnulla
1181 1217 1252 1282 iura
1269 1223 1301 1282 et
1317 1217 1513 1282 munimenta
1528 1217 1618 1283 circa

284 1323 432 1408 predicta
460 1331 492 1390 et
522 1324 564 1389 ad
593 1344 632 1389 ea
665 1323 817 1390 facientia
854 1344 961 1389 coram
997 1323 1085 1389 dicto
1121 1323 1278 1390 cardinali
1312 1323 1490 1409 producere
1525 1345 1615 1389 cura·

284 1437 408 1496 verunt.
455 1431 497 1496 Ilt
521 1430 650 1496 tandem
681 1451 738 1516 per
766 1438 1005 1515 procuratorem
1030 1431 1148 1517 prefati
1172 1432 1300 1497 abbatis
1323 1450 1431 1496 coram
1454 1432 1524 1516 ipso
1547 1452 1619 1496 car-

285 1537 391 1604 dinale
415 1538 448 1602 iu
476 1536 597 1603 iudicio
628 1537 835 1603 constitutum
866 1557 929 1604 uno
958 1545 1041 1603 teste
1065 1537 1107 1603 ad
1132 1537 1332 1624 probandum
1356 1539 1472 1603 bonam
1496 1537 1617 1602 famam

284 1645 383 1730 ipsius
406 1645 535 1710 abbatis
558 1643 715 1729 producto
736 1651 769 1709 et
792 1645 986 1728 examinato,
1011 1665 1082 1710 cum
1107 1644 1193 1711 idem
1217 1644 1390 1711 cardinalis
1414 1643 1618 1730 postmodum

284 1771 319 1818 se
352 1751 393 1817 de
424 1751 576 1817 mandato
610 1759 717 1818 nostro
750 1750 793 1816 ad
826 1758 935 1836 partes
968 1752 1049 1817 alias
1083 1753 1294 1818 translaturus
1327 1761 1421 1833 esset,
1456 1758 1547 1836 prout
1580 1772 1620 1817 se

284 1859 447 1924 transtulit
469 1859 710 1942 subsequenter,
734 1879 792 1956 nos
815 1859 992 1924 venerabili
1017 1858 1111 1924 fratri
1134 1867 1243 1924 nostro
1262 1861 1440 1926 Gaucelino
1464 1860 1618 1945 episcopo

284 1966 459 2032 Albanensi
483 1968 697 2033 commisimus
713 1966 848 2053 prefatis
870 1967 1131 2051 procuratoribus
1154 1968 1357 2051 instantibus,
1381 1975 1416 2034 ut
1433 1986 1618 2053 processum

284 2093 342 2160 per
365 2072 485 2139 dictum
509 2073 704 2140 cardinalem
728 2095 824 2158 super
848 2072 910 2139 hiis
934 2073 1077 2139 habitum
1094 2081 1127 2140 et
1148 2075 1372 2141 attestationes
1395 2077 1523 2141 testium
1547 2094 1619 2159 pre·

284 2180 442 2246 dictorum
475 2183 633 2266 reciperet
656 2189 689 2247 et
713 2183 913 2247 examinaret
945 2188 978 2246 et
1011 2181 1129 2248 exinde
1162 2183 1253 2249 nobis
1285 2183 1431 2248 referret.
1482 2181 1543 2260 Qui
1569 2182 1619 2248 eis

285 2291 422 2374 receptis
458 2297 490 2354 et
532 2290 723 2354 examinatis
764 2295 885 2353 attente
923 2290 1078 2373 comperit
1115 2309 1174 2374 per
1213 2292 1436 2356 attestationes
1475 2291 1617 2375 ipsorum

284 2395 326 2460 ab
362 2396 482 2462 eisdem
517 2396 775 2481 procuratoribus
810 2395 1037 2480 productorum
1074 2403 1107 2462 et
1141 2416 1198 2482 per
1234 2395 1412 2462 huiusmodi
1449 2395 1617 2481 producta,

284 2500 472 2568 iamdictum
504 2503 654 2569 abbdtem
686 2503 754 2569 lore
785 2522 880 2587 super
904 2501 1001 2569 dictis
1025 2503 1228 2570 denuncietis
1251 2505 1380 2590 publice
1404 2504 1637 2582 diffamatum„

285 2609 439 2692 nobisque
468 2630 563 2695 super
594 2612 756 2695 premissis
785 2610 932 2675 similiter
955 2612 988 2675 in
1012 2611 1202 2677 consistorio
1232 2612 1418 2677 relationem
1448 2611 1528 2676 fecit
1551 2609 1618 2696 ple·

284 2716 407 2781 nariam
433 2725 464 2781 et
487 2716 624 2782 fidelem.
682 2717 750 2786 Nos
774 2717 872 2800 igitur
900 2767 959 2782 ...
986 2717 1174 2783 discretioni
1198 2724 1304 2784 vestre
1330 2767 1390 2783 ...
1417 2717 1617 2799 mandamus,

284 2824 433 2906 quatinus
459 2824 723 2908 predictum
751 2824 901 2889 abbatem
931 2844 972 2889 ex
1007 2833 1098 2910 parte
1128 2831 1237 2890 vestra
1269 2827 1483 2910 peremptorie
1516 2825 1618 2890 citare

284 2931 412 3014 curetis,
441 2937 475 2996 ut
499 2931 583 2997 infra
613 2931 746 2997 duorum
776 2932 932 2998 mensium
956 2932 1102 3018 spacium
1125 2939 1198 3017 post
1222 2934 1413 2998 citacioucm
1438 2931 1617 2998 huiusmodi

284 3058 355 3103 cum
384 3039 530 3105 omnibus
559 3039 680 3104 iuribus
704 3049 737 3104 et
759 3040 963 3105 munimentis
986 3039 1054 3106 suis
1079 3041 1265 3125 conspectui
1289 3041 1468 3126 apostolico
1492 3060 1527 3106 se
1550 3060 1619 3124 pre

283 3152 388 3211 sentet
418 3146 563 3212 facturus
591 3153 623 3212 et
651 3155 851 3233 cecepturus‚
883 3147 970 3231 quod
994 3147 1123 3214 iusticia
1147 3147 1374 3214 suadebit...
1421 3149 1496 3213 Dat.
1522 3149 1617 3212 Aviu.

284 3251 364 3317 VIlI
387 3251 460 3318 idus
484 3255 668 3320 novembris
691 3276 712 3320 a
736 3255 846 3320 tercio.

432 3395 506 3465 Req.
526 3395 582 3448 124
600 3410 648 3449 ur.
667 3395 733 3448 452.

392 3711 521 3777 2809.
548 3714 633 3778 1337
657 3715 843 3779 November
867 3717 898 3780 7.
923 3713 1089 3802 Auiquon.

393 3872 587 3938 Benedictus
611 3873 676 3938 XII
710 3872 875 3940 Everardo
906 3873 948 3940 de
972 3874 1105 3940 Asselen
1136 3875 1260 3940 confert
1290 3873 1427 3940 ecclesie
1454 3874 1489 3940 S.
1515 3873 1619 3939 Cassii

285 3980 464 4045 Bunuensis
487 3979 596 4046 Colon.
621 3979 704 4046 dioc.
730 3981 964 4064 canonicatum,
989 3981 1187 4068 prebendam
1209 4002 1285 4048 vero
1309 3989 1342 4046 et
1365 4001 1461 4046 uuum
1485 3979 1526 4045 de
1550 3981 1619 4062 qui·

285 4085 420 4154 busdam
452 4086 566 4152 officiis
593 4107 648 4152 seu
683 4089 889 4171 proventibus
914 4090 1075 4154 consuetis
1099 4087 1263 4155 canonicis
1287 4089 1387 4173 ipsius
1410 4087 1546 4153 ecclesie
1569 4107 1620 4152 as·

284 4195 417 4278 signari,
442 4193 627 4260 obedientie
650 4195 727 4260 inibi
754 4197 956 4280 nuncupatis,
982 4195 1086 4261 eidem
1110 4201 1264 4261 reservat.

391 4300 566 4366 Probitatis
589 4308 622 4366 et
645 4301 798 4367 virtutum
822 4304 1015 4368 merita...
1049 4304 1125 4369 Dat.
1143 4303 1238 4369 Aviu.
1257 4302 1318 4368 VII
1341 4301 1414 4368 idus
1438 4302 1622 4368 novembris

285 4429 315 4473 a.
341 4409 445 4473 tertio.

393 4515 428 4580 In
453 4537 481 4581 e.
506 4537 545 4581 m.
581 4513 706 4582 decano
739 4517 771 4583 S.
799 4516 929 4582 Andree
959 4517 1070 4584 Color.
1101 4539 1141 4583 ac
1164 4516 1392 4583 archidiacono
1416 4516 1619 4585 Norwiceusi

286 4642 325 4687 ac
349 4622 519 4689 scolastico
544 4621 576 4688 S.
596 4623 727 4707 Georgii
752 4624 895 4690 eiusdem
921 4625 1031 4691 Colou.
1056 4625 1274 4691 ecclesiarum.

445 4765 518 4834 Beq.
537 4766 595 4819 108
612 4781 662 4821 ur.
682 4767 762 4820 1481.
