3642 5509
271 462 325 521 452
807 463 876 523 1332
894 465 1016 538 August
1035 464 1079 523 28.

378 646 416 710 ln
440 666 467 711 e.
485 670 525 712 m.
550 647 674 714 decano
698 655 730 712 et
753 649 923 714 scolastico
939 650 971 712 in
988 647 1134 733 Dylrirch
1157 649 1289 714 Trever.
1307 648 1391 714 dioc.
1408 668 1447 715 ac
1463 645 1606 714 Oliverio

272 751 313 817 de
337 753 471 819 (berneto
496 756 651 822 canonico
676 756 877 822 Pictoreusis
901 756 1121 821 ecclesiarum.

431 862 750 932 mmmm

378 1134 500 1200 2139.
527 1137 613 1200 1332
631 1136 763 1221 Aupust
786 1137 840 1200 28.
872 1134 1035 1222 Aoipaoo.

377 1276 536 1343 Iohannes
561 1275 661 1342 XXII
695 1278 847 1362 episcopo
879 1276 1123 1343 Padeburnensi
1157 1276 1306 1343 concedit
1338 1277 1524 1343 facultatem
1557 1299 1603 1342 re·

271 1382 410 1467 cipiendi
434 1384 476 1449 ab
499 1383 619 1449 Ottone
642 1393 718 1449 nato
743 1385 872 1449 Henrici
898 1383 1024 1450 comitis
1048 1383 1088 1450 de
1112 1383 1291 1449 Waldeclre
1315 1385 1469 1450 canonico
1494 1385 1604 1451 Golon.

269 1489 402 1556 liberam
436 1491 682 1575 resignationem
717 1491 926 1557 canonicatus
954 1498 987 1556 et
1017 1491 1179 1578 prebende
1208 1493 1286 1557 eccl.
1311 1491 1456 1576 predicte
1487 1511 1604 1577 eosque

270 1597 456 1664 conferendi
481 1598 577 1664 alicui
602 1619 738 1685 persone
761 1596 909 1684 ydonee.v

373 1704 452 1771 (lum
477 1706 559 1772 sicut
583 1707 767 1791 accepimus
785 1755 792 1770 .
812 1755 845 1770 ..
893 1707 969 1772 Dat.
993 1708 1087 1773 Avin.
1107 1708 1134 1773 V
1158 1706 1204 1771 kl.
1228 1706 1420 1791 septembris
1444 1727 1473 1771 a.
1497 1712 1604 1772 sexto-

269 1810 405 1878 decimo.

430 1901 504 1972 Rep.
525 1902 581 1956 103
598 1917 646 1956 ar.
666 1902 732 1955 364.

375 2128 499 2194 2140.
527 2130 612 2192 1332
637 2127 830 2214 September
856 2131 886 2193 9.
914 2128 1078 2216 Aolpaoa.

376 2253 548 2337 [lohannes
571 2253 681 2338 XXII]
715 2255 898 2321 Hermanno
932 2255 1020 2321 dicto
1050 2254 1214 2322 Blankard
1247 2254 1371 2321 decano
1404 2255 1542 2322 ecclesie
1565 2255 1603 2322 Β.

268 2361 370 2426 llarie
394 2360 553 2445 Aquensis
576 2360 678 2427 Leod.
703 2361 787 2427 dioc.

374 2469 594 2554 Suffragantia
626 2468 684 2533 tibi
718 2467 889 2534 dona
930 2469 1015 2536 Sanc
1135 2470 1316 2537 Walramus
1339 2469 1603 2556 archiepiscopus

268 2575 466 2642 coloniensis
490 2583 522 2642 et
540 2625 547 2640 .
566 2624 599 2642 ..
625 2574 806 2642 Willermus
831 2595 939 2643 comcs
963 2577 1153 2643 Iuliacensis
1176 2579 1245 2643 cius
1267 2577 1369 2643 frater
1391 2579 1484 2643 nobis
1506 2577 1603 2660 signi·

265 2683 364 2773 ficare
394 2690 555 2764 curarunt,
590 2681 676 2766 quod
704 2690 748 2765 tu,
784 2684 837 2767 qui
869 2683 1061 2749 decanatum
1091 2685 1229 2750 ecclesie
1257 2685 1294 2750 Β.
1319 2685 1420 2750 llario
1443 2683 1603 2767 Aquensis

265 2787 455 2856 Leodiensis
486 2787 625 2856 diocesis
660 2792 815 2856 canonice
848 2791 975 2856 obtines
1009 2799 1041 2856 et
1075 2791 1276 2857 consiliarius
1308 2791 1541 2878 archiepiscopi
1570 2799 1603 2856 et

265 2896 476 2962 cancellarius
501 2897 630 2963 comitis
654 2896 870 2982 predictorum
895 2898 1018 2978 existis,
1047 2899 1089 2964 ab
1113 2901 1205 2964 aunis
1229 2899 1347 2964 teneris
1370 2898 1531 2966 servivisti
1556 2899 1604 2964 eis

264 3003 401 3070 fideliter
425 3011 456 3069 et
480 3004 608 3088 devote,
639 3010 671 3069 et
695 3003 781 3087 quod
805 3006 866 3090 ipsi
891 3007 1074 3072 intantum
1103 3012 1157 3072 tuo
1180 3007 1335 3089 obsequio
1359 3011 1491 3091 propter
1515 3014 1602 3071 tuam

263 3111 432 3197 probatam
462 3110 652 3178 fidelitatem
680 3111 827 3198 indigere
856 3120 1043 3195 noscuntur,
1077 3113 1164 3197 quod
1193 3113 1282 3180 nulla
1306 3115 1430 3179 ratione
1454 3119 1509 3178 tuo
1532 3133 1603 3197 pos·

263 3227 337 3286 sunt
361 3239 470 3285 carere
494 3220 648 3302 obsequio
672 3220 845 3304 personali,
871 3228 905 3287 ct
929 3219 1015 3303 quod
1040 3221 1081 3285 ob
1105 3220 1167 3286 hoc
1183 3221 1265 3286 tuin
1282 3219 1430 3307 predicta
1453 3221 1601 3303 ecclesia,

264 3325 383 3410 inqua
416 3325 558 3392 decanus
590 3326 690 3412 ipsius
724 3327 870 3409 ecclesie,
909 3329 963 3410 oui
996 3336 1045 3393 est
1074 3349 1132 3414 pro
1161 3334 1316 3414 tempore,
1353 3348 1393 3394 ex
1417 3329 1547 3394 statutis
1570 3335 1603 3393 et

263 3433 545 3501 consuetudinibus
569 3433 715 3500 eiusdem
732 3434 870 3501 ecclesie
888 3437 986 3501 etiam
1003 3437 1184 3502 iuramento
1200 3435 1333 3502 firmatis
1350 3443 1477 3501 tenetur
1493 3435 1601 3502 iacere

263 3542 464 3627 personalem
488 3540 706 3624 residentiam,
736 3563 798 3606 non
829 3550 922 3627 potes
950 3543 1045 3608 modo
1070 3543 1177 3626 aliquo
1202 3543 1243 3609 ad
1268 3562 1401 3628 presens
1424 3543 1515 3608 iuxta
1538 3549 1599 3608 sta·

262 3655 332 3714 tuta
356 3656 387 3714 et
411 3648 658 3715 consuetudines
682 3648 862 3714 huiusmodi
887 3650 1039 3716 residere.
1088 3650 1195 3729 Quare
1219 3650 1318 3716 iidem
1339 3650 1601 3737 archiepiscopus

263 3762 296 3821 et
319 3775 426 3822 comes
449 3755 542 3821 nobis
565 3753 726 3821 humiliter
750 3755 1050 3842 supplicarunt...
1079 3758 1147 3824 Nos
1170 3758 1281 3841 itaque
1298 3807 1305 3822 .
1323 3807 1357 3826 ..
1382 3757 1452 3841 tibi,
1477 3759 1543 3842 qui,
1567 3765 1601 3822 ut

262 3863 424 3947 asseritur,
449 3862 481 3927 in
505 3861 735 3928 subdiaconum
760 3864 825 3928 iam
850 3870 1013 3948 promotus
1037 3872 1070 3930 et
1093 3862 1200 3930 adhuc
1225 3865 1258 3930 in
1283 3867 1385 3951 primo
1409 3886 1493 3942 anno
1517 3884 1601 3932 asse·

262 3969 399 4035 eutiouis
432 3968 608 4035 decanatus
641 3969 821 4037 huiusmodi
856 3970 986 4053 existis,
1027 3970 1114 4053 quod
1157 3973 1281 4037 ratione
1314 3972 1392 4038 dicti
1425 3971 1601 4039 decanatus

262 4077 389 4142 omnino
407 4075 494 4160 [non]
512 4076 651 4142 tenearis
674 4076 833 4160 usquead
853 4078 1012 4143 biennium
1036 4079 1069 4142 in
1093 4077 1207 4144 eadem
1233 4079 1371 4144 ecelesia
1393 4078 1599 4145 residentiam

262 4183 372 4249 facere
390 4231 396 4247 .
416 4231 422 4247 .
442 4232 448 4246 .
466 4181 694 4267 indulgemus.
714 4234 721 4249 .
740 4231 746 4247 .
766 4185 841 4251 Dat.
858 4184 952 4250 Avin.
967 4185 995 4249 V
1012 4184 1085 4251 idus
1108 4187 1299 4271 septembris
1323 4207 1352 4252 a.
1370 4186 1600 4253 sextodecimo.

415 4290 562 4359 Re9.105
581 4305 629 4344 nr.
650 4291 731 4346 1272.
946 4289 950 4296 '

368 4578 484 4646 2141.
511 4582 597 4646 1332
621 4583 808 4648 November
831 4586 863 4647 2.
893 4586 1058 4670 Aoipaoa.

369 4722 529 4790 lohannes
545 4724 643 4789 XXll
668 4725 831 4791 Walramo
856 4725 1100 4810 archiepiscopo
1117 4724 1227 4791 Oolon.
1245 4724 1402 4809 indulget,
1426 4730 1462 4790 ot
1486 4725 1598 4792 decem

262 4829 421 4915 capellani
447 4831 555 4896 clerici
581 4839 612 4896 ot
637 4832 813 4897 familiares
837 4833 905 4897 eius
930 4832 1097 4898 domestici
1124 4839 1290 4918 presentes
1314 4841 1347 4898 et
1369 4833 1502 4918 posteri,
1518 4853 1599 4917 quos
