3642 5509
772 461 841 517 lesa
860 460 942 518 littra
962 461 1005 517 10.

329 642 452 710 2105.
478 645 565 707 1332
589 644 689 709 Mdrz
714 645 766 710 10.
789 641 956 730 Aoiprrorr.

325 785 484 851 Iohannes
500 784 600 851 XXII
623 784 767 852 Arnaldo
791 785 833 852 de
855 786 1000 873 Lautorp
1025 787 1143 853 elerico
1167 788 1276 855 Colon.
1303 787 1386 854 dioc.
1412 795 1556 855 reservat

221 893 409 960 heneficium
439 893 693 960 ecclesiasticum
723 913 796 960 cum
825 913 902 960 cura
931 894 983 960 vel
1010 895 1079 961 sine
1113 916 1199 980 eura,
1233 895 1325 962 onius
1358 896 1494 980 fructus,
1527 896 1554 962 si

222 1022 293 1066 enm
321 1021 408 1084 cura,
441 1000 557 1086 viginti
587 1002 738 1086 quinque,
771 1002 798 1067 si
828 1022 905 1068 vero
934 1002 1002 1068 sine
1026 1022 1104 1068 eura
1127 1002 1233 1087 suerit,
1268 1002 1450 1087 quindecim
1475 1023 1556 1069 mar-

221 1109 352 1176 charum
376 1110 503 1194 argenti
518 1129 544 1176 s.
561 1117 584 1174 t.
601 1107 634 1175 d.
651 1109 792 1176 valorem
817 1129 954 1176 annuum
980 1130 1041 1176 non
1059 1108 1230 1190 excedunt,
1254 1109 1296 1176 ad
1314 1110 1555 1198 dispositionem

221 1217 375 1302 prepositi
411 1214 526 1282 decani
562 1221 594 1281 et
629 1215 764 1301 capituli
799 1215 938 1284 ecclesie
974 1217 1168 1284 Xanetensis
1203 1218 1314 1285 Colon.
1351 1217 1435 1284 dioc.
1473 1237 1555 1284 com·

220 1325 357 1390 maniter
382 1324 433 1390 vel
457 1322 586 1390 divisim
609 1324 783 1410 pertinens.
1232 1323 1236 1330 '

328 1433 403 1498 Vite
426 1451 610 1498 aemorum
634 1431 810 1499 honestas.
829 1481 836 1496 .
855 1481 862 1497 .
887 1433 963 1498 Dat.
988 1432 1083 1499 Avin.
1101 1433 1147 1499 VI
1170 1431 1243 1499 idus
1266 1433 1372 1500 martii
1395 1454 1426 1499 a.
1451 1438 1555 1500 sexto-

222 1540 357 1607 decimo.

329 1649 365 1713 ln
390 1669 418 1714 e.
442 1669 484 1713 m.
509 1647 700 1733 Reyssensis
723 1647 1000 1716 etWischelensis
1023 1647 1155 1717 decanis
1179 1648 1290 1715 soron.
1315 1647 1398 1715 dice.
1424 1668 1463 1714 ac
1486 1668 1553 1714 sco·

221 1755 335 1824 lastico
358 1755 519 1824 Tullensis
542 1755 762 1824 ecclesiarum.

380 1879 679 1951 mmmm

324 2152 447 2220 210⁶.
481 2155 567 2219 1332
590 2153 690 2220 Mdrz
714 2156 765 2218 12.
798 2155 905 2222 Prien

328 2295 535 2362 Baldewinus
569 2296 700 2364 Trever.
743 2297 880 2364 ecclesie
919 2297 1181 2384 archiepiscopus
1215 2298 1299 2364 sacri
1335 2297 1461 2382 imperii
1495 2316 1554 2382 per

221 2401 359 2469 Galliam
383 2403 690 2472 archicancellarius
713 2425 784 2473 cum
809 2425 965 2471 consensu
990 2403 1104 2471 decani
1122 2411 1154 2470 et
1175 2403 1308 2491 capituli
1325 2404 1456 2470 Trever.
1475 2404 1553 2470 eccl.

220 2530 260 2576 ac
285 2511 415 2577 Henrici
440 2511 482 2578 de
505 2511 708 2578 Phaiendorf
727 2512 948 2578 archidiaconi
972 2512 1005 2577 in
1029 2512 1108 2579 eecl.
1134 2513 1264 2579 Trever.
1290 2509 1459 2578 ecclesiam
1483 2532 1554 2597 par·

221 2617 397 2684 rochialem
422 2617 463 2686 de
480 2617 578 2685 Gulse
594 2620 726 2685 Trever.
744 2618 828 2685 dioc.
845 2621 1031 2706 incorporat
1047 2619 1184 2687 ecclesie
1201 2619 1235 2686 S.
1252 2619 1393 2686 Servatii
1410 2618 1553 2684 Traiect.

221 2724 321 2792 Leod.
347 2725 430 2792 dioc.
460 2727 511 2792 cui
539 2728 588 2792 ius
616 2732 806 2811 patronatus
829 2725 918 2794 dicte
941 2725 1078 2794 ecclesie
1101 2725 1313 2813 parrochialis
1338 2725 1552 2812 competebat.

219 2833 318 2899 Dicta
352 2833 490 2900 ecclesia
524 2832 736 2919 parrochialis
770 2839 844 2918 post
880 2852 1005 2901 cessum
1038 2853 1095 2902 seu
1128 2832 1294 2900 decessum
1324 2832 1478 2900 Iohannis
1512 2831 1553 2898 de

220 2939 368 3006 Pesoheil
400 2939 544 3006 eiusdem
576 2942 715 3027 pastoris
744 2939 944 3006 deserviatur
973 2961 1150 3026 perunum
1174 2942 1407 3026 vicepastorem
1432 2941 1483 3006 vel
1508 2938 1553 3006 vi·

219 3047 339 3112 carium
364 3048 575 3132 presbiterum
598 3048 775 3114 secularem
799 3049 832 3112 in
854 3050 927 3135 ipsa
949 3047 1142 3115 residentem
1159 3054 1191 3115 et
1210 3050 1279 3116 sine
1304 3048 1366 3115 loci
1391 3047 1552 3115 ordinario

219 3162 252 3221 et
275 3174 373 3220 eausa
397 3154 578 3220 rationabili
602 3175 665 3221 nou
688 3155 901 3239 amoribilem
927 3158 978 3222 cui
1002 3155 1145 3222 decanus
1161 3163 1194 3223 et
1217 3155 1392 3242 capitulum
1416 3155 1553 3224 ecclesie
1611 3213 1615 3224 .

219 3261 253 3327 S.
286 3261 426 3328 Servatii
458 3264 590 3328 inantea
622 3261 785 3328 debebunt
820 3262 957 3330 mediam
994 3269 1118 3350 partem
1148 3263 1273 3330 decime
1302 3262 1392 3329 bladi
1427 3283 1551 3330 necnon

219 3377 355 3453 quatuor
378 3376 546 3454 quarratas
562 3369 628 3434 vini
652 3368 819 3436 decimalis
843 3372 1019 3437 eommunis
1042 3391 1166 3438 necnon
1191 3370 1325 3436 duarum
1349 3368 1553 3436 marcharum

218 3477 404 3561 pagamenti
429 3475 643 3543 Confluentini
671 3477 791 3543 usualis
819 3477 965 3544 redditus
989 3478 1124 3563 siugulis
1147 3478 1250 3561 annis,
1283 3484 1319 3544 ut
1341 3477 1459 3545 exinde
1481 3497 1551 3563 pre·

217 3583 306 3650 fatus
329 3584 469 3650 vicarius
500 3583 753 3670 hospitalitatem
787 3583 930 3651 debitam
963 3593 1072 3653 tenere
1107 3593 1141 3652 et
1168 3586 1259 3652 iuxta
1286 3585 1336 3651 sui
1359 3591 1463 3653 status
1486 3585 1551 3650 exi·

217 3692 359 3776 gentiam
384 3688 537 3758 decenter
561 3697 594 3757 et
617 3691 751 3758 honeste
774 3693 883 3760 vivere
906 3695 1018 3779 possit.

322 3799 360 3864 in
392 3804 598 3883 augmentum
630 3804 663 3864 et
695 3797 844 3865 decorem
877 3849 884 3865 .
919 3850 926 3866 .
959 3851 966 3866 .
1028 3802 1103 3866 Dat.
1129 3801 1280 3867 Treveris
1313 3820 1396 3866 anno
1430 3798 1552 3866 domini

218 3905 466 3974 mcccxxxll
490 3905 543 3972 die
566 3905 633 3972 XII
656 3907 758 3973 mensi
781 3909 904 3974 marcii.

383 4031 638 4098 Traaaaumptom
661 4027 696 4084 ia
720 4027 839 4085 litteras
864 4030 1109 4102 ecafirruatcrios
1128 4049 1147 4087 a
1168 4031 1315 4088 Clemente
1339 4032 1383 4087 VI
1407 4031 1497 4087 dalea
1522 4031 1551 4086 d.

379 4121 419 4174 30
431 4136 471 4174 m.
489 4117 561 4174 iulii
579 4135 607 4174 α.
628 4121 709 4174 1344.
730 4149 763 4158 -
783 4121 855 4192 Περ.
875 4123 932 4175 165
948 4121 972 4192 f.
993 4123 1050 4177 100
1068 4139 1115 4177 ar.
1135 4122 1200 4178 290.

322 4372 442 4440 2107.
475 4374 560 4439 1332
589 4372 692 4459 April
715 4376 744 4438 1.
774 4372 965 4457 (Aviprrorr.)

321 4516 414 4580 Anno
436 4514 582 4600 predicto
607 4515 878 4600 [MOOCXXXII]
913 4514 966 4580 die
995 4514 1099 4601 prima
1128 4515 1246 4582 mensis
1270 4515 1381 4600 aprilis
1404 4513 1552 4580 dominus

218 4621 382 4688 Gerardus
405 4643 512 4688 comes
536 4623 709 4689 Holcaacie
733 4644 772 4688 ae
795 4623 970 4690 Stormarie
999 4622 1082 4688 dioc.
1109 4623 1299 4706 Bremensis,
1329 4623 1382 4705 qui
1408 4628 1552 4688 traxerat

218 4729 260 4794 de
283 4729 420 4795 ecclesia
441 4729 635 4796 Slesvicensi
660 4738 778 4797 certam
802 4731 939 4817 pecunie
963 4729 1176 4813 quantitatem
1200 4728 1241 4795 de
1265 4730 1402 4813 pecnnia
1426 4727 1551 4794 decime

218 4838 400 4904 sexennalis
424 4837 560 4904 collecta
584 4839 616 4903 in
640 4840 772 4905 civitate
797 4844 829 4904 et
853 4838 937 4903 dioc.
959 4837 1154 4905 Slesvicensi
1178 4845 1210 4904 et
1234 4835 1382 4923 deposita
1405 4837 1438 4902 iu
1462 4835 1551 4904 dicta
