3642 5509
267 381 320 440 418
824 387 891 444 1331
913 385 975 443 Juli
995 387 1039 444 25.

267 567 398 632 licentia
423 567 552 632 minime
576 568 741 650 requisita,
767 568 860 635 vobis
876 575 986 635 tenore
1003 570 1198 655 presentium
1216 570 1484 655 indulgemus...
1524 571 1599 639 Dat.

267 674 361 739 Aviu.
386 674 452 739 XII
475 675 520 739 kl.
545 675 674 758 augusti
699 697 727 742 a.
754 676 1002 758 quintodecimo.

426 819 499 886 Ray.
520 819 576 870 100
594 834 642 872 ur.
663 819 735 884 781,·
754 819 805 872 Rz.
825 821 905 873 1471.
917 849 950 858 -
967 819 1016 874 Or.
1035 821 1157 874 membr.
1179 837 1248 875 cum
1263 822 1391 891 plumbo
1406 825 1499 892 perid.
1538 822 1600 878 Sub

427 922 513 993 plica
533 925 575 978 ad
592 922 733 980 sinister
758 886 781 1015 Ξ
816 926 929 980 Vitatis.
965 928 1003 980 Ira
1021 925 1104 996 plica
1124 928 1166 982 ad
1185 929 1299 982 derata:
1319 929 1352 983 R.
1374 930 1526 985 deAdrIa.
1564 933 1599 985 In

426 1033 534 1086 dorso:
554 1039 732 1102 procurator
752 1034 958 1090 cisterciensis
979 1035 1093 1090 ordinis
1113 1038 1139 1089 et
1160 1035 1191 1089 R.
1221 1036 1414 1108 Da'lsseldorf.
1436 1037 1523 1092 Arcb.
1538 1054 1598 1108 rep.

428 1121 514 1176 Abtci
535 1123 630 1192 Camp
649 1139 697 1178 ur.
716 1125 779 1178 401.

371 1384 501 1452 2063.
533 1388 619 1451 1331
643 1386 720 1452 rati
743 1389 794 1451 25.
819 1385 984 1473 Amyron.

370 1529 530 1596 Iohannes
553 1530 653 1594 XXII
681 1529 816 1594 Iohanni
847 1531 956 1594 comiti
982 1529 1023 1594 dc
1049 1529 1268 1596 San-ebrucbe
1292 1531 1447 1616 indulget,
1476 1540 1511 1598 ut
1535 1533 1597 1599 duo

264 1637 333 1703 eius
356 1637 475 1718 clerici,
500 1656 580 1720 quos
603 1637 732 1702 duxerit
756 1636 977 1720 nominandos,
1003 1636 1146 1704 eiusdem
1170 1639 1333 1721 obsequiis
1349 1646 1404 1704 aut
1420 1640 1597 1706 litterarum

264 1743 373 1809 studio
397 1745 429 1808 in
445 1745 527 1826 loco,
551 1743 606 1810 ubi
629 1743 708 1809 illud
731 1745 883 1828 generale
900 1745 1019 1828 vigeat,
1044 1745 1227 1811 insistentes
1250 1765 1306 1811 seu
1330 1746 1362 1810 in
1379 1747 1480 1813 altero
1504 1749 1597 1814 bene-

263 1848 407 1916 ficiorum
440 1873 567 1918 suorum
601 1852 892 1917 ecelesiastIcorum
922 1851 1100 1919 residentes
1130 1853 1252 1918 fructus
1280 1854 1452 1920 eorundem
1481 1856 1597 1921 beneti-

263 1959 383 2024 ciorum
412 1980 536 2025 necnon
568 1959 801 2044 prebendarum
833 1979 972 2041 suarum,
1007 1958 1180 2026 dummodo
1203 1961 1355 2026 maiorem
1380 1969 1453 2047 post
1477 1965 1598 2048 episco-

262 2065 368 2150 palem
392 2066 424 2130 in
448 2064 627 2136 cathedrali
656 2066 706 2131 vel
736 2067 944 2150 principalem
974 2067 1005 2131 in
1035 2067 1207 2149 collegiata
1237 2069 1315 2133 cccl.
1344 2089 1406 2134 non
1431 2070 1597 2135 obtineant

262 2171 463 2256 dignitatem,
488 2174 623 2257 integre,
653 2172 825 2238 cotidianIs
849 2173 1128 2240 distributionibus
1155 2174 1323 2240 dumtaxat
1348 2179 1504 2262 exceptis,
1527 2197 1595 2262 per·

262 2281 369 2364 prere
394 2281 523 2346 valeant
547 2300 605 2365 per
629 2280 812 2347 triennium.

370 2388 544 2453 Personam
569 2396 655 2452 tuam
680 2388 906 2470 exigentibus.
932 2436 940 2453 .
965 2437 971 2452 .
1018 2389 1095 2455 Dat.
1120 2390 1215 2455 Avin.
1240 2391 1322 2455 VIII
1346 2391 1391 2456 kl.
1415 2394 1543 2476 augusti
1567 2413 1597 2458 a.

262 2493 510 2576 quintodecimo.

368 2602 405 2666 In
429 2621 456 2668 e.
480 2624 521 2669 m.
546 2602 580 2668 S.
605 2603 732 2671 Nicolai
756 2602 787 2666 in
813 2612 907 2687 prato
933 2603 1066 2669 virdun.
1092 2611 1125 2669 et
1148 2605 1181 2670 S.
1200 2606 1308 2670 Vitoui
1332 2609 1596 2672 monasteriorum

260 2709 430 2775 abbatibus
452 2729 493 2775 ac
516 2707 640 2775 decano
664 2711 743 2775 eccl.
769 2710 805 2773 B.
831 2709 933 2776 Mario
957 2710 1149 2796 Magdulene
1174 2712 1306 2777 Virdun.

423 2851 495 2922 neq.
516 2851 553 2906 99
570 2851 595 2921 f.
614 2853 672 2904 aar
690 2867 738 2904 ar.
760 2853 843 2906 raes.

371 3108 498 3176 2064.
525 3112 610 3174 1331
635 3109 768 3196 August
794 3112 825 3174 8.
848 3109 1013 3199 Aoipuou.

373 3253 533 3320 Iohannes
566 3253 665 3318 XXII
706 3253 879 3320 Henricum
921 3255 1198 3341 archiepiscopum
1233 3257 1454 3341 Maguntiuum
1492 3266 1595 3344 rogat,

265 3362 415 3445 quatinus
437 3362 624 3446 magistrum
646 3361 843 3426 Bernardum
860 3362 1018 3447 Stephani
1042 3365 1200 3429 notarium
1225 3364 1310 3431 sedis
1334 3367 1520 3451 apostolice,
1545 3368 1596 3432 cui

265 3489 366 3554 nuper
394 3468 536 3553 providit
563 3466 604 3533 de
633 3469 825 3533 canonicatu
855 3476 887 3534 et
916 3463 1080 3554 prebenda
1105 3478 1137 3537 ot
1161 3472 1346 3538 obediontia
1373 3493 1430 3539 seu
1454 3475 1595 3539 curtibus

264 3575 454 3640 vacantibus
478 3572 575 3639 etad
609 3576 758 3660 papalem
793 3575 1035 3660 dispositionem
1066 3581 1286 3662 spectantibus
1315 3580 1393 3645 eccl.
1418 3581 1596 3647 BunnensIs

262 3681 373 3746 (loton.
398 3680 493 3755 dioc,
529 3701 568 3746 ac
592 3683 660 3746 eius
694 3690 917 3768 procuratores
951 3687 1038 3750 circa
1072 3686 1332 3770 prosecutionem
1366 3687 1459 3753 huius
1491 3690 1594 3773 gratie

262 3787 382 3853 habeat
405 3787 672 3871 commendatum,
697 3795 732 3854 nt
755 3789 869 3855 eadem
893 3792 1003 3875 gratia
1027 3790 1170 3858 debitum
1194 3795 1346 3860 sortiatur
1369 3795 1528 3862 effectum.

366 3893 445 3959 Cum
469 3914 570 3979 nuper
594 3893 713 3962 dilecto
739 3946 747 3960 .
773 3936 813 3961 .·.

365 4002 404 4065 In
428 4021 456 4066 e.
480 4023 521 4066 m.
558 4002 698 4069 Henrico
731 4003 979 4090 archIepiscopo
1013 4005 1124 4074 Golou.
1181 4007 1255 4072 Dat.
1289 4008 1333 4074 VI
1363 4009 1435 4077 idus
1468 4013 1593 4097 augusti

261 4129 291 4174 a.
316 4108 388 4175 XV.

419 4217 492 4286 ch.
513 4219 568 4271 116
585 4218 609 4288 f.
630 4219 669 4272 80
686 4234 734 4272 ur.
753 4220 818 4272 373.

362 4498 491 4565 2065.
524 4503 609 4566 1331
633 4493 765 4589 Adparet
791 4503 842 4569 19.
867 4502 1032 4590 Avipuou.

365 4642 537 4726 [Iohannes
561 4644 671 4729 XXII]
696 4646 941 4732 archiepisc-opo
966 4647 1159 4715 Coloniensi.

366 4749 541 4837 Prospectu
571 4753 691 4818 salubri
715 4760 748 4818 et
775 4774 929 4840 prospero
963 4755 1099 4823 ecclesie
1132 4763 1187 4823 tue
1219 4762 1315 4843 statu,
1348 4760 1381 4825 in
1414 4779 1477 4844 quo
1509 4763 1591 4829 sicut
