3642 5509
736 412 805 467 1329
825 412 997 468 November
1015 411 1058 467 22.
1500 413 1553 470 287

222 612 329 658 curam
354 592 541 674 animarum,
575 593 601 656 si
625 593 672 656 eis
694 593 871 675 immineat,
904 613 1026 658 necnon
1056 592 1162 675 quoad
1191 592 1332 658 divinum
1357 594 1494 660 officium
1522 601 1553 659 et

221 705 492 766 sacramentorum
523 698 815 765 ecclesiasticorum
846 699 1156 765 administrationem
1187 700 1295 766 facere
1323 720 1380 785 per
1405 721 1555 785 personas

220 806 365 891 ydoneus
389 805 553 870 deserviri.
601 787 710 873 Nostri
735 808 865 891 insuper
888 807 1072 871 intentionis
1096 807 1215 889 existit,
1241 806 1336 889 quod,
1360 827 1400 872 ne
1424 829 1555 892 presens

221 913 397 979 reservatio
422 921 454 976 et
477 913 552 994 aliu,
587 933 649 995 que
678 912 719 977 dc
748 913 905 978 fructibus
939 912 1118 979 redditibus
1143 921 1174 978 ct
1198 915 1406 999 proventibus
1440 916 1555 980 beneti-

222 1023 342 1087 ciorum
366 1019 452 1105 apud
476 1019 595 1084 dictam
620 1021 728 1086 sedem
756 1022 947 1088 vacantibus
976 1023 1120 1102 lecimus
1149 1042 1184 1088 se
1208 1042 1266 1107 per
1290 1042 1475 1088 concursum
1501 1045 1555 1087 va-

221 1129 310 1193 leant
336 1134 445 1192 mutuo
474 1126 641 1212 impedire,
675 1130 703 1193 si
727 1129 839 1212 vigore
869 1129 962 1193 unius
991 1129 1116 1193 fructus
1140 1128 1274 1194 alicuius
1298 1130 1445 1195 beneficii
1469 1129 1556 1195 dicto

222 1254 347 1300 camere
380 1234 577 1318 recipiantur
608 1237 746 1318 nornine,
782 1256 841 1319 pro
875 1234 989 1300 eadem
1023 1236 1192 1302 vacatione
1228 1241 1400 1320 pretextae
1424 1237 1556 1302 alterius

222 1342 402 1408 nullatenus
431 1341 603 1424 exigantur
615 1340 640 1406 l’.
689 1342 836 1407 Ceterum
865 1342 1011 1407 volumus
1042 1349 1074 1406 et
1098 1347 1209 1406 tenore
1233 1344 1426 1426 presentium
1451 1341 1556 1408 decla-

222 1470 338 1531 ramus,
367 1449 453 1533 quod
477 1450 644 1534 deputatio
667 1456 776 1515 nostra
800 1449 979 1514 huiusmodi
1005 1449 1186 1514 nullatcnus
1209 1448 1402 1516 extendatur
1425 1450 1466 1516 ad
1492 1453 1557 1534 epi-

222 1557 384 1642 scopalem
409 1559 578 1624 ecclesiam
603 1577 663 1622 nec
688 1556 729 1621 ad
763 1557 911 1622 abbatias
944 1557 1106 1640 regulares
1138 1577 1197 1622 nec
1231 1557 1273 1622 ad
1306 1556 1462 1623 beneficia
1490 1558 1555 1642 ille,

223 1684 354 1747 quornm
378 1665 502 1730 fructus
525 1664 671 1730 redditus
695 1671 727 1728 et
750 1671 924 1748 proventus
948 1664 1044 1729 annui
1062 1664 1203 1729 valorem
1227 1683 1286 1728 sex
1310 1664 1461 1730 librarum
1485 1686 1556 1749 par·-

224 1792 333 1836 vorum
366 1771 582 1837 turonensium
616 1792 678 1836 non
712 1769 874 1836 excedunt
897 1779 930 1835 et
955 1790 1016 1853 que
1044 1770 1288 1856 permutationis
1317 1791 1415 1837 causa
1439 1792 1556 1837 vacare

224 1879 405 1961 contigerit,
429 1899 490 1944 nco
514 1881 610 1943 ctiam
636 1877 677 1943 ad
702 1878 840 1944 11111111
870 1898 927 1943 sen
952 1878 1148 1963 capellanias
1171 1885 1206 1943 ut
1229 1878 1398 1964 plurimum
1422 1901 1442 1944 a
1466 1878 1557 1944 dccc·

224 1982 373 2049 dentibus
397 1985 570 2051 secundum
594 2006 712 2050 morem
739 1984 937 2050 diversarum
962 1985 1169 2050 eeclesiarum
1194 1985 1358 2050 institutae
1381 1984 1557 2051 admissas

223 2111 281 2174 pro
305 2091 385 2176 ipsis
418 2091 648 2157 decedentibus
681 2091 891 2157 celebrandas
925 2092 1021 2158 certis
1055 2092 1235 2156 constitutis
1265 2091 1444 2157 redditibus
1471 2113 1558 2176 pres·

225 2199 327 2263 bitero
351 2200 428 2264 inibi
454 2199 631 2264 celebranti
655 2219 711 2263 scu
735 2199 825 2280 alius,
851 2205 886 2262 ut
910 2197 1031 2263 diurnis
1048 2205 1080 2262 ct
1099 2199 1261 2264 noctmnis
1285 2200 1447 2264 canonicis
1471 2198 1558 2264 horis

224 2307 381 2386 intersint,
415 2327 474 2371 nec
499 2305 662 2370 etiamad
687 2305 865 2371 cotidianos
890 2305 1131 2370 distributiones
1156 2325 1425 2388 quarumcumque
1457 2306 1558 2371 cccle-

226 2412 344 2478 siarum
368 2432 425 2478 seu
449 2414 669 2478 anniversaria
686 2413 736 2477 vel
760 2413 980 2494 obventiones,
1005 2432 1065 2495 quc
1090 2413 1131 2478 ad
1156 2420 1278 2479 certum
1303 2413 1378 2495 quid
1404 2412 1558 2500 deputate

226 2525 410 2585 noscuntur.
459 2521 574 2586 Verum
609 2521 684 2602 quia
717 2519 875 2602 contingit
899 2519 1068 2602 interdum,
1103 2519 1187 2602 quod
1212 2519 1335 2585 1111111
1358 2519 1503 2587 redditus
1527 2528 1559 2586 et

226 2632 399 2709 proventus
431 2627 656 2692 berreficiorum
690 2625 872 2692 huiusmodi
904 2626 998 2711 primi
1033 2626 1107 2691 anni
1142 2625 1299 2692 debentur
1328 2626 1483 2693 defuncto
1508 2629 1559 2694 vel

226 2732 349 2798 labrice
372 2742 429 2798 aut
452 2735 574 2818 prelato
599 2753 653 2799 seu
676 2732 812 2798 ecclesie
829 2732 962 2798 babenti
986 2734 1125 2815 annalia,
1151 2732 1362 2816 declaramus,
1387 2733 1473 2816 quod
1490 2755 1558 2820 prc-

225 2846 315 2905 textu
351 2848 459 2907 nostre
494 2839 711 2925 deputationis
746 2839 927 2905 huiusmodi
962 2861 1024 2906 non
1059 2839 1278 2925 preiudicctur·
1313 2840 1446 2925 eisdem,
1482 2842 1558 2924 quin

226 2948 307 3014 alias
339 2948 433 3034 primi
467 2949 540 3013 enni
573 2948 696 3013 fructus
729 2946 874 3014 redditus
903 2953 937 3012 et
966 2954 1140 3033 proventus
1163 2947 1283 3012 inerint
1310 2949 1493 3033 percepturi
1516 2948 1558 3015 de

227 3054 457 3121 consuetudine
480 3055 649 3139 privilegio
674 3054 725 3120 vel
748 3060 880 3134 statuto,
910 3054 985 3137 quin
1014 3053 1138 3119 fructus
1161 3053 1306 3119 redditus
1330 3059 1362 3118 ct
1385 3061 1559 3138 proventus

226 3161 406 3227 huiusmodi
431 3163 576 3245 sequenti
602 3183 685 3227 anno
708 3162 899 3246 percipiant,
929 3161 1012 3226 sicut
1035 3161 1202 3246 percipere
1227 3168 1458 3226 consueverunt
1481 3168 1559 3227 tem·

226 3270 356 3353 poribus
389 3270 567 3335 retroactis.
617 3269 768 3333 Volumus
798 3275 916 3349 autern,
950 3275 1044 3352 prout
1074 3275 1122 3332 est
1152 3287 1323 3333 consonum
1355 3269 1480 3351 rationi,
1517 3268 1558 3334 ad

226 3374 381 3441 scandala
404 3376 566 3458 evitanda,
592 3375 676 3458 quod
701 3376 817 3441 solutio
842 3374 1023 3440 huiusmodi
1047 3374 1206 3439 fructuum
1230 3374 1412 3441 reddituum
1438 3382 1471 3440 ct
1487 3396 1559 3460 pro·

226 3489 376 3548 ventuum
402 3481 458 3548 fiat
481 3484 512 3546 in
543 3482 667 3548 duobus
699 3483 842 3548 terminis
875 3482 1025 3566 congruis
1058 3481 1264 3547 collectorum
1297 3483 1429 3547 arbitrio
1462 3489 1559 3548 statu·

227 3589 329 3673 endis,
353 3591 400 3655 sic
424 3589 572 3672 equidem
595 3589 679 3673 quod
696 3591 750 3654 ubi
774 3590 962 3654 collectores
979 3589 1176 3655 taxationem
1194 3587 1382 3654 decimalem
1398 3590 1558 3654 fructuum

226 3694 408 3760 reddituum
433 3703 465 3761 ct
490 3703 699 3782 proventuum
734 3695 915 3762 huiusmodi
950 3697 1045 3781 primi
1080 3697 1156 3761 anni
1190 3716 1248 3781 pro
1283 3695 1396 3762 cadem
1433 3717 1560 3762 camera

227 3811 335 3869 nostra
367 3803 487 3869 habere
516 3804 684 3886 voluerint,
718 3805 899 3869 obtinentes
932 3805 1003 3888 ipsa
1033 3803 1188 3869 beneficia
1217 3803 1375 3869 dictorum
1399 3804 1559 3869 fructuum

227 3909 407 3975 reddituum
433 3917 466 3975 et
488 3916 699 3996 proventuum
724 3909 884 3976 residuum
909 3910 1048 3975 habituri
1067 3910 1107 3975 de
1130 3909 1251 3976 eisdem
1275 3909 1431 3976 fructibus
1454 3909 1560 3976 reddi-

227 4017 312 4083 tibus
335 4023 368 4082 et
391 4019 609 4102 proventibus,
635 4037 714 4100 quos
738 4038 775 4084 co
801 4037 877 4084 casu
902 4016 1084 4083 obtinentes
1107 4018 1139 4081 in
1163 4023 1265 4083 totum
1291 4018 1456 4102 colligent,
1487 4037 1560 4082 ean-

227 4123 299 4189 dem
323 4124 521 4190 taxationem
554 4124 778 4190 collectoribus
801 4124 929 4190 solvant
953 4123 1075 4191 eisdem
1100 4124 1132 4188 in
1157 4123 1234 4209 ipsis
1259 4123 1383 4190 duobus
1406 4125 1560 4207 terminis

226 4237 262 4295 11
284 4233 488 4317 premittitur,
512 4231 692 4298 statuendis
708 4238 741 4297 et
761 4232 971 4298 sufficientem
987 4237 1131 4316 prestent
1148 4232 1328 4297 cautionem
1344 4231 1385 4296 de
1401 4230 1560 4296 solutione

226 4335 407 4404 huiusmodi
433 4339 600 4420 facienda3
630 4340 684 4404 ubi
709 4359 784 4405 vero
809 4339 996 4405 collectores
1019 4337 1157 4424 predicti
1182 4339 1377 4404 taxationem
1402 4337 1560 4423 prefatam

227 4445 443 4513 obtinentibus
467 4445 625 4513 beneficia
648 4448 719 4532 ipsa
743 4446 904 4511 dimittere
922 4452 953 4511 et
978 4445 1097 4512 habere
1120 4445 1281 4510 residuum
1307 4445 1467 4510 fruetuum
1491 4443 1561 4510 red·

227 4550 351 4617 dituum
380 4559 412 4618 et
441 4560 651 4639 proventuum
684 4556 823 4640 ipsorum
857 4554 1024 4637 elegerint,
1060 4559 1136 4617 tunc
1169 4551 1266 4618 iidem
1300 4553 1488 4619 collectores
1520 4551 1561 4619 de

326 4773 356 4834 a)
376 4773 510 4839 pretestu
529 4766 563 4823 in
581 4784 644 4840 req.
745 4770 776 4836 b)
796 4768 940 4838 exigatur
959 4764 993 4820 in
1012 4782 1074 4836 req.
