3642 5509
763 470 833 525 1328
850 467 989 526 Februar
1007 470 1033 526 7.
1498 470 1551 528 129

322 646 359 711 ln
384 667 412 713 c.
439 669 480 714 m.
509 650 672 734 preposito
696 648 730 715 S.
754 647 844 715 Petri
868 650 1011 717 Traiect.
1035 656 1067 715 et
1091 650 1258 716 Ambrosio
1288 649 1329 717 de
1353 652 1550 737 Lamayrola

215 754 464 822 Mediolanensis
488 775 528 821 ac
552 756 695 822 Huberto
719 756 762 822 dc
777 758 959 823 Bosinclren
975 757 1117 823 Traiect.
1142 758 1305 824 canonicis
1329 758 1548 826 ecclesiarum.

376 880 448 949 Καρ.
467 881 505 935 87
522 880 547 950 s.
566 880 622 936 129
639 897 688 935 ror.
707 880 793 936 2379.

321 1077 444 1144 1428.
478 1081 565 1144 1328
592 1080 747 1146 Febrcor
770 1083 801 1147 7.
827 1079 994 1167 Aoipoon.

322 1224 490 1289 Iohannes
511 1224 617 1289 XXII
640 1226 749 1290 tribus
772 1225 1007 1291 caecatoribcs
1031 1226 1181 1304 mandat,
1216 1228 1377 1311 quatinus
1402 1226 1548 1293 Hccrico

213 1331 255 1395 de
278 1330 519 1416 Geminoponlc
543 1333 702 1398 canonico
726 1333 860 1398 ecclesie
873 1332 1065 1397 Bccncoain
1088 1334 1267 1419 conferant
1290 1335 1338 1399 od
1361 1335 1550 1399 triennium

214 1438 366 1524 officium
384 1438 560 1523 pincernie
583 1441 731 1505 eiusdem
755 1439 900 1505 cocleare.

322 1561 494 1646 [Iohannes
516 1563 626 1646 XXII]
662 1563 860 1631 (laminensis
883 1571 917 1629 ct
940 1566 973 1630 in
997 1565 1200 1650 Deitkurgen
1224 1566 1357 1633 Trcvcr.
1387 1564 1471 1631 dioc.
1497 1565 1550 1632 de-

214 1671 304 1735 canis
327 1689 367 1735 ac
388 1671 544 1753 magistro
568 1669 747 1736 Godefrido
772 1670 813 1736 de
836 1671 870 1738 S.
894 1671 1074 1737 Kuniberto
1099 1674 1254 1739 canonico
1279 1672 1390 1739 Golon.
1415 1673 1494 1738 eccl.

322 1776 396 1843 Vite
419 1796 604 1842 acinorum
627 1776 779 1844 honestas
803 1828 810 1843 .
836 1827 844 1842 .
870 1827 877 1842 .
916 1779 1046 1844 chrici
1071 1777 1150 1844 dicti
1174 1778 1216 1843 de
1240 1779 1476 1864 Geminoponle
1500 1800 1550 1845 ca·

213 1884 320 1949 nonici
344 1884 479 1951 ecclesie
502 1884 682 1949 Bunneusis
705 1883 816 1951 Golon.
841 1884 952 1950 dioc..
979 1936 986 1950 .
1013 1932 1019 1947 .
1050 1885 1136 1951 Sane
1160 1884 1274 1971 petitio
1298 1884 1442 1952 ciusdem
1462 1886 1550 1952 Hen-

213 1992 273 2057 rici
300 1991 392 2057 nobis
419 2009 521 2076 nuper
549 1991 695 2058 exhibita
723 1993 920 2075 continebat,
954 1992 1040 2076 quod
1071 1991 1190 2058 dudum
1220 1993 1281 2057 sibi
1313 1992 1451 2059 officium
1481 1994 1551 2078 pin·

214 2100 321 2171 cernie
344 2097 489 2165 eiusdem
513 2099 649 2165 ecclesie
673 2100 853 2167 Bunnensis
877 2109 1064 2166 consuetum
1088 2120 1146 2184 per
1170 2152 1178 2168 .
1205 2149 1212 2164 .
1238 2100 1394 2166 decanum
1419 2108 1452 2167 et
1475 2121 1551 2185 qua-

214 2212 286 2271 tuor
308 2206 450 2271 seniores
473 2205 646 2271 canonicos
670 2204 812 2271 eiusdem
837 2206 975 2273 ecclesie
993 2206 1171 2271 Bonnensis
1195 2206 1237 2271 ad
1260 2227 1357 2272 unam
1373 2206 1424 2272 vel
1444 2208 1552 2291 plures

214 2332 315 2378 annos
338 2332 396 2398 pro
420 2332 531 2378 eorum
555 2311 728 2378 voluntatis
753 2312 955 2397 beneplacito
981 2313 1144 2379 canonisis
1174 2310 1317 2378 eiusdem
1341 2312 1478 2379 ecclesie
1502 2334 1551 2379 es-

213 2421 336 2503 signari
370 2440 428 2505 pro
462 2420 602 2504 presenti
637 2439 721 2484 anno
756 2420 799 2485 ab
833 2418 955 2486 eisdem
992 2420 1116 2486 decano
1149 2426 1182 2486 et
1215 2421 1393 2486 senioribus
1425 2420 1551 2507 prelato

214 2526 354 2592 Henrico
378 2525 439 2591 fuit
462 2546 649 2592 concessum
673 2525 817 2609 illudque
840 2533 928 2592 tenet
952 2526 1087 2612 pacifico
1112 2533 1144 2591 et
1168 2527 1288 2610 quiete.
1321 2525 1428 2605 Quare
1444 2526 1551 2593 dictus

215 2634 373 2699 Henricus
396 2633 489 2698 nobis
512 2632 675 2698 humiliter
697 2633 902 2719 supplicavit,
933 2640 967 2699 ut
990 2632 1050 2699 sibi
1076 2632 1198 2699 dictum
1223 2632 1360 2698 officium
1385 2634 1426 2700 ad
1452 2635 1551 2699 vitam

213 2762 304 2807 suam
337 2739 516 2807 concedere
549 2761 588 2805 ac
622 2742 810 2807 confirmare
843 2762 883 2807 ex
917 2746 1006 2807 certa
1039 2742 1177 2807 scicntia
1209 2740 1425 2825 dignaremur.
1484 2742 1552 2809 Nos

214 2850 313 2934 igitur
337 2901 344 2914 .
370 2898 378 2913 .
404 2898 411 2912 .
436 2847 622 2914 discretioni
653 2854 759 2914 vestre
783 2898 791 2914 .
819 2897 826 2913 .
853 2898 860 2913 .
890 2847 1097 2932 mandamns,
1128 2847 1278 2930 quatinus
1304 2898 1311 2913 .
1337 2898 1345 2914 .
1371 2898 1404 2933 .‚
1442 2848 1469 2913 si
1503 2855 1551 2914 est

214 2959 270 3030 ita,
294 2954 416 3020 dictum
440 2954 579 3020 officium
600 2956 765 3041 pincernie
781 2953 886 3020 eidem
900 2955 1040 3021 Henrico
1064 2954 1222 3038 usquead
1239 2955 1411 3021 triennium
1435 2954 1551 3020 adata

215 3063 409 3149 presentium
434 3061 682 3147 computandum
708 3111 715 3126 .
741 3110 749 3126 .
775 3112 783 3128 .
813 3062 992 3129 concedere
1021 3070 1054 3129 et
1082 3064 1179 3128 etiam
1210 3060 1397 3128 confirmare
1421 3061 1550 3145 curetis,

215 3170 263 3236 ita
286 3169 372 3253 quod
395 3170 522 3234 interim
551 3190 615 3234 non
645 3170 746 3253 possit
769 3169 811 3235 ab
835 3189 873 3235 eo
898 3170 1041 3235 amoveri
1064 3169 1187 3254 absque
1211 3169 1342 3234 licentia
1365 3167 1451 3234 sedis
1476 3188 1552 3253 apo·

215 3278 328 3343 stolice
351 3277 485 3363 speciali
517 3296 575 3341 uec
600 3296 657 3361 per
680 3277 914 3344 assecutionem
938 3276 1120 3343 huiusmodi
1145 3276 1241 3343 officii
1266 3275 1310 3341 ad
1332 3275 1551 3342 dimissionem

215 3384 341 3450 decime
364 3386 528 3449 vinearum
553 3385 614 3450 sibi
637 3385 761 3450 ratione
785 3383 949 3469 prebende
971 3404 1038 3466 sue,
1068 3404 1164 3467 quam
1193 3386 1225 3449 iu
1254 3382 1366 3449 eadem
1391 3383 1552 3449 Bonnensi

216 3492 355 3557 ccclesia
378 3491 510 3574 obtinet,
540 3491 753 3575 competentis
780 3491 962 3557 nullatenus
987 3498 1144 3575 teneatur,
1173 3490 1461 3557 nonobstantibus
1485 3491 1553 3573 qui·

217 3600 413 3682 boscumque
445 3600 575 3665 statutis
607 3606 640 3663 et
672 3598 956 3666 consuetudinibus
989 3596 1130 3665 ciusdem
1166 3594 1302 3664 ecclesie
1335 3603 1368 3663 et
1399 3596 1455 3662 illa
1482 3618 1553 3682 pre·

215 3706 336 3784 sertim,
370 3726 432 3789 que
462 3707 495 3770 in
523 3706 663 3773 ecclesia
686 3707 757 3791 ipsa
781 3706 899 3772 dicitur
922 3707 1097 3789 observari,
1132 3704 1217 3789 quod
1249 3706 1423 3771 canonicus
1446 3704 1553 3771 huius-

217 3814 302 3880 modi
326 3812 466 3880 oificium
490 3814 638 3879 obtinens
661 3821 800 3896 nequeat
824 3813 981 3879 decimam
1006 3812 1185 3879 huiusmodi
1209 3814 1358 3895 retinere,
1382 3812 1551 3877 contrariis

217 3972 226 3988 .
243 3969 250 3984 .
270 3970 277 3985 .
302 3941 358 3987 seu
383 3920 470 4003 quod
492 3919 579 3985 idem
595 3920 754 3986 Henricus
776 3920 810 3985 in
834 3920 949 3986 eadem
966 3920 1127 3985 Bonnensi
1151 3926 1183 3984 et
1199 3918 1232 3985 S.
1250 3918 1351 3983 Mario
1372 3916 1413 3983 ad
1431 3917 1552 4002 gradus

216 4030 326 4096 Colou.
360 4028 506 4094 ecclesiis
538 4028 747 4094 canonicatus
779 4032 812 4093 et
844 4025 1027 4114 prebendas
1059 4028 1201 4093 noscitur
1233 4025 1379 4090 obtinere
1409 4031 1441 4090 et
1465 4022 1551 4108 quod

217 4136 405 4202 beneficium
429 4134 684 4200 ecclesiasticum
709 4154 781 4199 cum
805 4154 882 4200 cura
905 4140 1056 4219 spectans
1080 4132 1121 4199 ad
1151 4131 1355 4199 collationem
1384 4178 1391 4193 .
1422 4182 1429 4197 .
1457 4131 1552 4197 cella-

217 4245 301 4309 rario
326 4241 414 4308 dicte
430 4242 609 4307 Bonnensis
632 4241 771 4308 ecclesie
794 4242 987 4307 auctoritate
1012 4240 1190 4325 apostolica
1213 4240 1355 4305 noscitur
1379 4244 1552 4325 expectare

324 4351 400 4416 Dat.
425 4348 521 4415 Avin.
546 4348 609 4413 Vll
631 4346 705 4414 idus
727 4348 882 4414 februarii
905 4369 936 4414 a.
961 4346 1163 4413 duodecimo.

378 4472 450 4543 Rep.
470 4472 551 4543 881‘.
569 4472 617 4528 89¹
635 4488 683 4527 nr.
703 4471 793 4527 2233.

323 4687 445 4759 1424.
471 4690 812 4759 1328Fesroaa10.
845 4690 1011 4779 Aspara.

324 4834 484 4901 Iohannes
499 4834 600 4901 XXII
622 4834 789 4903 Everardo
815 4835 856 4902 de
880 4834 1033 4903 Embrica
1056 4832 1181 4907 confert
1205 4832 1285 4905 eccl.
1310 4830 1555 4903 Darentriensis

270 4973 540 5029 venturas-nuru
1395 4960 1412 5017 9
