3642 5509
706 485 774 541 1327
793 485 930 541 Februar
947 484 991 541 26.
1472 484 1506 539 21

172 672 279 734 stante
304 666 389 750 qnod
414 667 517 733 altare
540 665 574 733 S.
599 665 710 732 laoobi
735 667 831 731 sitnm
855 666 888 730 in
912 665 991 731 eool.
1016 662 1050 730 S.
1067 662 1170 731 (tassii
1194 663 1372 733 Bonnensis
1396 664 1506 732 (tolon.

172 772 256 839 dine.
282 774 416 840 obtinet.

280 880 457 948 Probitatis
480 888 536 948 tue
558 882 673 947 merito
687 931 694 948 .
710 931 717 947 .
733 930 740 946 .
766 881 841 946 Dat.
856 881 950 945 Avin.
964 881 1031 945 llll
1047 880 1092 945 kl.
1109 881 1221 946 maroli
1235 902 1266 946 a.
1284 878 1461 947 undecimo.

279 990 317 1053 ln
341 1009 369 1055 e.
394 1010 434 1054 m.
460 989 583 1055 deoano
601 986 883 1056 Halberstadensis
907 994 941 1053 et
964 987 1163 1053 thesaurario
1180 1008 1219 1062 ao
1235 986 1406 1054 scolastico
1424 986 1509 1052 Bun·

172 1098 281 1164 nensis
305 1097 415 1164 Goion.
440 1096 524 1162 dion.
549 1096 769 1163 eeclesiarum.

334 1222 407 1293 Ray.
427 1223 467 1276 83
483 1220 508 1291 f.
528 1222 576 1274 551
594 1236 641 1275 nr.
661 1222 744 1275 1135.

281 1463 397 1530 1152.
434 1466 520 1531 1327
544 1464 697 1529 Fabraar
720 1465 772 1527 26.
795 1460 962 1549 Aoipuoa.
1089 1524 1095 1535 ,

280 1605 440 1673 Iohannes
464 1606 562 1671 XXII
593 1602 768 1691 Reynardo
794 1601 835 1669 de
859 1603 1071 1687 Westerbnrg
1094 1604 1248 1670 eanonioo
1273 1603 1352 1670 eoel.
1378 1604 1509 1670 Trever.

171 1714 371 1779 reservatio
395 1711 484 1779 dieta
507 1713 645 1780 ecelesia
668 1710 859 1796 dignitatem
883 1710 937 1777 vel
961 1716 1167 1796 personatum
1191 1731 1247 1777 seu
1271 1710 1412 1777 officium
1438 1731 1510 1780 eum

172 1840 251 1885 onra
276 1819 327 1885 vel
355 1821 423 1886 sine
452 1840 529 1886 eura
557 1819 599 1885 ad
623 1839 754 1905 presens
778 1838 899 1885 vaeans
924 1818 974 1883 vel
1000 1818 1146 1903 proxime
1171 1824 1356 1883 vacaturum
1380 1839 1510 1883 -non

172 1928 325 1993 obstante
349 1927 434 2011 quod
458 1928 490 1992 in
511 1927 641 1993 Trever.
666 1927 775 1993 Colon.
801 1931 834 1993 et
857 1926 1019 1991 Bonnensi
1044 1924 1156 1990 Oolon.
1180 1924 1265 1990 dioo.
1289 1925 1436 1991 eeclesiis
1459 1945 1511 1991 oa·

171 2035 344 2101 nonioatns
366 2042 398 2101 et
422 2033 605 2121 prebendas
630 2034 762 2100 obtinet.

281 2141 426 2227 Exignnt
449 2148 502 2207 tue
526 2143 640 2207 merita
654 2191 661 2206 .
676 2190 706 2206 ..
740 2142 816 2207 Dat.
831 2142 925 2206 Avin.
940 2140 1005 2205 llll
1025 2140 1070 2206 kl.
1087 2141 1199 2207 marcii
1216 2161 1246 2206 a.
1263 2138 1443 2206 undeoimo.

283 2250 320 2313 ln
344 2268 373 2313 e.
402 2269 443 2313 m.
479 2247 763 2315 Halberstadensis
799 2254 831 2313 et
865 2248 898 2313 S.
930 2246 1051 2312 Florini
1085 2245 1125 2313 de
1153 2245 1354 2314 Confluentis
1376 2246 1509 2314 Trever.

172 2354 258 2424 dion.
283 2352 416 2421 decanis
439 2354 648 2422 ecelesiarum
671 2374 711 2420 ae
734 2353 867 2420 olfioiali
891 2353 1083 2421 Coloniensi.

360 2480 433 2548 Rep.
453 2480 493 2533 83
508 2478 534 2548 f.
552 2480 589 2533 61
607 2495 655 2534 nr.
676 2481 755 2533 1151.

282 2742 397 2809 1153.
425 2746 511 2809 1327
536 2743 690 2808 Febraar
713 2746 767 2809 27.
806 2742 969 2830 Aoipaon.

283 2886 453 2952 Iohannes
479 2886 589 2951 XXII
617 2886 805 2951 Werdeasis
829 2894 860 2951 et
892 2886 1125 2951 Vetrismoatis
1148 2906 1189 2951 aa
1213 2885 1421 2972 Siberpeusis
1444 2906 1510 2952 mo·

173 2996 405 3060 austeriorum
432 2994 607 3059 abbatibus
636 2994 788 3075 maudut,
822 2994 982 3079 quatinus
1015 2993 1206 3059 abactionem
1232 2990 1448 3078 Oaaepaudis
1470 2993 1512 3059 de

173 3104 291 3167 Monte
313 3102 351 3165 tu
374 3101 580 3166 abbatissam
604 3100 738 3166 eoeleste
761 3100 926 3165 secularis
949 3097 1171 3165 Asaiadeuais
1193 3101 1399 3185 confirmant.

285 3241 457 3327 [lohannes
473 3241 583 3325 XXII]
619 3241 829 3309 Virdunensis
861 3242 957 3323 (siet)
990 3247 1023 3307 et
1048 3240 1174 3307 Veteris
1201 3238 1319 3306 montis
1343 3261 1381 3307 aa
1404 3239 1512 3306 Siber-

173 3350 284 3434 gensis
308 3350 419 3416 Oolon.
443 3347 528 3415 dioo.
552 3349 817 3415 monasteriorum
841 3348 1023 3414 abbatibus.

282 3457 438 3536 Quamvis
460 3476 502 3521 ex
525 3457 698 3542 pastoralis
722 3454 819 3521 offleii
846 3503 906 3524 ...
933 3456 1043 3540 Nuper
1067 3454 1226 3539 siqnidem
1244 3504 1251 3519 .
1271 3503 1304 3520 ..
1331 3454 1514 3540 Luegardis

175 3564 340 3652 preposita
364 3570 397 3630 et
419 3564 529 3648 Agnes
553 3562 678 3629 decana
701 3568 733 3628 et
757 3561 934 3649 capitulum
963 3562 1117 3629 secularis
1147 3561 1285 3628 ecclesie
1308 3560 1514 3629 Assindensis

173 3672 217 3739 ad
251 3670 388 3739 eandem
418 3670 596 3737 Romanam
629 3669 799 3736 ecelesiam
831 3669 919 3735 nnllo
952 3667 1060 3734 medio
1093 3669 1283 3754 pertinentis
1315 3667 1514 3736 boloniensis

175 3779 316 3847 diocesis
337 3779 431 3845 nobis
453 3798 511 3863 per
527 3797 602 3843 suas
618 3783 766 3863 patentes
791 3776 917 3841 litteras
939 3775 1122 3860 significare
1146 3781 1307 3859 curarunt,
1333 3775 1417 3858 quod
1439 3775 1513 3841 olim

175 3888 314 3955 eeclesia
346 3888 418 3967 ipsa
450 3905 508 3970 per
541 3884 661 3950 obitum
696 3881 857 3967 qnondam
882 3882 1041 3948 Beatrieis
1063 3880 1228 3949 abbatisse
1251 3882 1352 3968 ipsius
1376 3881 1514 3948 eoelesie

175 3995 332 4075 regimine
356 3993 520 4059 abbatisse
544 3990 710 4074 destituta,
734 3989 821 4055 dicte
844 3990 1010 4076 preposita
1026 3988 1149 4055 deeana
1166 3995 1199 4054 et
1216 3990 1389 4076 capitulum
1413 3990 1514 4074 ipsius

176 4101 324 4184 ecclesie,
360 4100 392 4165 in
426 4119 489 4183 qua
522 4097 668 4165 eanonioi
701 4096 863 4163 seculares
891 4096 1021 4162 inerunt
1049 4097 1089 4162 ab
1120 4096 1263 4179 antiquo,
1298 4094 1384 4162 sieut
1406 4095 1514 4163 adhue

177 4210 316 4275 existere
348 4205 567 4288 dinoscuntur,
604 4206 657 4288 qui
688 4202 729 4269 ad
755 4203 945 4269 electionem
970 4203 1133 4269 abbatisse
1158 4252 1165 4267 .
1192 4252 1200 4267 .
1225 4252 1234 4267 .
1258 4201 1301 4270 de
1324 4204 1458 4286 antiqua
1481 4210 1515 4270 et

177 4316 359 4401 approbata
382 4321 414 4380 et
438 4311 594 4378 haetenus
627 4310 762 4397 paoilioe
795 4312 968 4377 observata
1003 4308 1234 4376 consuetudine
1261 4329 1325 4375 una
1349 4329 1422 4375 eum
1445 4330 1515 4396 pre·

178 4424 283 4508 posita
316 4421 442 4487 decana
474 4418 692 4486 canonieabus
715 4424 748 4484 et
772 4418 914 4503 capitulo
948 4416 1090 4483 eiusdem
1124 4415 1261 4483 eeclesie
1290 4415 1513 4502 admittuntur,

179 4530 302 4595 voeatis
324 4528 472 4595 omnibus
496 4526 712 4593 eanonieabus
734 4544 858 4591 neenon
883 4573 890 4590 .
918 4574 926 4589 .
953 4524 1096 4590 Iohanne
1119 4520 1243 4590 decano
1268 4530 1300 4590 et
1323 4524 1396 4589 aliis
1419 4544 1514 4591 eano-

178 4636 258 4703 nieis
282 4634 427 4703 eiusdem
451 4634 656 4700 ecclesie...
674 4631 902 4699 conuenientes
925 4630 958 4696 in
982 4652 1079 4697 unum
1103 4651 1142 4697 ao
1166 4630 1381 4696 deliberantes
1404 4631 1437 4696 in
1458 4631 1514 4698 hn-

177 4742 313 4811 iusmodi
346 4742 514 4808 electionis
545 4741 677 4824 negotio
710 4760 767 4825 per
791 4740 876 4805 viam
908 4738 1085 4824 proaedere
1113 4737 1344 4823 compromissi,
1377 4738 1511 4805 tandem

180 4858 251 4936 post
273 4851 400 4935 aliquos
425 4856 582 4915 tractatus
685 4846 781 4913 dietis
804 4847 968 4934 preposite
991 4852 1024 4913 et
1047 4844 1169 4913 deeane
1196 4865 1321 4913 neenon
1427 4846 1514 4913 lutte
