3642 5509
758 457 829 516 1327
848 459 984 516 Februar
1002 460 1027 517 2.
1531 459 1566 516 13

232 647 301 694 esse
334 625 463 710 dicitur,
495 629 645 713 persius
670 630 846 696 exercitum
872 628 1098 715 [oppugnaret]
1131 629 1260 697 edificia
1287 639 1416 717 segetes
1438 651 1490 699 res
1514 653 1566 700 cu·

230 735 345 800 riarum
378 732 631 802 molendinomm
661 741 694 802 et
723 734 888 802 domorum
918 735 1059 802 omnium
1089 735 1169 805 dicti
1196 739 1380 806 monasterii
1405 741 1496 824 quasi
1519 747 1563 806 to·

230 841 338 907 taliter
370 840 530 908 desnuxit
558 849 591 908 et
619 843 716 908 etiam
749 840 943 921 devastavit,
977 845 1023 910 ita
1046 843 1131 927 quod
1161 844 1358 912 abbatissam
1382 853 1416 913 et
1437 867 1563 915 sorores

230 948 375 1033 prefatas
406 950 634 1016 monasterium
663 951 767 1035 ipsum
791 951 880 1016 exire
903 957 937 1017 et
958 950 1035 1017 alibi
1060 951 1247 1035 aliquandiu
1270 954 1387 1021 morari
1410 957 1563 1041 oportuit,

232 1054 383 1139 dictaque
419 1054 548 1123 edificia
578 1058 633 1123 vix
666 1057 717 1123 vel
740 1077 903 1140 nunquam
931 1057 1142 1125 retrodilicari
1167 1066 1200 1126 et
1223 1060 1393 1127 reformari
1416 1069 1566 1148 poterunt

229 1160 271 1228 de
305 1163 406 1248 ipsius
440 1163 625 1230 monasterii
660 1163 869 1232 facultatibus
903 1167 972 1232 sinc
1001 1164 1163 1232 adiutorio
1192 1168 1328 1252 plurium
1361 1169 1507 1254 aliorum,
1532 1174 1566 1235 et

231 1268 316 1352 quod
349 1269 494 1355 pluribus
528 1269 601 1338 aliis
634 1269 675 1337 de
705 1273 812 1340 causis
835 1279 868 1338 et
891 1272 1021 1340 casibus
1044 1272 1210 1340 infortunii
1235 1273 1322 1342 dicte
1345 1276 1510 1343 abbatissa
1533 1281 1566 1342 ct

231 1396 355 1444 sorores
378 1375 411 1442 in
436 1376 523 1444 dicto
556 1379 748 1444 monasterio
782 1385 993 1465 paupertates
1016 1385 1049 1447 et
1071 1380 1223 1466 penurias
1245 1383 1402 1449 sustinent
1425 1382 1567 1450 infinitas

230 1503 290 1550 nec
314 1483 423 1551 valent
446 1483 487 1551 dc
511 1484 611 1570 ipsius
634 1486 819 1553 monasterii
842 1486 1053 1554 facultatibus
1076 1486 1211 1555 comode
1233 1491 1416 1556 sustentari.
1458 1490 1565 1569 Quare

231 1611 289 1677 pro
322 1597 414 1677 parte
440 1592 583 1677 ipsarum
606 1593 698 1659 nobis
722 1594 830 1659 extitit
852 1593 1017 1661 humiliter
1039 1597 1266 1681 supplicatum,
1301 1603 1345 1681 ut,
1378 1617 1419 1663 ne
1442 1595 1565 1664 dictum

230 1698 458 1765 monasterium
490 1699 640 1764 maximis
675 1701 825 1768 oneribus
856 1707 971 1787 pereat
1003 1709 1232 1787 pregravatum
1255 1710 1288 1769 et
1310 1710 1347 1769 ut
1374 1723 1510 1789 persone
1533 1706 1566 1770 in

231 1804 344 1872 codem
367 1806 561 1872 monasterio
585 1827 643 1892 pro
666 1811 810 1892 tempore
835 1807 991 1893 degentes
1014 1809 1126 1876 melius
1141 1811 1314 1876 sustentari
1331 1811 1470 1894 valeant,
1495 1832 1566 1896 par·

231 1911 404 1979 rochialem
438 1913 607 1979 ecclesiam
635 1914 667 1979 in
691 1914 876 1980 Erbinheim
901 1914 989 1982 dicte
1012 1922 1067 1982 tue
1090 1915 1239 2001 diocesis,
1274 1917 1363 1983 cuius
1386 1917 1436 1984 ius
1459 1925 1565 2004 patro·

234 2027 328 2086 natus
350 2018 393 2086 ad
419 2018 539 2085 dictum
563 2021 791 2087 monasterium
815 2041 856 2088 ex
872 2021 1047 2089 donatione
1070 2043 1127 2089 seu
1150 2024 1322 2090 collatione
1346 2022 1424 2089 dicti
1441 2025 1566 2092 comitis

232 2127 371 2212 pertinet
394 2128 489 2212 pleno
512 2128 590 2203 iure,
618 2129 824 2214 incorporare
847 2136 880 2196 ct
903 2137 1075 2197 annectere
1098 2131 1140 2197 de
1162 2131 1364 2216 benignitate
1387 2131 1567 2217 apostolica

232 2233 446 2318 dignaremur.
498 2233 582 2312 Quia
605 2255 681 2301 vero
705 2234 747 2301 de
770 2237 933 2322 premissis
957 2239 1108 2304 noticiam
1132 2259 1196 2304 non
1220 2238 1385 2323 habemus,
1410 2289 1416 2304 .
1442 2287 1450 2305 .
1473 2288 1481 2304 .
1504 2237 1567 2304 sra-

231 2341 376 2406 temitati
399 2347 453 2406 tue
470 2391 478 2407 .
497 2390 505 2407 .
523 2390 530 2406 .
548 2342 775 2409 committimus
791 2351 824 2409 et
839 2342 1038 2429 mandamus,
1063 2344 1224 2429 quatinus,
1248 2346 1276 2413 si
1299 2351 1443 2432 tempore
1466 2344 1565 2412 dona·

231 2448 327 2514 tionis
349 2467 407 2515 seu
430 2449 611 2516 collationis
634 2448 816 2516 huiusmodi
839 2449 882 2516 ad
906 2450 1028 2518 dictum
1052 2453 1201 2518 comitem
1224 2458 1413 2539 patronatus
1435 2453 1469 2519 in
1492 2473 1562 2539 pre·

231 2553 301 2621 iata
323 2554 517 2641 parrochiali
542 2555 691 2634 ecclesia,
715 2564 751 2623 ut
774 2558 945 2643 prefertur,
968 2559 1161 2645 pertinebat,
1186 2560 1355 2627 ecclesiam
1370 2560 1474 2647 ipsam
1490 2579 1562 2625 cum

233 2663 378 2728 omnibus
401 2660 522 2729 iuribus
546 2670 579 2730 et
598 2666 806 2749 pertinenciis
827 2667 893 2733 suis
908 2665 1014 2732 eidem
1030 2669 1224 2734 monasterio
1240 2667 1433 2735 auctoritate
1455 2673 1566 2735 nostra

231 2769 416 2855 incorpores
439 2771 530 2837 unias
553 2777 586 2836 et
609 2778 763 2838 annectas
787 2821 794 2837 .
820 2821 827 2838 .
851 2820 858 2838 .
883 2780 1049 2840 reservata
1078 2781 1191 2861 perte
1214 2776 1303 2861 prius
1326 2774 1368 2842 de
1390 2774 1491 2861 ipsios
1514 2794 1563 2840 ec·

233 2875 329 2942 clesie
358 2877 565 2962 proventibus
593 2885 748 2964 perpetuo
778 2879 900 2947 vicario
926 2931 933 2946 .
961 2930 968 2946 .
994 2901 1169 2966 ‚congrua
1195 2883 1375 2968 portione.
1401 2931 1441 2948 ..
1487 2882 1564 2947 Dat.

232 2984 325 3049 Avin.
350 2985 418 3049 Illl
442 3005 543 3050 nonas
567 2984 720 3051 februarii
744 3007 774 3052 a.
798 2986 979 3053 undecimo.

391 3108 466 3180 Rep.
484 3111 522 3164 83
538 3107 562 3180 f.
583 3109 645 3164 1591
664 3111 818 3176 nr.1404,·
838 3111 955 3182 Preger
973 3109 1022 3180 (in
1035 3111 1281 3184 abhandlungen
1299 3112 1355 3168 der
1373 3109 1441 3168 aar.
1456 3112 1566 3166 Ktaem

394 3197 451 3254 der
469 3197 658 3254 Mttncbener
676 3199 773 3255 Alead.
792 3201 875 3270 1886)
896 3217 944 3255 nr.
963 3203 1034 3268 310‚·
1055 3202 1107 3258 aa.
1127 3204 1185 3259 805
1204 3219 1233 3257 n.
1253 3201 1281 3257 2.

338 3453 454 3524 naa.
492 3459 578 3528 1327
602 3459 758 3527 Febraar
780 3463 812 3526 2.
842 3457 1009 3549 Aoipnon.

341 3601 488 3668 Iohanni
500 3601 609 3668 XXII
631 3610 817 3670 commotae
833 3603 995 3690 praeibas
1010 3601 1152 3692 Abydo
1176 3603 1218 3671 de
1240 3602 1379 3671 Naaaae
1401 3607 1567 3676 abbatisse

233 3710 432 3775 monasterii
454 3712 492 3775 in
517 3709 704 3778 Clarendal
728 3711 869 3777 mandat
893 3712 1142 3798 archiepiscopo
1172 3713 1378 3797 Trebel-enei,
1406 3717 1566 3799 quatinus

233 3814 320 3882 dieto
345 3818 549 3884 monasterio
573 3819 765 3904 incorporet
787 3819 960 3885 ecclesiam
981 3820 1231 3904 parrochialem
1253 3821 1291 3885 in
1321 3822 1449 3888 Wiaele.

340 3957 512 4042 [Iohannes
532 3960 643 4045 XXII]
667 3960 911 4046 archiepiscopo
936 3961 1135 4028 Trevercnsi.

215 4137 217 4142 ,
338 4065 398 4131 Pia
422 4072 498 4133 vota
521 4088 728 4153 personarum
751 4117 811 4137 ...
837 4069 990 4135 Porrecto
1013 4066 1171 4152 siquidem
1194 4069 1288 4136 nobis
1311 4091 1369 4156 pro
1392 4077 1510 4157 parte.
1531 4120 1566 4139 ..

232 4170 369 4257 Aleydis
402 4174 566 4240 abbatisse
598 4181 632 4241 et
661 4194 803 4242 sororum
836 4175 1021 4242 monasterii
1043 4175 1075 4240 in
1101 4174 1273 4242 Olarendal
1302 4197 1404 4263 prope
1433 4177 1566 4264 opidum

233 4277 478 4365 Wyssebahden
502 4281 624 4348 ordinis
647 4281 682 4348 S.
700 4281 793 4349 Clare
810 4283 998 4367 Maguntine
1022 4280 1160 4350 diocesis
1183 4283 1354 4368 peticionis
1376 4285 1476 4352 series
1492 4306 1567 4352 con·

233 4386 367 4470 duchat,
392 4386 478 4472 quod
501 4387 686 4456 Ludovicus
709 4389 751 4456 de
774 4389 926 4473 Bavaria,
951 4388 1027 4455 dum
1051 4381 1230 4474 predictum
1254 4388 1396 4477 opidum,
1421 4391 1533 4476 quod.
1557 4442 1565 4460 .

233 4492 361 4560 Gerlaci
394 4495 520 4562 comitis
542 4495 710 4564 Nassavvie
742 4495 886 4564 eiusdem
919 4496 1084 4564 abbatisse
1117 4496 1225 4564 fratris
1248 4517 1319 4564 esso
1343 4496 1471 4583 dicitur,
1496 4501 1564 4586 (op-

232 4603 404 4686 pugnaret)
437 4623 495 4689 per
523 4603 592 4670 eius
620 4605 797 4670 exercitum
827 4601 957 4670 edificia
985 4610 1113 4689 segetes
1136 4610 1168 4670 et
1191 4624 1243 4671 ros
1266 4606 1425 4672 curiarum
1448 4608 1567 4673 molen·

233 4705 378 4774 diuorum
403 4714 436 4775 et
458 4708 624 4776 domorum
647 4711 787 4777 omnium
811 4709 891 4776 dicti
914 4709 1099 4777 monasterii
1124 4710 1216 4795 qnasi
1239 4709 1383 4778 totaliter
1406 4711 1567 4779 destruxit

309 4815 358 4882 ita
390 4815 476 4902 quod
508 4819 704 4886 abbatissam
727 4823 760 4885 et
783 4837 909 4886 sorores
933 4817 1076 4904 prefatas
1098 4819 1326 4885 monasterium
1349 4821 1453 4908 ipsum
1477 4821 1566 4890 exiro
