3642 5509
786 417 856 476 luat
875 415 939 476 Jull
957 415 982 475 1.

302 616 420 686 1218.
447 621 532 684 1327
556 619 633 686 Jatt
657 621 686 684 7.
712 617 878 705 Avipaou.

302 760 463 827 lohannes
486 760 585 826 XXII
614 760 723 826 Ottoni
749 760 790 825 de
815 761 929 844 Hagen
954 761 1078 826 confert
1101 761 1180 826 eccl.
1205 760 1239 827 S.
1256 761 1378 827 Florini
1402 763 1434 826 in
1451 762 1529 829 Con-

196 868 327 934 fluentia
351 869 482 934 Trever.
518 868 602 934 dioc.
638 869 873 951 canonicatum,
907 868 1104 953 prebendam
1130 889 1204 933 vcro
1240 868 1344 934 eidem
1377 877 1528 952 reservat,

195 995 259 1041 non
282 977 432 1042 obstante
456 975 542 1059 quod
567 977 599 1040 in
624 974 660 1040 Β.
678 975 778 1040 Marie
796 975 1022 1064 ¹Traiectenois
1045 996 1084 1041 ac
1102 976 1306 1060 Hugardensi
1321 977 1422 1042 Leod.
1444 977 1527 1044 dioc.

195 1084 253 1150 sub
283 1082 518 1168 prebendarum
548 1089 580 1148 et
603 1083 637 1147 in
660 1081 773 1148 eadem
796 1082 833 1148 Β.
861 1082 963 1148 Mario
993 1083 1139 1150 ecclesiis
1168 1085 1227 1150 sub
1255 1084 1424 1168 dignitatis
1457 1105 1529 1170 per-

195 1198 326 1255 senatus
350 1189 401 1256 vel
425 1188 522 1254 officii
548 1191 775 1275 expectatione
798 1190 831 1253 in
855 1190 1064 1256 canonicatus
1088 1190 1221 1256 obtinet.

302 1297 469 1362 Attributa
493 1297 551 1362 tibi
575 1297 752 1362 merita
779 1296 854 1361 Dat.
871 1295 967 1361 Avin.
990 1316 1092 1364 nonas
1116 1297 1184 1362 iulii
1208 1318 1238 1363 a.
1255 1297 1434 1364 undecimo.

302 1405 340 1469 ln
363 1424 391 1470 e.
408 1425 450 1472 m.
475 1404 598 1471 decano
623 1403 655 1469 S.
675 1403 818 1470 Castoris
844 1405 877 1468 in
894 1402 1095 1469 Confluentis
1111 1405 1242 1470 Trever.
1268 1405 1350 1471 dioc.
1375 1413 1408 1472 et
1431 1406 1531 1472 archi-

196 1511 332 1578 diacono
357 1512 488 1577 Trever.
514 1532 553 1577 ae
577 1513 730 1596 magistro
755 1511 890 1580 Nicolao
922 1511 963 1576 de
993 1510 1115 1578 Frattis
1147 1513 1303 1578 canonico
1327 1515 1530 1581 Patracensis

197 1619 274 1684 eccl.
299 1618 478 1684 litterarum
502 1618 731 1704 apostolicarum
756 1617 940 1684 correctori.

344 1744 417 1814 neq.
436 1745 475 1798 or
492 1743 516 1813 f.
536 1743 592 1796 roe
609 1759 657 1796 nr.
677 1743 762 1797 2433.

299 2013 417 2080 1219.
450 2017 535 2080 1327
559 2016 637 2083 Jult‘
660 2017 714 2080 12.
741 2014 905 2102 Aoipuou.

301 2156 461 2223 lohannes
478 2158 576 2223 XXll
601 2158 734 2242 Hilgero
759 2156 799 2222 de
821 2157 932 2224 Stessa
954 2158 1047 2222 militi
1071 2178 1110 2222 ae
1126 2158 1245 2243 Aleydi
1269 2159 1310 2224 dc
1326 2158 1530 2238 Quatermart
1635 2238 1637 2241 v

197 2265 265 2329 eius
288 2266 381 2328 uxori
404 2263 561 2347 indulget,
597 2271 642 2348 ut,
675 2266 702 2329 si
726 2265 808 2330 sorte
833 2265 874 2329 ad
903 2265 975 2330 loca
1005 2265 1226 2332 ecclesiastico
1256 2265 1428 2331 interdicto
1457 2287 1529 2351 sup·

196 2371 302 2454 posita
335 2371 421 2454 ipsos
455 2371 505 2436 vel
539 2371 674 2436 alterum
707 2373 845 2456 ipsorum
870 2372 964 2436 simul
988 2373 1038 2437 vel
1062 2373 1235 2457 separatim
1260 2373 1453 2455 contigerint
1476 2373 1530 2437 de·

196 2477 324 2552 clinare,
357 2479 481 2564 possint
504 2479 565 2544 sibi
590 2485 623 2544 et
651 2478 864 2544 familiaribus
894 2481 960 2545 suis
984 2486 1017 2545 et
1040 2478 1123 2562 aliis,
1158 2480 1267 2561 quiin
1292 2500 1351 2546 sua
1373 2481 1529 2545 societate

196 2585 325 2668 luerint,
355 2584 466 2650 divina
489 2585 595 2650 officia
618 2586 727 2651 facere
751 2586 919 2669 celebrari,
944 2587 1083 2652 exclusis
1113 2588 1397 2653 excommunicatis
1425 2593 1456 2651 et
1485 2587 1528 2651 in·

195 2691 352 2776 terdictis,
376 2693 481 2759 ianuis
504 2692 622 2760 clausis
646 2700 707 2763 ete.

304 2799 346 2866 Ut
368 2819 446 2884 erga
469 2799 579 2866 sedern
603 2801 814 2887 apostolicam
828 2851 835 2867 .
850 2851 879 2866 ..
928 2802 1004 2868 Dat.
1023 2803 1116 2868 Avin.
1134 2803 1200 2867 llll
1227 2801 1302 2868 idus
1327 2802 1395 2867 iulii
1419 2823 1449 2866 a.
1474 2821 1529 2866 un-

196 2906 332 2972 decimo.

345 3024 418 3096 ch.
438 3025 517 3094 84f.
539 3023 585 3076 79¹
604 3038 652 3076 ur.
671 3023 755 3080 2211.

299 3287 423 3352 122⁰.
448 3287 533 3352 1327
557 3287 633 3352 Jult'
651 3288 703 3351 13.
727 3282 894 3370 Aoipuou.

303 3432 470 3498 Iohannes
495 3431 606 3496 XXII
625 3431 778 3496 omuibus
800 3448 878 3493 uere
896 3425 1127 3512 penitentibus
1151 3429 1183 3488 et
1206 3420 1380 3508 confessis,
1404 3419 1461 3504 qui
1484 3419 1530 3484 ud

189 3539 436 3625 perficiendum
455 3559 540 3623 opus
563 3536 693 3604 ecclesii
717 3535 925 3602 cathedralis
939 3531 1146 3600 Colonieasis
1168 3549 1291 3593 maaca
1311 3527 1531 3613 procreaverint

194 3645 389 3729 adiutrices,
413 3646 561 3732 turpiter
584 3644 825 3730 indulgentiae.

302 3787 474 3872 [lohannes
501 3787 613 3868 XXII]
642 3785 800 3852 universis
824 3783 952 3850 Christo
980 3780 1128 3847 fidelibus
1151 3784 1316 3866 presentes
1339 3777 1463 3843 litteras
1486 3777 1531 3841 in-

194 3895 352 3980 specturis
375 3895 522 3961 salutem.

302 4001 522 4068 Ecclesiamm
547 3999 682 4066 fabricis
706 4020 818 4066 manus
842 3997 1008 4083 porrigere
1032 3994 1206 4061 adiutrices
1228 3993 1315 4078 pium
1332 3990 1419 4077 apud
1435 3991 1531 4056 deum

195 4115 227 4174 et
250 4109 445 4175 meritorium
469 4114 669 4194 reputantes,
705 4106 891 4190 frequenter
915 4103 1035 4170 Christi
1067 4100 1179 4167 fideles
1211 4099 1254 4165 ad
1283 4097 1530 4185 impendendum

194 4216 341 4283 ecclesiis
364 4215 444 4301 ipsis
467 4213 648 4281 huiusmodi
673 4213 825 4279 auxilium
848 4212 966 4278 nostris
990 4211 1105 4275 litteris
1128 4208 1343 4289 exhortamur,
1371 4213 1407 4272 ut
1430 4205 1472 4270 ad
1496 4203 1531 4270 id

195 4343 233 4390 eo
261 4323 376 4389 fortius
406 4325 595 4405 animentur,
631 4340 693 4404 quo
717 4321 820 4404 magis
844 4339 884 4384 ex
915 4317 977 4383 boc
1000 4316 1177 4382 animorum
1201 4313 1402 4380 commodum
1425 4332 1531 4397 spera-

194 4430 299 4496 verint
322 4429 470 4516 adipisci,
494 4449 720 4513 nonnunquam
744 4448 803 4513 pro
827 4427 889 4492 biis
913 4424 1143 4510 temporalibus
1165 4422 1328 4506 suffragiis
1351 4420 1531 4507 spiritualia

195 4539 241 4606 eis
273 4557 415 4621 munera,
450 4537 604 4604 videlicet
635 4537 838 4603 remissiones
868 4541 900 4600 et
932 4532 1151 4616 indulgentias
1184 4528 1352 4614 largiendo
1363 4537 1389 4592 ².
1451 4527 1529 4594 (lum

193 4647 301 4730 igitur,
335 4647 419 4713 sicut
452 4644 564 4712 dilecti
596 4643 652 4710 filii
678 4693 685 4708 .
711 4695 718 4708 .
743 4641 885 4710 decanus
910 4647 943 4707 et
966 4639 1142 4726 capitulum
1173 4637 1309 4704 ecclesie
1333 4635 1530 4703 Coloniensis

301 4789 331 4858 s)
350 4787 541 4858 Indulgentie
560 4787 734 4858 largiuntur
752 4783 787 4840 iu
805 4799 868 4857 rep.
