3642 5509
777 457 850 515 1330
867 457 989 530 August
1009 457 1033 514 1.
1522 455 1575 516 att

233 661 302 728 per·
332 644 461 707 statuta
494 641 614 706 ueteris
644 641 778 706 concilii
795 641 1021 726 provincialis
1044 641 1240 728 blapuntini
1263 641 1510 727 promulpatas,
1543 641 1573 705 si

240 770 324 835 quas
349 750 532 834 posteritas
560 749 682 814 cisium
707 749 1017 833 diapantinensium
1040 749 1186 814 incurrit
1210 770 1253 815 eac
1277 769 1324 831 eo,
1349 749 1437 834 quod
1460 768 1573 814 mona-

239 858 379 923 sterinm
412 856 447 922 S.
467 857 592 921 Albani
625 861 657 920 et
689 857 862 921 ecclesiam
896 857 1074 941 domosque
1098 857 1133 922 S.
1155 857 1297 922 Victoris
1330 857 1509 921 diruerant
1542 863 1573 921 et

238 965 480 1030 neonastorium
507 963 541 1028 S.
568 965 682 1028 iacobi
711 964 747 1027 in
768 965 981 1051 fortalicium
1012 972 1237 1046 mutauerant,
1267 985 1330 1049 quo
1354 964 1474 1029 melius
1498 964 1574 1028 eini-

240 1078 343 1137 tatem
360 1076 501 1157 possent
524 1071 704 1157 defendere
727 1073 769 1136 ab
789 1071 939 1136 hostibus
955 1073 1101 1137 ciuitatis
1118 1080 1148 1138 et
1164 1072 1408 1156 archiepiscopi
1423 1070 1573 1152 Hearici,

239 1187 270 1244 et
293 1179 382 1264 quod
397 1179 579 1243 nonnullos
603 1179 783 1244 monachos
807 1181 1006 1268 monasterii
1023 1179 1193 1245 &Albani
1216 1181 1414 1244 adherentes
1438 1179 1574 1243 cuidam

239 1307 273 1350 se
297 1287 338 1350 de
359 1287 453 1371 facto
470 1305 540 1371 pro
563 1287 842 1350 administratore
865 1287 999 1351 ecclesie
1024 1288 1222 1372 blapuntiae
1238 1287 1366 1372 parenti
1382 1286 1574 1350 uerberibus

238 1393 496 1478 uulneribusque
528 1393 714 1478 affecerunt
748 1394 992 1478 eorundemque
1023 1414 1082 1459 nee
1107 1415 1174 1458 non
1204 1394 1351 1460 aliorum
1382 1394 1488 1458 eidem
1511 1393 1572 1458 ad-

238 1500 467 1566 ministratori
491 1501 725 1565 adherentium
749 1502 835 1566 boaa
858 1500 1087 1586 diripuerunt.

346 1643 518 1727 [lohannes
542 1642 664 1727 xxii]
711 1642 763 1708 Ad
787 1649 977 1728 perpetuam
1001 1645 1046 1709 rei
1071 1643 1267 1710 memoriam.

346 1749 412 1815 Sua
444 1750 536 1816 nobis
568 1748 678 1822 dilecti
703 1750 758 1815 lilii
793 1751 985 1816 carmerarius
1021 1752 1175 1818 scultetus
1206 1751 1329 1818 iudices
1362 1749 1508 1816 consules
1541 1755 1573 1814 et

240 1877 405 1922 commune
428 1858 569 1924 civitatis
584 1858 775 1940 Magantine
798 1858 1010 1924 insinuatione
1028 1865 1253 1942 monstrarunt,
1278 1856 1363 1941 quod
1386 1857 1447 1942 ipsi
1471 1861 1573 1922 atten-

239 1963 362 2047 dentes,
391 1964 475 2047 quod
500 1965 650 2030 nonnulle
679 1985 814 2050 persone
839 1966 1058 2032 ecclesiastice
1087 1966 1187 2052 ipsius
1211 1966 1352 2031 civitatis
1379 1971 1412 2030 et
1435 1963 1572 2030 diocesis

238 2071 424 2155 Magantine
441 2080 553 2136 contra
570 2122 577 2136 .
596 2125 603 2140 .
623 2123 630 2136 .
659 2072 830 2138 Henricum
859 2072 1156 2158 archieepiscopum
1174 2080 1206 2139 et
1230 2072 1398 2139 ecclesiam
1414 2069 1571 2155 lingunti·

239 2199 312 2243 nam
341 2179 526 2245 calcaneum
555 2180 740 2245 rebellionis
764 2185 934 2246 erexerant
962 2188 994 2246 et
1018 2180 1172 2246 favebant
1202 2179 1359 2246 nonnullis
1388 2179 1572 2264 potentibus

238 2305 347 2351 carum
364 2286 503 2371 partium
520 2288 606 2352 circa
622 2290 865 2372 occupationem
882 2286 1179 2372 archiepiscopatus
1196 2287 1374 2372 Mnguntini
1391 2304 1430 2352 ac
1454 2291 1572 2353 caeno·

239 2412 306 2457 rum
331 2399 363 2458 et
380 2394 493 2458 iurium
509 2414 548 2459 ae
573 2395 724 2459 bonorum
743 2394 843 2479 ipsius
860 2397 971 2477 eisque
994 2396 1026 2460 in
1042 2395 1203 2480 premissis
1219 2394 1346 2480 publice
1362 2392 1571 2465 adherebunt,

239 2506 271 2563 et
295 2499 379 2583 quod
404 2500 534 2583 quidam
558 2521 598 2566 ex
623 2502 679 2585 eis,
704 2500 855 2566 videlicet
879 2503 981 2568 abbas
1005 2507 1037 2567 et
1061 2507 1237 2568 conventus
1260 2501 1444 2567 monasterii
1468 2497 1500 2564 S.
1519 2497 1571 2563 Al·

237 2607 310 2671 bani
336 2604 405 2671 ord.
423 2607 455 2673 S.
474 2607 594 2674 Bened.
619 2629 659 2673 ac
683 2607 824 2675 decanus
848 2615 881 2673 et
905 2609 1080 2693 capitulum
1104 2608 1240 2675 ecclesie
1264 2609 1297 2674 S.
1316 2606 1455 2673 Victoris
1478 2611 1570 2672 extra

237 2733 344 2779 muros
367 2715 572 2798 Maguutiuos
606 2715 846 2782 consistentium
872 2715 998 2781 cuidam
1032 2717 1156 2800 gerenti
1185 2713 1285 2782 sede
1318 2714 1407 2781 iacto
1431 2733 1490 2798 pro
1514 2710 1569 2778 ad·

237 2820 452 2887 ministratore
476 2823 576 2907 ipsius
600 2822 736 2888 ecclesie
752 2823 940 2906 Maguntine
964 2822 1045 2889 adeo
1062 2822 1227 2900 favebant,
1253 2821 1338 2905 quod
1355 2820 1570 2888 verisimiliter

238 2927 420 3009 timebatur,
445 2927 530 3011 quod
547 2929 616 3013 ipse
640 2928 741 2994 abbas
765 2935 798 2993 et
822 2935 998 2995 conventus
1022 2928 1144 2995 dictum
1159 2929 1388 2996 monasterium
1411 2929 1444 2992 iu
1469 2928 1571 2994 cuius·

237 3034 312 3100 dam
335 3035 452 3100 montis
484 3035 571 3101 dicte
599 3037 723 3101 civitati
749 3036 846 3101 vicini
880 3036 1017 3101 culmine
1040 3037 1203 3112 situatum,
1238 3035 1446 3119 quiquidem
1479 3054 1571 3101 mons

236 3140 341 3207 eidem
358 3144 573 3227 supereminet
588 3143 723 3226 civitati,
748 3163 872 3208 necnon
888 3142 1007 3228 prelati
1025 3142 1166 3209 decanus
1183 3150 1215 3209 et
1233 3142 1430 3228 capituluma
1447 3141 1569 3207 dictam

236 3249 404 3315 ecclesiam
422 3249 456 3315 S.
475 3250 613 3316 Victoris
636 3250 731 3315 sitam
754 3270 851 3334 super
873 3251 1008 3326 Renum,
1033 3270 1200 3335 perquem
1224 3250 1356 3334 navigia
1379 3249 1423 3315 ad
1446 3248 1567 3314 dictam

237 3356 401 3422 civitatem
418 3357 533 3422 euncia
557 3366 589 3422 et
604 3355 778 3422 redeuncia
793 3358 835 3421 ab
852 3355 966 3423 eadem
986 3358 1154 3424 transitum
1171 3357 1304 3441 iaciunt,
1327 3376 1451 3422 necnon
1467 3363 1570 3422 turres

237 3470 270 3528 et
286 3463 350 3528 alia
365 3463 608 3548 propagnacula
631 3465 815 3529 monasterii
832 3469 864 3530 et
880 3463 1016 3530 ecclesie
1041 3463 1256 3549 predictorum
1272 3463 1316 3530 ad
1332 3464 1568 3546 requisitionem

237 3569 374 3655 predicti
398 3572 539 3654 gerentis
563 3571 871 3638 administrationem
896 3570 1077 3638 huiusmodi
1101 3573 1179 3638 viris
1202 3570 1371 3656 armigeris
1402 3577 1434 3637 et
1457 3571 1570 3636 instru-

236 3679 352 3744 mentis
376 3679 499 3745 bellicis
523 3679 753 3744 communirent
781 3678 823 3744 ad
847 3679 1099 3764 impugnandum
1124 3680 1284 3748 hostiliter
1308 3680 1473 3747 civitatem
1496 3699 1569 3745 ean·

237 3783 321 3868 dem,
345 3786 552 3869 volentesque
569 3807 741 3871 precavere
764 3786 917 3872 periculis
940 3786 1077 3853 ecclesie
1100 3807 1139 3854 ac
1156 3789 1297 3853 civitatis
1320 3806 1443 3854 necnon
1467 3787 1569 3852 ecele-

235 3892 354 3956 siarum
387 3899 419 3958 et
443 3912 647 3978 personarum
681 3893 972 3959 ecclesiasticarum
996 3895 1260 3961 monasteriorum
1293 3901 1326 3960 et
1349 3895 1468 3960 civium
1501 3913 1569 3978 pre-

236 4000 404 4076 dictorum,
429 4008 495 4066 tres
511 4023 551 4066 ex
568 4001 664 4067 dictis
684 4002 824 4068 turribus
840 4001 1005 4068 diruerunt
1028 4022 1085 4068 seu
1102 4001 1184 4067 dirui
1201 4001 1358 4085 fecerunt,
1381 4003 1413 4066 in
1437 4021 1569 4084 quarum

237 4107 418 4190 diruitionc,
452 4107 528 4174 dum
552 4109 720 4175 cederetur
751 4129 815 4175 una
844 4130 885 4175 er
919 4108 1014 4176 dictis
1048 4109 1186 4177 turribus
1220 4109 1298 4176 dicti
1321 4109 1504 4175 monasterii
1538 4114 1570 4173 et

236 4216 323 4280 circa
346 4216 498 4298 radicem,
522 4236 563 4282 ne
586 4217 692 4281 subito
709 4215 851 4297 caderet,
875 4217 1011 4283 fuissent
1034 4216 1123 4302 ligna
1139 4217 1316 4302 supposita,
1341 4223 1376 4282 nt
1393 4222 1441 4284 est
1462 4216 1569 4299 moris,

236 4329 268 4386 ct
292 4323 376 4406 ignis
392 4321 552 4388 immissus
574 4323 606 4387 in
629 4324 685 4405 eis,
709 4323 815 4389 subito
832 4331 902 4389 orto
920 4329 1016 4388 vento
1040 4331 1147 4409 preter
1163 4324 1360 4390 voluntatem
1385 4323 1569 4389 officialium

235 4436 268 4494 et
301 4430 417 4494 civium
442 4429 656 4514 predictorum
691 4429 872 4496 incendium
906 4432 953 4496 sic
977 4431 1131 4514 excrevit,
1166 4430 1251 4515 quod
1275 4438 1384 4517 preter
1417 4431 1512 4497 turris
1536 4438 1569 4497 et

235 4535 402 4602 cuiusdam
426 4537 551 4623 capelle
575 4538 633 4603 sibi
659 4536 896 4603 incumbentisb
920 4545 1089 4604 occasumc
1115 4537 1234 4603 dictum
1259 4539 1485 4606 monasterium
1509 4538 1570 4604 fuit

235 4644 378 4709 ciusdem
401 4645 486 4727 ignis
509 4645 658 4710 incendio
682 4653 929 4728 concrematum,
954 4654 986 4711 et
1009 4645 1095 4729 quod
1119 4653 1225 4731 preter
1249 4646 1320 4730 hoe,
1345 4666 1416 4712 cum
1438 4646 1567 4729 qnidam

235 4771 449 4782 ——

335 4847 364 4906 a)
385 4843 552 4896 decanatus
571 4841 736 4911 capitulum
755 4857 812 4896 nas.
860 4842 892 4908 b)
911 4843 1158 4899 incumbentibus
1176 4858 1231 4898 ms.
1287 4845 1315 4910 c)
1335 4857 1458 4899 ocenum
1476 4857 1531 4899 nus.
