3642 5509
257 405 310 462 198
794 406 851 464 Um
872 408 957 464 Ende
976 407 1054 464 1328.

258 607 315 672 per
339 587 507 653 triennium
526 588 576 652 rel
600 589 687 654 circa
710 589 865 670 retinens,
890 587 931 654 de
948 589 1044 674 Kuye
1068 589 1287 674 parrochiales
1310 588 1465 655 ecclesias
1480 587 1590 654 Colon.

258 700 291 760 et
314 692 415 760 Leod.
440 693 523 760 dioc.
549 694 630 759 alias
654 695 713 760 tibi
737 695 876 762 collatas
900 697 1054 760 canonice
1078 697 1227 780 recepisti
1251 696 1416 780 ipsamque
1440 695 1481 761 de
1496 696 1591 780 Kuye

258 821 329 867 cnm
364 798 453 866 dicta
486 803 589 885 prima
622 821 678 885 per
712 800 799 866 aliud
835 802 1004 868 trienninm
1029 803 1080 867 vel
1106 804 1233 867 circiter
1257 803 1383 867 insimul
1406 805 1537 870 tenuisti
1559 809 1593 867 et

259 907 377 973 deinde
409 907 631 972 canonicatum
661 913 694 973 et
722 908 918 994 prebendam
953 909 1088 974 ecclesie
1112 910 1331 976 Traiectensis
1365 931 1434 975 cunr
1468 910 1592 995 supple·

258 1021 365 1082 mento
394 1015 476 1080 alias
507 1015 661 1080 canonice
684 1015 775 1081 fuisti
799 1014 937 1101 adeptus
960 1017 1096 1099 illasque
1120 1037 1191 1083 curn
1216 1016 1314 1082 dietis
1338 1016 1592 1101 parrochialibus

260 1122 405 1190 ecclesiis
428 1141 485 1206 per
508 1142 626 1187 annum
651 1122 703 1187 rel
727 1122 856 1187 circiter
880 1122 1049 1206 retinuisti,
1074 1123 1221 1189 fructus.
1249 1173 1256 1187 .
1285 1172 1292 1187 .
1318 1123 1425 1189 medio
1449 1130 1592 1208 tempora

260 1229 440 1314 percipiens
470 1250 510 1294 ex
541 1228 673 1313 eisdem,
702 1228 744 1294 ad
769 1251 878 1296 sacros
902 1229 1030 1296 ordines
1054 1251 1116 1295 non
1141 1238 1314 1316 promotus,
1339 1231 1486 1314 quamvis
1509 1237 1592 1316 post-

260 1335 388 1402 modnm
423 1342 456 1401 te
491 1335 606 1402 leceris
640 1335 682 1401 ad
718 1337 857 1402 minores
890 1343 924 1402 et
952 1335 1203 1404 subdiaconatus
1236 1337 1365 1403 ordines
1396 1339 1592 1423 promoveri;

260 1442 408 1528 qnodque
432 1442 610 1528 predictam
634 1444 769 1529 primam
794 1444 1029 1528 parrochialem
1055 1446 1224 1511 ecclesiam
1245 1447 1372 1511 omnino
1390 1444 1537 1511 dimisisti
1554 1465 1594 1510 ac

260 1550 345 1635 qnod
369 1551 467 1618 etatis
490 1551 632 1636 legitime
654 1551 798 1633 effectus,
830 1551 923 1618 nobis
947 1552 1109 1618 humiliter
1132 1552 1332 1638 supplicasti,
1365 1559 1401 1618 ut
1423 1551 1594 1638 providere

260 1659 320 1724 tibi
336 1659 377 1724 de
399 1665 555 1744 oportuno
579 1657 720 1724 remedio
744 1658 994 1725 misericorditer
1018 1660 1233 1744 dignaremur.
1272 1660 1340 1726 Nos
1355 1661 1454 1744 igitur
1470 1679 1593 1724 omnem

260 1765 474 1831 inhabilitatis
509 1772 541 1830 et
576 1765 822 1850 irregularitatis
859 1767 1017 1832 maculam
1044 1816 1051 1831 .
1077 1817 1085 1832 .
1113 1816 1120 1832 .
1150 1767 1315 1834 abolemus
1350 1774 1447 1850 teque
1481 1766 1593 1831 habili·

261 1879 365 1939 tamus
389 1922 396 1938 .
422 1921 430 1937 .
457 1921 464 1937 .
490 1871 548 1938 tibi
581 1873 806 1938 nichilominus
839 1893 950 1939 omnes
980 1874 1102 1940 fructus
1219 1893 1298 1956 qnos
1322 1894 1362 1939 err
1386 1872 1532 1939 ecclesiis
1555 1893 1594 1938 ao

261 1981 450 2046 canonicatu
475 1986 507 2045 et
530 1978 696 2063 prebenda
720 2000 790 2045 cnm
815 1981 1036 2065 supplemento
1061 1980 1215 2065 predictis
1328 1981 1510 2065 percepisti,
1533 2030 1540 2045 .
1560 2028 1594 2044 ..

260 2087 451 2154 remittimas
475 2095 508 2152 et
532 2085 696 2152 donamus.
746 2087 898 2152 Volumus
926 2097 1044 2170 autem,
1075 2087 1160 2171 qnod
1189 2088 1312 2154 fructus
1340 2086 1472 2152 duorum
1501 2107 1597 2152 anno-

261 2214 331 2259 rnm
364 2193 570 2259 ecclesiarum
601 2213 640 2258 ac
674 2193 882 2259 canonicatus
911 2202 944 2259 et
977 2195 1140 2279 prebende
1174 2194 1389 2280 predictorum
1414 2202 1447 2260 et
1470 2194 1596 2279 supple·

262 2301 362 2366 menti
385 2298 565 2366 huiusmodi
590 2299 675 2365 infra
698 2300 817 2367 festum
841 2321 939 2387 pasce
964 2303 1139 2386 proximum
1158 2309 1326 2368 venturum
1347 2321 1473 2367 camere
1489 2308 1597 2367 nostre

262 2409 386 2475 solvere
409 2408 559 2473 tenearis.

368 2512 519 2597 Alioquin
543 2513 701 2580 habeatnr
724 2513 905 2582 huiusmodi
930 2516 1041 2600 gracia
1065 2515 1171 2600 quoad
1196 2518 1413 2582 remissionem
1438 2515 1596 2581 fructuum

264 2619 446 2688 huiusmodi
478 2641 535 2706 pro
568 2641 631 2686 non
663 2621 753 2688 iacta
780 2671 787 2686 .
813 2671 852 2688 ..
900 2624 976 2690 Dat.
1001 2624 1095 2689 Avin.
1120 2624 1169 2688 XI
1194 2623 1240 2689 kl.
1269 2623 1406 2689 ianuarii
1435 2644 1464 2687 a.
1490 2622 1596 2687 tertio·

263 2728 399 2795 decimo.

423 2852 495 2921 Περ.
515 2851 592 2921 891⁰.
612 2850 676 2908 289‘
694 2868 741 2907 nr.
762 2854 827 2908 753.

370 3122 491 3191 roso.
531 3125 593 3190 um
616 3105 715 3189 moe
743 3124 839 3187 1328.
870 3120 1034 3207 Aequa

373 3265 544 3352 [lohannes
568 3265 679 3349 XXII]
704 3264 809 3330 eidem
836 3263 988 3348 [Hearico
1012 3263 1258 3350 archiepiscopo
1282 3263 1485 3348 Coloniensil.

370 3373 491 3440 Infesta
513 3372 680 3439 relationis
703 3373 879 3440 assertione
903 3376 1068 3455 percepto,
1093 3371 1179 3453 quod
1204 3372 1305 3438 hostis
1329 3372 1429 3456 pacis,
1454 3371 1599 3436 caritatis

266 3481 391 3548 emulus
408 3529 415 3546 .
435 3529 468 3546 ..
492 3480 578 3546 inter
600 3486 633 3545 te
656 3500 696 3545 ac
718 3531 724 3544 .
743 3528 776 3544 ..
801 3479 996 3563 Episcopum
1020 3476 1235 3544 Leodiensem
1258 3479 1368 3564 gravis
1392 3477 1600 3545 dissensionis

264 3588 431 3654 materiam
454 3587 633 3669 suscitavit,
661 3605 802 3652 nos...
836 3585 1070 3651 fraternitatem
1094 3591 1182 3650 tuam
1206 3605 1356 3670 rogamus
1380 3590 1413 3650 et
1435 3585 1600 3649 hortamur

265 3699 398 3774 attente,
430 3693 580 3777 quatinus
609 3741 616 3758 .
644 3742 651 3756 .
681 3740 689 3757 .
718 3691 760 3757 ad
789 3712 901 3776 pacem
926 3697 959 3756 et
984 3690 1188 3757 concordiam
1214 3712 1284 3757 cum
1310 3691 1422 3758 eodem
1448 3692 1599 3777 episcopo

266 3798 584 3868 ...reformandam
608 3805 694 3865 tuum
719 3798 850 3865 studeas
874 3799 1015 3863 animum
1038 3799 1203 3882 inclinare,
1233 3798 1343 3865 dilecti
1367 3799 1424 3864 filii
1447 3799 1536 3864 Petri
1559 3796 1600 3863 de

265 3907 393 3992 Ungula
429 3908 544 3993 prioris
576 3906 752 3972 Tholosani
792 3905 961 3992 hospitalis
994 3905 1027 3971 S.
1061 3904 1214 3972 Iohannis
1246 3907 1508 3980 lerosolimitani‚
1548 3905 1599 3970 eni

265 4035 361 4101 super
384 4013 446 4082 hoe
469 4013 647 4097 scribimus,
671 4013 950 4080 exhortationibus
969 4062 975 4077 .
995 4061 1002 4078 .
1021 4062 1027 4077 .
1045 4015 1255 4096 acquiescens
1274 4063 1280 4078 .
1299 4061 1306 4076 .
1325 4062 1332 4077 .
1373 4015 1448 4078 Dat.

372 4124 409 4188 ln
434 4142 461 4188 e.
486 4143 527 4188 nr.
552 4120 641 4188 dicto
665 4122 818 4208 episcopo
843 4121 952 4187 verbis
974 4122 1231 4206 competentibus
1254 4121 1394 4187 mutatis.

428 4247 503 4319 lisy.
522 4249 575 4302 115
590 4262 641 4317 ps.
661 4247 679 4300 Ι
693 4245 717 4316 f.
740 4247 791 4301 94¹
809 4262 859 4300 nr.
878 4247 956 4315 63&
973 4247 1025 4301 Ra.
1051 4245 1133 4300 1104.

374 4531 496 4600 158⁷.
528 4535 590 4600 Um
613 4533 712 4600 Ende
736 4535 833 4598 1328.
859 4531 1022 4618 Anipnoa.

373 4675 545 4762 [Iohannes
568 4675 679 4760 XXII]
704 4674 812 4742 eidem
837 4675 944 4760 [Petro
968 4673 1009 4741 de
1033 4674 1173 4758 Ungula]
1197 4674 1304 4760 priori.

374 4782 618 4850 Venerabilibus
640 4783 795 4849 fratribus
818 4783 935 4848 nostris
962 4831 969 4846 .
1000 4830 1006 4844 .
1036 4782 1278 4868 archiepiscopo
1303 4779 1485 4848 Coloniensi
1513 4779 1564 4847 el.
1592 4831 1600 4848 .
