3642 5509
817 399 887 459 1329
905 395 981 460 Junl
999 399 1042 459 19.
1523 399 1577 460 25³

243 583 396 669 cognovit
421 579 485 649 VIc
509 580 577 650 llor.
602 584 669 649 auri
696 591 727 649 et
751 585 891 667 quiaque
924 585 1062 650 servicia
1095 583 1300 651 familiarium
1333 587 1490 672 promissa
1518 606 1576 672 per

243 691 462 758 immediatum
486 691 746 778 predecessorem
770 712 860 757 suum
885 698 918 757 et
942 691 1054 757 debita
1077 712 1135 776 per
1157 691 1319 758 dominum
1337 693 1510 759 Iohannem
1534 691 1576 758 de

244 798 432 866 Valdestein
466 800 654 866 canonicum
679 797 931 883 Sarbnrgensem
964 805 1203 883 procuratorem
1236 818 1327 865 suum
1356 799 1398 865 ad
1423 800 1484 865 hoc
1507 821 1576 886 spe·

243 907 369 973 cialiter
393 907 598 973 constitutum
624 914 656 971 et
684 927 742 992 per
769 905 904 971 eundem
929 906 1055 971 solvere
1079 907 1234 991 promisit,
1259 906 1465 973 medictatem
1489 907 1576 972 vide-

243 1015 319 1080 licet
343 1014 418 1081 hinc
442 1013 485 1079 ad
508 1013 625 1082 festum
648 1013 826 1098 proximum
851 1011 1085 1098 purificationis
1109 1012 1146 1077 B.
1172 1012 1312 1098 Virginis
1336 1020 1369 1078 et
1392 1011 1489 1078 aliam
1512 1033 1576 1078 me·

242 1120 397 1188 dietatem
421 1123 454 1186 iu
477 1121 562 1188 festo
586 1122 812 1206 assumptionis
835 1119 989 1186 ciusdem.
1026 1120 1176 1203 Alioquin
1199 1119 1283 1186 infra
1300 1126 1437 1203 quatuor
1452 1137 1577 1186 menses

243 1235 304 1295 etc.
329 1235 362 1296 et
384 1231 501 1295 iuravit
524 1235 559 1294 ut
582 1229 614 1294 in
638 1228 750 1296 forma.

350 1338 394 1402 Ia
416 1357 523 1423 murp.
548 1338 687 1402 deatro:
711 1335 828 1402 XXIII
854 1335 942 1402 eard.

406 1483 501 1558 ootip.
520 1488 547 1540 et
565 1484 663 1542 Solet.
683 1487 702 1540 6
721 1486 798 1555 (297)
816 1485 841 1556 f.
860 1490 905 1540 84.

349 1780 473 1848 lusu.
511 1782 598 1847 1329
622 1783 709 1849 Just
733 1781 784 1847 19.
814 1781 980 1869 Aoipaou.

349 1922 520 2008 [Iohannes
543 1925 655 2009 XXII]
680 1925 821 1992 Henrico
845 1925 1089 2012 archiepiscopo
1112 1924 1305 1992 Coloniensi.

349 2032 522 2098 Personam
548 2039 635 2098 lnam
658 2034 752 2102 nobis
780 2084 788 2098 .
817 2083 825 2098 .
855 2084 862 2100 .
899 2035 979 2100 Cum
1008 2034 1128 2117 itaque,
1161 2036 1244 2101 slent
1278 2034 1472 2119 accepimus,
1506 2055 1576 2120 par·

242 2138 393 2205 rochialis
426 2139 566 2206 eeclesia
588 2142 620 2205 in
645 2140 775 2207 Asbach
800 2141 910 2207 Oolon.
944 2140 1028 2206 dioc.
1063 2140 1105 2206 ad
1139 2148 1225 2207 tuam
1258 2140 1463 2207 collationem
1496 2141 1576 2207 allas

241 2251 403 2332 spectans,
433 2266 473 2312 ex
497 2266 536 2312 eo
561 2246 647 2330 quod
671 2247 828 2314 Henricus
853 2248 928 2314 otim
953 2248 1053 2334 ipsius
1076 2246 1288 2333 parrochialis
1311 2248 1448 2314 ecclesie
1471 2254 1576 2313 rector

241 2351 326 2419 inira
349 2359 476 2439 tempus
499 2354 558 2420 inr.
582 2375 646 2420 non
669 2375 703 2421 se
727 2355 816 2438 lecit,
840 2361 875 2420 ut
900 2353 1022 2438 debuit,
1056 2354 1098 2420 ad
1122 2354 1252 2420 ordines
1275 2354 1466 2440 promoveri,
1499 2354 1576 2421 licet

241 2479 312 2525 eam
341 2459 564 2527 nichilominus
594 2481 658 2527 una
686 2481 758 2527 cnm
783 2459 922 2544 quadarn
946 2462 1148 2547 prepositura
1171 2467 1283 2527 curata
1305 2468 1380 2547 post
1403 2468 1436 2526 et
1459 2461 1575 2528 consti·

241 2566 395 2633 tutionem
428 2587 524 2653 super
557 2567 741 2653 pluralitate
774 2567 990 2652 dignitatuum
1023 2575 1250 2654 personatuum
1283 2575 1316 2635 et
1349 2567 1576 2634 beneficiorum

242 2672 534 2741 ecclesiasticorum
556 2722 564 2740 .
587 2725 595 2740 .
618 2728 624 2744 .
655 2675 803 2759 tenuerit,
838 2695 975 2759 eamque
997 2682 1112 2761 postea
1135 2677 1265 2742 omnino
1288 2674 1422 2758 dImisit
1458 2695 1576 2741 vacare

241 2779 369 2847 dicatur
401 2781 442 2846 sd
472 2802 614 2867 presens,
648 2803 705 2849 nos
722 2835 728 2847 .
746 2831 779 2847 ..
806 2782 998 2849 fraternitati
1023 2789 1078 2848 tue
1096 2832 1103 2848 .
1121 2832 1129 2848 .
1149 2833 1157 2848 .
1180 2784 1209 2849 si
1233 2789 1282 2849 est
1304 2783 1351 2848 ita
1374 2789 1407 2847 et
1431 2789 1575 2868 temporo

241 2886 317 2955 date
349 2890 544 2973 presentium
572 2910 635 2956 non
664 2889 706 2956 sit
735 2889 831 2955 alicui
854 2889 887 2954 in
911 2888 1026 2955 eadem
1051 2889 1244 2976 parrochiali
1268 2888 1407 2955 ecclesia
1430 2890 1479 2955 ius
1502 2908 1574 2975 spe·

242 2995 367 3061 cialiter
399 2995 601 3080 acquisitum,
637 2994 824 3062 conterendi
855 2995 919 3062 hac
947 2997 1019 3062 ulce
1048 2997 1240 3064 anctoritate
1264 3003 1373 3062 nostra
1395 2994 1575 3082 predictam

243 3087 475 3188 parrochialem
503 3103 674 3170 ecclesiam
698 3103 745 3169 sic
769 3109 937 3169 vacantem
968 3123 1103 3189 persone
1129 3102 1268 3189 ydonee,
1292 3101 1334 3168 de
1357 3123 1422 3186 qua
1444 3102 1505 3169 tibi
1528 3102 1575 3170 vi-

241 3208 368 3276 debitur
393 3258 400 3274 .
427 3258 434 3274 .
461 3259 468 3274 .
492 3217 600 3276 amoto
628 3209 670 3276 ab
694 3230 733 3276 ea
757 3210 899 3294 quolibet
922 3210 1035 3276 illicito
1065 3209 1265 3276 detentore.
1292 3258 1299 3274 .
1325 3259 1333 3274 .
1357 3229 1420 3275 non
1444 3210 1574 3276 obstan·

242 3316 328 3385 tibus
350 3318 398 3383 si.
424 3364 432 3382 .
458 3367 466 3382 .
491 3336 548 3384 sen
570 3318 598 3382 si
622 3315 712 3383 dieta
735 3336 873 3403 persona
896 3315 960 3382 duo
986 3317 1036 3382 vel
1059 3317 1153 3402 plura
1176 3317 1331 3382 beneficia
1354 3317 1574 3383 ecclesiastico

242 3445 305 3492 non
337 3431 449 3491 curata
482 3423 627 3490 obtinere
657 3432 816 3509 noscatur,
846 3474 854 3490 .
880 3479 888 3494 .
915 3475 923 3490 .
948 3424 1154 3491 concedimus
1184 3422 1450 3491 facultatem...
1497 3425 1573 3490 Dat.

241 3532 336 3598 Avin.
361 3531 445 3596 XIII
469 3531 514 3597 kl.
538 3531 607 3597 iulii
631 3529 907 3598 a'tertiodeeimo.

393 3657 466 3727 περ.
486 3655 525 3710 aa
542 3656 567 3727 s.
588 3657 651 3710 115l
669 3671 718 3712 ur.
737 3656 824 3711 aras.

347 4002 469 4071 1⁷81.
501 4005 588 4070 1329
612 4004 700 4070 Just
724 4003 776 4069 19.
801 4003 968 4091 Aoipnou.

349 4145 507 4214 Iohannes
532 4145 632 4212 XXII
664 4147 776 4214 abbati
808 4147 994 4214 monasterii
1018 4146 1051 4213 S.
1077 4145 1188 4214 Iacobi
1211 4144 1313 4213 Leod.
1343 4153 1377 4212 et
1403 4145 1574 4213 scolastico

242 4255 420 4321 Bonnensis
443 4275 481 4320 ac
506 4254 660 4338 magistro
683 4253 818 4322 Nicolao
847 4252 889 4320 de
918 4254 1045 4320 FractIs
1078 4255 1233 4320 canonico
1256 4253 1461 4321 Patraoensis
1493 4253 1573 4319 eccl.

241 4361 383 4444 mandat,
419 4362 568 4446 quatinus
602 4362 698 4427 Petro
731 4359 819 4427 dicto
853 4361 1025 4428 Gelreman
1054 4359 1096 4426 de
1126 4360 1277 4444 Dushurg
1309 4361 1426 4426 clerico
1460 4359 1573 4426 Oolon.

242 4467 408 4535 conferant
441 4474 474 4534 et
506 4469 670 4553 assignent
703 4468 782 4533 eccl.
817 4469 852 4532 B.
878 4467 980 4533 Maris
1005 4468 1162 4550 Aquensis
1194 4469 1417 4533 canonicatum
1448 4474 1480 4532 et
1503 4486 1574 4553 pre·

242 4575 381 4642 bendum
405 4581 558 4642 vacantes
582 4595 622 4641 ex
647 4595 695 4658 eo,
727 4574 812 4658 qnod
837 4573 1058 4641 Theodericus
1081 4573 1123 4640 de
1148 4573 1358 4659 Vallrenburg
1379 4575 1471 4640 miles
1493 4575 1575 4641 eius·

242 4682 315 4748 dem
338 4683 475 4750 ecclesie
499 4683 671 4751 canonicus
694 4682 885 4750 renuncians
910 4681 1052 4749 clericali
1076 4681 1189 4747 militie
1206 4687 1238 4748 et
1255 4682 1382 4768 publice
1398 4680 1441 4747 ad
1456 4688 1573 4749 statum

241 4810 275 4858 se
299 4790 498 4858 transferens
521 4790 667 4857 laicalem
691 4789 814 4876 recepit
838 4789 999 4875 cingulum
1024 4789 1143 4856 milicie
1165 4789 1328 4858 secularis.
