3642 5509
760 460 829 514 1336
848 458 931 514 Mttrz
951 459 994 513 15.
1480 457 1535 515 497

201 646 234 705 et
258 640 327 706 eius
351 639 565 725 parrochiana
588 640 694 706 soluta
716 639 826 724 genito
850 639 1024 725 dispenset,
1048 647 1084 704 ut
1105 648 1234 705 tonsura
1253 641 1300 704 uti
1316 644 1349 704 et
1365 637 1407 703 ad
1424 659 1534 707 omnes

200 745 328 812 ordines
352 747 533 832 promoveri
558 753 590 812 et
615 745 801 812 beneficium
826 747 1091 829 ecclesiasticum,
1116 745 1212 811 etiam
1233 746 1260 812 si
1280 767 1389 812 curam
1414 747 1534 814 habeat

200 855 388 937 animarum,
412 855 557 920 obtinere
579 853 697 921 valeat.

306 961 505 1028 Constitutus
534 963 566 1026 iu
594 961 758 1048 presentia
784 968 894 1028 nostra
923 1011 931 1026 .
957 1007 997 1026 ..
1057 961 1132 1026 Dat.
1156 961 1249 1027 driu.
1274 960 1347 1027 idus
1370 965 1477 1028 martii
1501 986 1531 1030 a.

198 1068 352 1135 secundo.

353 1158 426 1228 Bep.
446 1157 504 1212 122
522 1155 718 1226 (dccxcvi)
736 1173 785 1212 or.
803 1158 869 1213 505.

303 1428 430 1495 2256.
463 1432 550 1495 1336
574 1432 672 1495 Mdrz
697 1431 749 1496 15.
778 1427 945 1516 Avipcoa.

305 1573 499 1639 Benedictus
522 1573 589 1638 XII
612 1573 856 1658 archiepiscopo
880 1574 1071 1639 Trevereusi
1105 1573 1246 1657 mandat,
1280 1577 1431 1659 quatinus
1459 1597 1530 1642 curu

197 1679 339 1746 Iohanne
362 1681 473 1747 Iucobi
497 1679 538 1745 de
563 1680 664 1746 Breus
687 1680 804 1746 elerico
828 1681 961 1745 Trever.
978 1679 1062 1750 dioc.
1084 1680 1125 1746 de
1148 1680 1285 1748 diacono
1310 1688 1342 1748 et
1357 1683 1532 1767 coniugata

196 1786 306 1870 genito
331 1787 504 1873 dispenset,
538 1795 659 1853 utnon
683 1789 831 1854 obstante
855 1786 985 1854 defectu
1017 1788 1171 1854 natalium
1200 1789 1242 1854 ad
1270 1810 1379 1856 omnes
1403 1790 1531 1857 ordines

196 1895 376 1979 promoveri
393 1903 426 1960 et
441 1895 629 1962 beneficium
646 1895 913 1978 ecclesiasticum,
938 1896 1064 1961 etiamsi
1081 1915 1190 1961 curam
1207 1895 1326 1963 haheat
1341 1900 1530 1982 animarum,

196 2001 340 2068 obtinere
364 2004 477 2088 possit.

303 2109 502 2176 Constitutus
532 2110 566 2175 in
594 2111 757 2195 presentia
788 2116 930 2177 nostra.
956 2159 964 2176 .
990 2160 998 2175 .
1045 2111 1120 2177 Dat.
1145 2111 1241 2177 Avin.
1264 2112 1337 2179 idus
1368 2115 1475 2179 martii
1499 2135 1529 2180 a.

196 2215 348 2282 secundo.

362 2304 436 2376 ch.
456 2304 576 2360 121πν.
596 2307 663 2360 655.

301 2590 428 2657 2257.
454 2593 541 2656 1336
564 2593 663 2657 Mdrz
688 2592 738 2657 15.
762 2590 928 2678 Aoipuon.

301 2732 495 2799 Benedictus
517 2733 584 2798 XII
611 2732 855 2819 archiepiscopo
879 2735 1070 2802 Treverensi
1104 2736 1245 2821 mandat,
1280 2738 1431 2821 quatinus
1455 2761 1527 2806 cunr

195 2838 351 2905 Michaeie
383 2839 425 2905 de
449 2840 631 2925 Epternaco
665 2840 780 2906 scolari
805 2841 937 2908 Trever.
962 2840 1045 2908 dioc.
1071 2842 1112 2908 de
1145 2845 1324 2927 presbitero
1358 2854 1390 2911 et
1423 2849 1528 2914 soluta

192 2947 301 3029 genito
325 2945 499 3031 dispenset,
533 2953 568 3012 ut
598 2948 833 3013 nonobstante
858 2947 987 3014 defectu
1011 2950 1165 3015 natalium
1198 2949 1239 3016 ad
1265 2973 1374 3020 omnes
1398 2954 1527 3021 ordines

194 3054 372 3138 promoveri
389 3060 421 3118 ct
437 3053 624 3118 beneficium
639 3053 902 3137 ecclesiasticum,
921 3057 1018 3122 etiam
1034 3057 1063 3123 si
1078 3077 1188 3122 curam
1204 3057 1323 3124 habeat
1338 3061 1526 3146 animarum,

193 3161 338 3227 obtinere
361 3160 473 3245 possit.

300 3266 497 3333 Constitutus
520 3269 552 3332 iu
583 3269 744 3353 presentia
776 3275 951 3335 nostra..
977 3319 985 3336 .
1032 3271 1109 3338 Dat.
1132 3272 1227 3339 Avin.
1252 3273 1325 3340 idus
1357 3276 1462 3344 martii
1494 3300 1525 3345 a.

193 3375 344 3440 secundo.

343 3483 415 3554 Ray.
434 3483 489 3537 121
507 3499 555 3537 or.
575 3485 639 3537 655.

299 3745 446 3814 *2258
486 3751 571 3814 1336
595 3747 698 3834 April
721 3750 751 3813 9.
778 3748 946 3837 Aviquoo.

299 3873 495 3941 Benedictus
518 3875 584 3939 XII
609 3876 835 3940 monasterium
859 3876 1042 3942 monialium
1065 3878 1100 3942 in
1116 3877 1346 3947 Valle-comitis
1362 3881 1518 3960 (Grecos-

192 3979 281 4058 dael)
307 3980 439 4046 Cisterc.
465 3979 531 4046 ord.
558 3979 668 4047 Goion.
692 3980 776 4046 dioc.
801 3983 858 4080 suh
891 4003 950 4048 sua
982 3985 1116 4050 tuitione
1147 3984 1263 4072 recipit
1286 3987 1418 4072 eiusque
1441 3991 1526 4057 bona

192 4091 225 4148 et
248 4087 318 4151 Iura
342 4087 517 4153 coufirmat.

299 4192 377 4259 Curu
412 4194 546 4260 anobis
580 4196 699 4280 petitur
730 4244 737 4260 .
763 4242 770 4258 .
797 4245 804 4260 .
851 4197 926 4262 Dat.
955 4197 1049 4264 Acin.
1075 4198 1103 4265 V
1135 4197 1208 4264 idus
1240 4202 1350 4286 aprilis
1382 4225 1414 4288 p.
1438 4225 1469 4269 u.
1494 4227 1524 4272 a.

191 4298 342 4365 secundo.
354 4389 403 4444 Or.
422 4390 545 4445 membr·
567 4405 636 4446 com
652 4392 779 4459 plumbo
795 4391 889 4461 md,
909 4421 942 4431 ..
968 4392 1056 4448 Arcu.
1078 4394 1257 4451 saccones
1275 4397 1342 4464 (Dr.
1361 4398 1524 4469 schonau).

299 4602 427 4670 2259.
453 4606 541 4670 1336
564 4605 637 4670 Mai
660 4607 692 4670 8.
723 4604 889 4694 Ashquoa.

298 4744 493 4812 Benedictus
518 4747 583 4812 XII
608 4747 852 4835 archiepiscopo
876 4751 1067 4817 Treverensi
1100 4752 1242 4838 mandat,
1276 4759 1426 4840 quatinus
1449 4779 1522 4825 cum

191 4851 333 4918 Iohanne
357 4852 444 4918 dicto
461 4875 523 4918 von
540 4853 619 4919 'dcru
640 4856 876 4940 Kaysemarohe
900 4859 942 4924 de
959 4859 1105 4926 Herhorn
1129 4861 1213 4929 laico
1237 4870 1270 4930 et
1287 4864 1386 4932 Grete
1408 4867 1523 4934 relicta

236 4976 355 5022 vatim.
373 4977 500 5030 mosten
515 4976 549 5024 11.
1336 4971 1373 5028 32
