3642 5509
281 431 335 488 aar
838 431 907 486 reas
927 429 1011 502 Apro
1032 431 1074 487 rr.

283 614 394 698 vigore
427 612 520 678 huius
552 610 800 696 dispensationis
831 609 1020 677 heneficium
1044 611 1077 676 in
1101 610 1279 678 cathedrali
1308 612 1446 678 ecclesia
1476 616 1618 693 nequeat

283 723 438 789 obtinere.

390 829 589 896 Constitutus
614 829 645 893 in
670 827 833 911 presentia
856 833 965 892 nostra
988 875 994 890 .
1021 876 1029 890 .
1054 875 1062 890 .
1109 827 1185 891 Dat.
1210 828 1304 892 Avin.
1330 827 1392 892 XV
1417 827 1460 891 hl.
1486 827 1560 890 maii
1584 846 1617 890 a.

278 927 407 1003 quarto.

443 1010 515 1079 Rep.
535 1007 592 1060 125
614 1021 661 1060 or.
681 1006 746 1061 253.

389 1280 520 1347 2829.
547 1277 834 1364 1338Apiat17.
860 1275 1025 1363 Aoiqaoa.

390 1423 585 1491 Benedictus
608 1423 677 1498 XII
709 1421 953 1507 arohIepiscopo
977 1421 1160 1488 Coloniensi
1192 1420 1335 1504 mandat,
1370 1423 1520 1504 quatinus
1542 1439 1617 1484 aum

283 1533 484 1600 Theoderico
508 1539 583 1597 nato
608 1529 767 1614 quondam
793 1529 986 1595 Theoderici
1011 1529 1052 1594 de
1072 1529 1238 1614 Geltstorp
1262 1529 1372 1594 militis
1396 1526 1507 1593 Calon.
1531 1526 1616 1591 dioc.

282 1643 400 1707 clerico
428 1638 469 1705 de
496 1638 599 1705 soluto
629 1643 662 1703 et
691 1639 863 1720 coniugata
895 1637 1004 1720 genito
1024 1635 1214 1721 dispenset,
1246 1643 1282 1701 ut
1313 1638 1347 1701 in
1380 1636 1537 1719 susceptis
1566 1654 1618 1698 ur-

282 1748 410 1814 dinihus
428 1747 608 1812 ministrare
624 1752 657 1809 et
672 1743 714 1808 'ad
739 1763 848 1808 omnes
871 1762 980 1809 sacros
1004 1742 1133 1808 ordines
1148 1743 1251 1828 possit
1267 1743 1447 1827 promoveri
1470 1749 1504 1806 et
1521 1740 1619 1804 hene·

282 1857 354 1922 ficie
388 1852 748 1920 ficinmecclesiasticum
782 1851 937 1932 obtinere,
973 1850 1119 1914 etiamsi
1149 1870 1259 1914 curam
1283 1848 1403 1913 haheat
1426 1849 1617 1912 animarum.

283 1964 401 2047 Vigore
436 1969 543 2026 tamen
577 1958 670 2024 huius
702 1957 951 2042 dispensationis
979 1957 1167 2022 heneficium
1195 1957 1228 2021 in
1267 1954 1447 2022 cathedrali
1476 1957 1618 2021 eeclesia

283 2075 422 2154 nequeat
446 2069 600 2134 obtinere.

389 2177 589 2243 Constitutus
612 2176 645 2239 in
669 2175 830 2259 presentia
853 2179 963 2239 nostra
987 2222 995 2237 .
1021 2223 1028 2236 .
1055 2223 1062 2237 .
1109 2173 1185 2239 Dat.
1210 2173 1304 2240 Avin.
1328 2173 1390 2238 XV
1415 2173 1458 2237 hl.
1485 2173 1560 2237 maii
1584 2193 1618 2237 a.

284 2276 408 2351 quarto.

442 2355 515 2423 Ray.
535 2352 591 2407 126
609 2350 643 2406 ia
660 2351 720 2422 fiae
738 2351 848 2406 cotum.

388 2617 539 2685 *asso
565 2618 652 2682 roos
675 2617 749 2680 oras
779 2619 829 2681 re.
855 2615 1020 2702 Amynan.

298 2809 303 2822 .
398 2761 592 2829 Gaucelinus
625 2761 795 2845 episcopus
818 2761 1010 2827 AlbanensIs
1042 2781 1158 2844 gerens
1190 2760 1382 2826 auctoritate
1414 2780 1499 2846 pape
1530 2759 1619 2846 peni-

289 2869 444 2936 tenciarie
478 2889 585 2933 curam
624 2866 866 2953 archiepiscopo
899 2868 1090 2934 Treverensi
1123 2867 1173 2933 vei
1208 2868 1276 2932 eins
1308 2868 1430 2932 vicario
1462 2869 1494 2931 in
1526 2867 1619 2951 spiri·

285 2977 425 3043 tualibus
456 2976 636 3056 committit,
670 2976 820 3057 quatinus
850 2995 920 3040 oum
946 2976 1084 3040 Henrioo
1109 2973 1150 3039 de
1173 2974 1319 3040 Meckele
1341 2975 1459 3040 scolari
1482 2974 1616 3038 Trever.

284 3084 368 3150 dioc.
402 3083 575 3167 dispenset,
610 3087 645 3146 ut
678 3103 740 3148 non
774 3083 922 3148 obstante
952 3080 1081 3148 defectu
1112 3082 1278 3165 natalium,
1312 3101 1406 3164 quem
1430 3082 1551 3166 patitur
1573 3079 1616 3144 de

285 3191 465 3276 presbitero
493 3191 621 3272 genitus
644 3197 677 3254 et
700 3190 814 3272 soluta,
847 3190 949 3275 possit
976 3188 1018 3254 ad
1047 3208 1156 3254 omnes
1179 3189 1316 3254 minores
1340 3188 1468 3254 ordines
1491 3208 1617 3274 promo·

284 3298 352 3363 veri
377 3305 409 3362 et
432 3296 685 3362 ecclesiastIcum
709 3297 895 3363 heneficium
922 3298 1077 3380 obtinere,
1102 3295 1152 3362 eni
1177 3316 1254 3362 cura
1276 3317 1339 3362 nun
1363 3297 1527 3361 immineat
1549 3295 1617 3361 ani·

280 3425 414 3472 marum.

389 3511 571 3578 Attendens
595 3511 638 3577 ad
662 3512 874 3598 apostolicam
896 3511 1007 3578 sedem
1026 3561 1033 3577 .
1051 3561 1058 3577 .
1077 3560 1085 3577 .
1131 3511 1208 3577 Dat.
1226 3510 1321 3577 Avin.
1338 3511 1452 3578 XVIII
1468 3510 1513 3575 hl.
1536 3511 1617 3575 iunii

284 3626 371 3706 pont.
398 3619 517 3685 domini
541 3620 710 3685 BenedIcti
734 3640 819 3706 pape
843 3620 908 3684 XII
932 3640 1016 3685 unno
1040 3628 1163 3702 quartu.

442 3733 633 3788 Darmstudt.
654 3733 741 3789 Arch.
761 3733 901 3788 Hassz'ue.
931 3732 1019 3787 Dior.
1040 3731 1198 3802 Rudolphi
1217 3734 1310 3788 Loase
1327 3733 1352 3802 s.
1372 3734 1437 3786 133.

385 4005 506 4072 28³1.
536 4009 624 4072 1338
646 4008 733 4074 Jaot
755 4007 787 4072 9.
811 4006 977 4093 Aoipaoa.

390 4152 558 4216 Iohannes
583 4152 761 4216 Verdcuais
778 4152 938 4216 Ditmuro
963 4150 1138 4236 capellano
1157 4150 1347 4216 Butdewiui
1371 4149 1618 4233 archiepiscopi

287 4259 418 4323 Iheocr.
443 4259 591 4340 nunciat,
617 4279 679 4342 quc
702 4259 831 4323 nouiter
855 4259 1038 4323 occiderint
1061 4261 1097 4322 ia
1121 4260 1218 4324 caria
1241 4260 1408 4324 Romanu.

388 4363 578 4429 Reverendo
602 4364 730 4430 domine
754 4365 900 4430 Ditmare
924 4367 1027 4430 amice
1051 4367 1093 4430 mi
1117 4365 1305 4450 prediIecte.

388 4471 559 4536 Amioahili
583 4471 776 4537 salutatione
799 4473 956 4557 premissa
979 4473 1011 4536 in
1028 4473 1137 4556 primis
1153 4473 1310 4557 regratior
1326 4474 1419 4538 vohis
1435 4479 1468 4538 et
1483 4471 1616 4537 domino

283 4578 436 4644 Werhero
454 4580 487 4659 (t)
514 4586 653 4663 cognato
683 4599 753 4646 meo
782 4581 870 4645 socio
894 4587 1002 4646 vestro
1032 4600 1199 4664 supereo,
1225 4580 1310 4663 quod
1335 4581 1484 4646 clericum
1509 4600 1616 4645 meum

283 4684 324 4750 ad
348 4705 399 4751 me
427 4687 606 4751 venientem
637 4687 718 4752 hene
749 4687 982 4771 pertractastis,
1007 4695 1040 4753 et
1062 4686 1239 4753 reverendo
1263 4687 1392 4753 domino
1416 4708 1487 4753 meo
1511 4687 1617 4753 archi·

283 4793 434 4878 episcopo
467 4813 563 4880 super
597 4794 657 4859 hoc
687 4802 797 4878 grates
826 4802 859 4859 et
886 4793 1009 4877 gratias
1033 4794 1189 4860 reseratis.
1236 4797 1316 4862 Item
1341 4795 1500 4879 regratior
1522 4797 1618 4863 vohis
