3642 5509
262 400 315 455 128
800 399 870 454 1328
889 396 1026 456 Februar
1044 398 1069 455 6.

261 577 323 649 lem
340 581 510 648 ecclesiam
526 580 567 645 de
581 581 667 645 hIeer
680 580 789 647 Goion.
807 579 890 645 dioc.
903 629 911 645 .
924 628 951 646 ..
969 582 1127 665 recipiens
1143 600 1213 646 eam
1232 600 1289 666 per
1306 579 1476 647 tresdecim
1492 600 1593 647 annos

262 690 313 756 vel
342 690 430 755 circa
465 694 622 770 tenuerat,
658 688 691 752 in
726 688 940 772 presbiterum
970 707 1033 752 non
1064 693 1236 770 promotus,
1275 686 1593 773 dispensatione...

260 818 324 863 non
347 797 489 877 obtenta,
514 793 636 860 fructus
659 794 841 880 percipiens
865 814 906 859 en
936 793 1050 859 eadem
1079 800 1112 859 et
1135 793 1358 861 nichilominus
1387 795 1493 861 medio
1516 803 1594 861 tem·

261 924 339 992 pore
372 902 596 970 canonicatum
621 908 653 967 et
681 901 877 988 prehendam
907 901 1044 967 ecclesie
1068 900 1315 986 Sutphaniensis
1338 902 1479 969 Traiect.
1508 902 1592 969 dioc.

262 1012 305 1079 ad
328 1010 598 1097 presentationem
625 1057 684 1074 ...
716 1007 879 1094 Raynaldi
903 1007 1068 1075 Gelrensis
1092 1007 1218 1074 comitIs
1246 1010 1499 1095 ..pertinentes
1521 1030 1594 1076 nec·

261 1140 325 1186 non
348 1116 560 1203 capellaniam
584 1116 617 1182 S.
643 1115 819 1200 Margarlte
850 1117 884 1180 in
918 1114 1031 1182 uadem
1059 1114 1291 1200 Sulphaniensi
1320 1116 1459 1183 ecclesia
1488 1116 1594 1182 inerat

351 1230 516 1291 assecutus
544 1229 577 1289 et
607 1223 730 1289 fructus
759 1229 927 1308 receperat
956 1243 1015 1308 per
1043 1222 1169 1305 aliquos
1197 1242 1297 1289 annos
1325 1244 1366 1288 ex
1390 1222 1521 1305 eisdem,
1555 1244 1595 1289 ac

262 1332 443 1420 supplicato
471 1331 563 1397 nohis
593 1330 754 1397 humiliter
777 1351 835 1415 pro
858 1338 952 1415 parte
975 1329 1132 1416 predicta,
1160 1376 1219 1395 ...
1244 1352 1302 1399 nos
1331 1380 1392 1397 ...
1419 1332 1522 1417 ipsum
1546 1332 1595 1397 lo-

263 1439 400 1506 hannem
418 1487 425 1502 .
443 1488 451 1503 .
468 1437 707 1504 habilitavimus
730 1436 920 1520 fructusque
943 1435 1106 1521 predictos
1124 1485 1132 1501 .
1150 1487 1157 1501 .
1176 1486 1184 1501 .
1208 1435 1397 1503 donavimus
1423 1486 1431 1502 .
1449 1486 1457 1502 .
1475 1486 1483 1501 .
1510 1436 1592 1502 Iruc-

262 1548 348 1612 tibus
371 1544 504 1612 duorum
527 1563 681 1609 annornm
705 1562 745 1608 er
762 1543 809 1608 eis
832 1541 1002 1608 dumtaxat
1026 1549 1133 1609 nostre
1157 1562 1283 1609 camere
1307 1545 1489 1624 reservatis,
1515 1562 1594 1625 quos

261 1653 347 1719 Infra
370 1651 415 1717 kl.
440 1650 580 1717 octobris
603 1651 747 1736 proximo
771 1648 887 1715 futuris
910 1656 1037 1714 tenetur
1060 1649 1185 1716 solvere
1209 1670 1335 1716 camere
1359 1650 1522 1716 antedicta

223 1842 225 1846 y
261 1761 329 1829 Nos
352 1761 451 1844 igitur
469 1808 476 1823 .
493 1809 500 1824 .
517 1807 524 1823 .
542 1757 729 1824 discretioni
752 1764 859 1823 vostre
876 1806 884 1821 .
902 1805 910 1821 .
929 1805 935 1820 .
954 1755 1152 1840 mandamns,
1170 1758 1320 1839 quatinus
1338 1806 1345 1823 .
1362 1805 1369 1819 .
1389 1807 1396 1823 .
1413 1757 1592 1844 predictam

262 1866 492 1953 parrochialem
518 1865 687 1931 ecclesiam
701 1912 709 1928 .
724 1914 731 1928 .
746 1915 753 1929 .
767 1863 894 1948 prelato
919 1864 1052 1929 Iohanni
1077 1864 1129 1929 vel
1153 1864 1353 1949 procuratori
1377 1884 1477 1930 suo..
1493 1914 1501 1930 .
1520 1885 1592 1930 con-

261 1974 345 2039 ferre
368 1980 400 2039 et
423 1972 589 2056 assignare
613 1971 731 2037 curetis
757 2020 764 2036 .
794 2018 803 2036 .
832 2019 839 2035 .
867 1970 1020 2036 Volumus
1051 1977 1169 2055 antem,
1206 1969 1291 2052 qnod
1321 1970 1406 2036 idem
1434 1971 1593 2038 Iohannes

262 2080 382 2147 dictam
406 2079 564 2165 capellam
587 2078 622 2145 S.
638 2078 824 2162 Margarita,
849 2097 944 2160 quam
958 2125 965 2139 .
981 2126 988 2143 .
1004 2126 1012 2143 .
1030 2084 1128 2160 tenet,
1153 2097 1279 2143 exnnnc
1302 2080 1429 2143 omnino
1453 2077 1594 2144 dimittat

362 2188 437 2252 Dat.
462 2186 557 2252 hvin.
582 2184 661 2251 VIII
683 2183 757 2250 Idus
779 2184 935 2250 februarii
958 2205 989 2252 a.
1013 2183 1216 2250 duodecimo.

412 2289 484 2358 Ray.
504 2285 583 2357 871⁴.
602 2287 638 2340 17
656 2302 704 2341 ar.
724 2285 811 2341 2049.

369 2499 485 2569 1421.
511 2503 599 2568 1328
621 2500 775 2568 Fehrcur
798 2503 829 2567 6.
850 2498 1015 2587 Avipuoc.

366 2643 526 2712 Iohannes
542 2645 640 2710 XXII
665 2644 858 2710 Xanctensis
881 2652 914 2709 et
931 2643 1173 2710 Davantriensis
1197 2664 1235 2709 ac
1251 2642 1468 2712 Emhricensis
1484 2644 1591 2711 Colon.

263 2758 296 2817 et
320 2750 461 2824 Traiect.
486 2751 570 2817 dioc.
595 2751 802 2817 ecclesiarum
832 2749 964 2816 decanis
990 2757 1111 2833 manat,
1140 2752 1289 2833 quatinus
1313 2750 1447 2817 Iohanni
1472 2752 1594 2818 Doens·

264 2860 363 2925 brono
385 2857 558 2944 (helerico
582 2860 724 2923 Traiect.
748 2856 844 2941 dioc,
869 2858 924 2941 qui
948 2857 1023 2922 olim
1048 2858 1229 2923 obtinuerat
1252 2858 1469 2944 parochialem
1493 2859 1594 2925 eccle-

262 2966 342 3031 siam
366 2965 408 3030 de
431 2965 519 3031 Meer
543 2970 615 3044 (etc.
639 2973 677 3030 ct
700 2966 738 3029 in
760 2985 803 3029 nr
828 2966 1006 3045 1420)...
1032 2964 1200 3030 conferant
1216 2972 1249 3029 et
1270 2966 1435 3048 assignent
1457 2968 1593 3031 canoni-

263 3081 370 3139 catum
388 3080 421 3139 et
436 3071 631 3158 prebendam
656 3072 735 3137 eccl.
760 3070 1015 3157 SutphanIcnsis,
1039 3092 1118 3155 qnos
1141 3073 1259 3137 iniuste
1282 3072 1475 3139 obtinuerat.

371 3181 593 3264 Suffragantia
616 3179 734 3245 dilecto
758 3180 848 3244 filio.
874 3228 882 3243 .
910 3225 918 3244 .
966 3180 1040 3244 Dat.
1065 3180 1160 3245 Avin.
1186 3180 1265 3243 VllI
1289 3179 1361 3246 idus
1385 3180 1539 3246 februarii
1563 3203 1593 3247 a.

262 3287 463 3356 duodecimo.

430 3411 503 3483 Rep.
522 3415 559 3468 87
575 3412 601 3483 f.
616 3412 664 3468 82
681 3429 730 3468 nr.
749 3412 835 3469 2228.

371 3672 492 3744 1422.
524 3674 611 3743 1328
638 3673 793 3742 Febr-cur
815 3679 846 3741 6.
872 3675 1036 3765 Acipoorr.

371 3820 531 3886 lohannes
563 3818 666 3884 XXII
703 3818 824 3883 Hillino
857 3818 898 3884 de
931 3820 1067 3887 lamerlo
1101 3819 1256 3887 canonico
1289 3818 1367 3886 eccl.
1401 3817 1595 3886 Xanctensis

208 3938 212 3947 '
263 3928 375 3994 Colon.
392 3926 477 3992 dioc.
502 3932 645 3991 reservat
669 3925 857 3991 heneficium
881 3925 1134 3993 ecclesiastIcnm
1160 3948 1229 3993 cum
1255 3948 1332 3993 cura
1348 3929 1397 3992 vel
1422 3927 1491 3992 sine
1508 3948 1593 4007 cura,

263 4034 352 4099 cuius
375 4033 509 4115 fructus,
533 4034 560 4098 si
585 4053 656 4098 cnm
682 4052 767 4113 cura,
793 4033 917 4116 viginti,
943 4035 970 4098 si
989 4054 1063 4099 vero
1087 4034 1156 4099 sine
1180 4054 1256 4099 cura
1279 4035 1386 4115 lueril,
1411 4034 1592 4116 quindecim

262 4140 463 4207 marcharum
496 4140 622 4223 argenti
645 4160 670 4205 s.
698 4148 719 4205 l.
746 4140 778 4205 d.
804 4140 945 4205 valorem
974 4161 1111 4206 annuum
1147 4162 1209 4205 non
1242 4140 1410 4223 excedant,
1444 4148 1595 4225 spectans

262 4247 305 4312 ad
330 4247 572 4333 dispositionem
601 4247 757 4332 prepositi
786 4246 899 4312 decani
930 4254 962 4312 et
992 4248 1125 4332 capituli
1150 4249 1229 4330 eccl,
1254 4248 1288 4313 S.
1313 4248 1490 4314 SalvatorIs
1514 4248 1593 4312 Tra·

262 4356 337 4420 ieet.
361 4354 445 4420 dioc.
472 4356 680 4419 communiter
704 4354 755 4418 vel
786 4353 924 4437 divisim,
956 4374 1018 4419 non
1047 4355 1196 4420 obstante
1219 4354 1303 4438 qnod
1327 4356 1360 4419 in
1384 4356 1464 4421 eccl.
1489 4355 1595 4419 Xanc-

262 4463 345 4527 tensi
369 4461 479 4527 Oolon.
503 4461 587 4527 dioc.
612 4468 661 4527 est
684 4462 857 4527 canonicus
881 4469 914 4526 et
937 4461 1134 4547 prehendam
1159 4462 1279 4528 ibidem
1303 4464 1495 4527 anctoritate
1520 4483 1594 4547 apo·

262 4563 378 4631 stolica
409 4570 572 4649 expectat.

263 4758 285 4826 d
327 4761 334 4775 ι
370 4670 496 4737 Morum
519 4670 617 4736 decor
640 4677 673 4736 et
695 4670 760 4737 alia
777 4719 785 4738 .
804 4719 837 4736 ..
885 4672 960 4738 Dat.
978 4671 1072 4738 Avin.
1090 4671 1169 4739 Vlll
1193 4671 1265 4737 idus
1288 4670 1439 4745 februarii
1463 4692 1493 4736 a.
1518 4669 1595 4738 duo·

287 4778 399 4826 ecrmo.
