3642 5509
767 441 837 496 1338
856 440 930 496 Juni
948 440 992 496 24.

305 709 432 779 2338.
458 716 546 779 1338
568 715 655 781 Jnni
678 716 731 779 24.
760 712 925 802 Aoipnon.

309 858 503 924 Benedictus
519 858 584 922 XII
608 858 758 944 Philippo
783 859 853 941 regi
870 858 1066 924 Francorum
1089 859 1172 924 inter
1194 858 1260 923 alia
1284 859 1424 941 nunciat,
1447 857 1533 941 quod

202 987 259 1051 per
289 966 476 1052 episcopum
501 966 686 1032 Curiensem
718 973 750 1030 et
774 966 943 1032 Gerlacum
973 967 1120 1032 comitem
1149 964 1191 1032 de
1214 966 1370 1033 Nossawe
1399 965 1532 1031 nuncios

202 1072 435 1159 archiepiscopi
461 1075 640 1159 Maguntini
665 1082 697 1139 et
726 1048 925 1158 quoruddam
954 1075 1090 1139 aliorum
1119 1075 1311 1158 prelatorum
1343 1075 1534 1139 Alamannia

202 1183 330 1248 littere¹
363 1182 424 1247 sibi
457 1187 640 1266 presentate
673 1181 819 1264 fuerunt,
853 1201 989 1264 eumque
1022 1183 1190 1248 certiorem
1223 1182 1316 1263 facit,
1351 1203 1386 1248 se
1409 1182 1534 1247 nunciis

203 1295 277 1354 ante
301 1309 408 1355 eorum
432 1309 592 1355 recessum
617 1288 819 1374 respondisse
843 1290 927 1355 inter
950 1289 1025 1372 alia,
1051 1288 1135 1372 quod
1161 1296 1268 1357 castra
1291 1297 1323 1355 et
1343 1291 1534 1356 munitiones

203 1397 339 1462 ecclesie
363 1397 551 1481 Magantine
575 1403 688 1463 contra
711 1397 781 1462 iura
805 1397 930 1482 imperii
955 1405 987 1462 et
1011 1397 1101 1480 regni
1126 1396 1317 1463 Alamannie
1341 1397 1382 1463 ad
1406 1419 1533 1463 manum

202 1523 291 1570 suam
315 1505 416 1590 recipi
439 1524 504 1569 non
526 1503 703 1588 mandavit,
728 1503 784 1570 sed
809 1511 934 1568 tantum
957 1505 989 1568 in
1014 1503 1157 1571 favorem
1180 1505 1281 1590 ipsius
1304 1506 1442 1572 ecclesie
1464 1507 1533 1572 Ma·

202 1614 333 1695 guntine
362 1620 395 1679 et
425 1613 540 1697 prelati
568 1612 628 1694 sui,
663 1619 698 1676 ut
728 1613 775 1677 sic
804 1618 911 1677 castra
940 1617 971 1676 et
1001 1614 1193 1678 munitiones
1226 1612 1406 1680 huiusmodi
1436 1617 1534 1700 eripe-

203 1727 312 1785 rentur
335 1719 376 1785 de
400 1719 547 1785 manibus
571 1718 741 1785 cuiuslibet
771 1717 947 1785 detentoris
970 1727 1002 1784 et
1025 1726 1209 1786 tenerentur
1233 1721 1265 1784 in
1289 1723 1436 1787 manibus
1460 1741 1536 1786 nun·

203 1828 321 1892 ciorum
356 1826 531 1913 papalium,
566 1825 669 1892 donec
701 1827 783 1890 inter
812 1826 1033 1910 Maguntinum
1063 1834 1095 1891 et
1118 1827 1348 1893 Trevercnsem
1378 1827 1534 1913 arehiepi-

202 1955 318 2021 scopos
342 1940 427 2001 esset
450 1933 623 2000 concordia
639 1935 822 2016 reformata,
848 1933 935 2017 qnod
957 1952 1053 2018 snper
1068 1935 1231 2018 premissis
1246 1935 1388 2001 scribere
1405 1935 1535 2001 volebat

203 2043 349 2109 omnibus
371 2042 563 2108 Alamannis
587 2040 849 2126 archiepiscopis,
874 2040 961 2124 qnod
985 2061 1061 2106 vero
1085 2040 1329 2127 archiepiscopo
1346 2042 1534 2126 Maguntino

202 2149 335 2216 attentis
359 2149 428 2217 eius
457 2148 657 2215 detestandis
690 2148 874 2214 excessibus
903 2154 937 2212 et
964 2147 1250 2232 ingratitudinibus
1278 2169 1341 2213 non
1369 2150 1533 2232 scriberet,

204 2277 274 2324 cum
297 2258 340 2323 sit
364 2259 460 2322 etiam
484 2263 616 2341 propter
644 2254 773 2322 eosdem
798 2275 949 2321 excessus
973 2253 1312 2321 excommunicationis
1335 2256 1463 2323 vinculo
1488 2256 1534 2322 in·

203 2364 350 2447 nodatus,
375 2363 432 2431 sed
456 2365 528 2430 aliis
552 2363 726 2429 destinabit
749 2383 846 2449 super
868 2361 1023 2449 predictis
1047 2362 1171 2428 litteras
1194 2364 1406 2448 responsales.

310 2473 414 2557 Regie
437 2473 619 2539 serenitatis
643 2471 767 2538 litteras
781 2521 788 2536 .
804 2519 833 2536 ..
867 2472 943 2536 Dat.
967 2470 1061 2537 Avin.
1087 2471 1182 2536 VIIII
1206 2470 1251 2536 kl.
1276 2472 1344 2537 iulii
1367 2493 1397 2537 a.
1411 2478 1533 2554 quarto.

363 2597 437 2668 Ray.
456 2599 513 2651 133
534 2597 559 2666 s.
577 2597 624 2650 371
653 2611 700 2650 nr.
726 2597 801 2662 130,·
830 2593 990 2666 Raynaldi
1013 2597 1117 2650 annet.
1136 2596 1202 2650 eccl.
1227 2611 1254 2649 α.
1275 2598 1351 2650 1338
1373 2603 1409 2660 §5
1427 2598 1533 2661 8-10,·

364 2688 417 2743 Ite.
436 2687 519 2740 1954.

309 2959 437 3028 2384.
464 2961 551 3024 1338
574 2960 662 3026 Jnni
684 2962 738 3024 27.
763 2957 928 3045 Aoiqnon.

310 3104 513 3171 Benedictus
538 3105 614 3168 XII
642 3104 782 3188 deputat
815 3111 882 3168 tres
915 3103 1052 3186 indices,
1089 3104 1147 3188 qni
1178 3103 1215 3168 in
1240 3099 1430 3170 Gotomenai
1453 3124 1534 3190 pro·

203 3213 316 3278 vincia
336 3213 507 3299 fratribus
530 3219 676 3296 quatuor
699 3211 858 3276 ordinem
882 3211 1149 3276 Mendicantinm
1171 3213 1359 3294 intabescat,
1383 3234 1425 3277 ne
1448 3214 1535 3277 bono

205 3319 455 3404 archiepiscopo
480 3327 512 3384 et
536 3317 670 3384 ecclesie
696 3314 887 3382 Coloniensi
919 3318 1129 3383 restituenda
1160 3319 1227 3403 ipsi
1258 3321 1426 3403 recipiant
1455 3341 1535 3385 nene

204 3436 359 3513 raptores
383 3435 414 3493 et
446 3428 634 3492 detentores
666 3426 788 3491 talium
821 3427 983 3490 bonoram
1017 3426 1192 3491 absolvant
1224 3427 1292 3490 nisi
1324 3428 1535 3494 restitutione

206 3535 318 3600 debita
335 3535 500 3619 primitus
521 3535 622 3619 fecta.

313 3657 518 3744 [Benedictus
536 3657 613 3742 Xll]
638 3657 865 3724 archidiacono
882 3658 1073 3724 Treverensi
1098 3664 1131 3723 et
1154 3656 1278 3724 decano
1301 3678 1340 3724 ac
1363 3659 1534 3724 scolastico

205 3767 238 3833 S.
264 3767 383 3832 Florini
406 3767 439 3831 in
463 3764 664 3832 Confluentis
687 3765 817 3830 Trever.
842 3764 927 3831 dioc.
952 3765 1031 3830 eccl.

312 3875 451 3940 Gravem
484 3873 676 3939 venerabilis
713 3871 824 3937 fratris
856 3873 956 3938 nostri
990 3872 1143 3938 Walrami
1176 3872 1411 3959 archiepiscopi
1443 3873 1536 3940 Golo-

204 3983 324 4049 niensis
357 3983 518 4066 querelam
550 3981 729 4066 recepimus
763 3981 988 4061 continentem,
1022 3978 1107 4062 quod
1136 3981 1167 4044 in
1196 3980 1342 4064 partibus
1370 3981 1433 4046 illis
1462 3989 1535 4048 sunt

205 4091 305 4172 multi,
330 4090 384 4173 qui
408 4090 492 4154 bona
516 4087 557 4153 ad
582 4087 716 4153 cundem
741 4087 1017 4172 archiepiscopum
1042 4093 1074 4152 et
1097 4106 1187 4151 suam
1212 4087 1382 4153 ecclesiam
1403 4089 1471 4153 sive
1495 4109 1535 4154 ex

205 4197 376 4263 theoloniis
405 4196 473 4262 sive
498 4215 538 4260 ex
567 4195 641 4261 aliis
675 4193 855 4260 redditibus
888 4195 1083 4279 pertinentia
1115 4201 1179 4259 tam
1213 4214 1270 4259 suo
1304 4214 1399 4277 quam
1422 4196 1535 4279 prede·

206 4324 367 4370 cessurum
391 4323 517 4369 suorum
542 4301 857 4389 archiepiscoporum
881 4301 1117 4367 Coloniensinm
1140 4309 1285 4386 tempore
1309 4311 1483 4386 rapuerunt
1504 4313 1536 4370 et

206 4420 326 4477 temere
349 4411 549 4476 abstulerunt
566 4417 598 4476 et
619 4412 715 4475 etiam
740 4415 942 4476 extorserunt
958 4417 990 4474 et
1006 4410 1123 4475 iniuste
1147 4407 1350 4475 detinuerunt
1374 4417 1407 4474 et
1430 4409 1537 4476 adhuc

206 4519 350 4584 detinere
373 4525 556 4601 noscuntur,
586 4524 618 4583 et
642 4537 714 4583 cum
738 4518 819 4583 tales
843 4515 885 4582 ad
910 4517 1025 4582 bonam
1050 4517 1279 4582 conscientiam
1303 4515 1472 4582 redeuntes
1495 4517 1536 4583 de

205 4627 298 4692 bonis
322 4624 503 4691 huiusmodi
531 4625 572 4690 ab
603 4623 681 4711 ipsis
710 4625 827 4691 ablatis
854 4625 990 4690 extortis
1013 4631 1045 4689 et
1068 4624 1170 4708 raptis
1193 4645 1232 4690 ac
1256 4624 1372 4690 iniuste
1396 4623 1537 4691 detentis

313 4828 340 4898 1)
360 4829 413 4883 litt.
434 4829 505 4882 date
524 4827 621 4899 Spyre
642 4827 691 4883 die
711 4827 822 4882 XXVll
844 4843 879 4881 rn.
900 4829 998 4882 martii
1018 4842 1045 4880 a.
1066 4827 1179 4881 domini
1199 4825 1465 4882 dcccxxxviii.
