3642 5509
727 426 799 486 1329
817 429 949 486 October
969 429 1010 486 13.
1484 425 1538 488 2?ss

205 629 358 694 corporee
393 609 629 696 archiepiscopi
661 617 735 676 sunt
766 611 936 696 plurimum
971 618 1128 696 oportuna
1157 617 1189 676 et
1219 611 1303 694 quod
1333 617 1367 676 tu
1397 612 1537 678 nondum

206 717 338 800 potuisti
366 720 593 783 convenienter
623 725 754 803 propter
785 717 874 784 dieta
898 719 1052 801 obsequia
1075 717 1115 783 ad
1141 719 1371 804 presbiteratus
1395 719 1538 785 ordinem

207 825 396 908 promoveri,
419 825 512 890 nobis
536 845 593 910 pro
617 833 710 910 parte
733 832 789 891 tua
813 825 975 891 humiliter
999 826 1194 912 supplicavit
1213 876 1219 891 .
1235 875 1242 890 .
1257 875 1264 890 .
1282 827 1348 893 Nos
1372 826 1535 911 igitur...

205 951 330 996 omnem
360 931 574 999 inhabilitatis
606 940 639 999 et
671 933 918 1018 irregularitatis
951 935 1108 1000 maculam
1137 935 1205 999 sive
1228 940 1336 999 notam
1360 953 1418 1018 per
1441 939 1474 998 te
1497 935 1537 998 ob

206 1038 363 1122 premissa
386 1046 585 1106 contractam
603 1090 611 1106 .
629 1094 636 1109 .
655 1091 662 1106 .
680 1041 846 1107 abolemus
869 1041 1055 1124 fructusque
1079 1062 1136 1126 per
1152 1049 1185 1106 te
1202 1061 1242 1106 ex
1263 1039 1375 1107 eadem
1401 1041 1539 1107 ecclesia

206 1145 238 1209 in
262 1145 471 1230 Orermorke,
503 1154 539 1212 at
566 1149 739 1233 prefertur,
774 1155 946 1234 perceptos
975 1169 1045 1214 eum
1070 1149 1227 1214 fructibus
1250 1169 1308 1234 per·
1331 1153 1363 1212 te
1388 1147 1539 1214 dedicta

206 1253 343 1318 ecclesia
365 1253 398 1317 in
422 1255 677 1339 Durremaghem
701 1255 888 1341 perceptis.
908 1304 915 1318 .
934 1305 941 1320 .
959 1257 1018 1321 tibi
1037 1305 1043 1320 .
1063 1305 1069 1320 .
1090 1305 1096 1320 .
1113 1255 1304 1322 remittimus
1328 1261 1361 1320 ct
1385 1254 1539 1320 donamus

314 1361 389 1427 Dat.
413 1361 508 1427 Ario.
533 1362 583 1426 IlI
607 1361 679 1428 idus
703 1363 843 1428 octobris
866 1384 897 1447 p.
915 1383 946 1428 n.
962 1384 991 1428 a.
1017 1363 1128 1427 XIllI.

365 1486 437 1554 liep.
457 1487 494 1540 95
512 1501 559 1539 ar.
579 1488 643 1540 565.

312 1690 431 1757 1777.
463 1693 549 1755 1329
574 1692 713 1757 October
738 1694 790 1757 13.
822 1691 988 1779 Aoipriorr.

312 1816 480 1882 Ioharraes
504 1817 615 1880 XXII
639 1819 746 1882 tribas
774 1819 1008 1883 acceptoribus
1030 1820 1181 1902 mandat,
1210 1823 1369 1905 quatiaris
1393 1822 1539 1887 Iohanni

205 1925 246 1988 de
275 1924 427 1989 traiecto
451 1926 610 1989 canonico
635 1925 768 1989 ecclesie
792 1924 828 1990 S.
842 1926 953 1990 Marte
977 1925 1022 1990 ad
1045 1927 1173 2012 gradem
1192 1923 1315 2009 Colca,
1333 1950 1429 2013 qaam
1444 1950 1539 2014 papa

205 2031 405 2113 habilitaoit,
431 2033 564 2111 (denae)
581 2033 759 2118 conferarii
783 2033 957 2098 ecclesiam
978 2034 1228 2118 parrochialem
1251 2037 1288 2099 ia
1301 2035 1536 2100 anrmorhea.

315 2153 485 2238 [lohannes
494 2155 606 2238 XXII]
631 2155 766 2221 Iohanni
784 2155 825 2221 de
841 2157 956 2221 Banna
980 2155 1103 2222 decano
1121 2157 1298 2225 Bnnnensis
1322 2159 1432 2225 Oolon.
1454 2159 1537 2224 dioc.

206 2261 374 2346 capellano
397 2269 505 2329 nostro
529 2270 564 2328 et
586 2262 747 2329 Tullensis
769 2284 809 2329 ac
833 2263 866 2328 S.
892 2264 1024 2348 Georgii
1049 2263 1158 2330 Colca.
1184 2265 1372 2332 scolasticis.

311 2368 505 2435 Litterarum
539 2371 685 2452 scientia,
719 2369 870 2436 honestas
902 2391 1023 2438 morum
1145 2372 1231 2438 Sane
1263 2393 1365 2459 nuper
1394 2394 1450 2459 per

206 2476 377 2542 chricum
402 2477 680 2562 arehiepiscopum
703 2477 924 2545 (boloniensem
955 2500 1013 2564 pro
1036 2489 1129 2565 parte
1153 2479 1296 2546 eiusdem
1320 2481 1466 2565 magistri
1490 2483 1539 2547 lo·

206 2584 319 2650 hannis
343 2583 396 2668 [de
412 2583 563 2651 Treiecto
588 2584 735 2650 canonici
760 2584 897 2651 ecclesie
921 2587 954 2651 S.
972 2587 1074 2652 Mar-ie
1097 2586 1139 2652 ad
1163 2587 1284 2672 gradus
1300 2588 1422 2672 Colca]
1447 2589 1539 2654 nohis

205 2693 363 2777 exposite,
388 2691 474 2775 quod
498 2691 583 2757 idem
608 2693 761 2776 magister
783 2693 945 2774 Iohannis,
976 2696 1030 2776 qui
1053 2701 1129 2759 tunc
1153 2695 1186 2759 in
1210 2695 1242 2760 S.
1269 2696 1369 2761 Marie
1392 2695 1538 2780 predicte

205 2806 238 2863 et
260 2798 294 2864 S.
318 2799 420 2864 llarie
443 2799 602 2882 Aquensis
634 2820 673 2864 ae
702 2800 735 2863 in
765 2800 956 2884 Heynsherg
979 2799 1080 2866 Leod.
1115 2800 1199 2866 dioc.
1232 2801 1378 2868 ecclesiis
1410 2803 1538 2868 eanoni-

206 2911 296 2971 catus
319 2912 352 2970 et
374 2905 555 2990 prebendas
579 2905 757 2989 obtinebat,
785 2907 870 2972 sicut
892 2906 999 2973 adhuc
1023 2909 1164 2973 noscitur
1186 2909 1341 2992 obtinere,
1366 2909 1441 2974 olim
1465 2930 1536 2994 par-

205 3011 379 3078 rochialem
412 3013 581 3079 ecelesiam
610 3014 643 3078 in
667 3013 953 3098 Durremaghem.
984 3063 991 3078 .
1020 3063 1027 3078 .
1062 3017 1276 3097 (Narraetar
1300 3017 1416 3082 eadem
1440 3022 1538 3102 atpae

204 3121 241 3184 ia
263 3140 316 3185 ar.
342 3122 555 3206 littusque
579 3122 653 3199 ads)
678 3122 869 3206 promoveri,
893 3141 951 3205 pro
979 3128 1072 3206 parte
1095 3120 1196 3206 ipsius
1219 3123 1363 3206 magistri
1387 3121 1539 3189 Iohannis

205 3226 297 3292 nohis
332 3225 492 3292 humiliter
525 3226 723 3312 supplicato,
756 3235 791 3293 ut
826 3227 995 3313 providere
1030 3228 1092 3294 sihi
1119 3277 1126 3292 .
1156 3277 1163 3292 .
1194 3278 1201 3294 .
1232 3229 1446 3313 dignaremur,
1479 3249 1539 3296 nos

210 3353 335 3399 omnem
359 3333 570 3402 inhabilitatis
593 3340 626 3400 et
648 3335 893 3418 irregularitatis
917 3335 1075 3400 maculam
1098 3384 1105 3400 .
1125 3383 1158 3401 ..
1185 3334 1281 3401 hodie
1306 3385 1313 3400 .
1341 3385 1349 3401 .
1377 3385 1384 3400 .
1410 3337 1539 3421 penitus

204 3440 403 3507 abolevimus
433 3439 618 3525 fructusque
645 3461 703 3526 per
731 3462 802 3508 eum
830 3462 871 3507 ex
896 3441 1010 3508 eadem
1034 3442 1172 3508 ecelesia
1196 3443 1228 3506 in
1253 3441 1451 3508 Overmorke

204 3553 385 3633 perceptos,
414 3567 486 3614 cum
510 3568 606 3634 snper
628 3549 786 3615 fructibus
808 3570 867 3634 per
889 3549 992 3634 ipsam
1019 3548 1059 3614 de
1084 3548 1173 3615 dicta
1201 3547 1340 3615 ecclesis
1367 3549 1400 3614 in
1424 3550 1540 3616 Dnrre

205 3655 353 3741 maghem
377 3655 539 3741 perceptis
562 3675 680 3741 secum,
705 3663 740 3722 ut
760 3657 973 3741 asserebatur,
999 3655 1217 3742 dispensatum
1241 3657 1336 3740 foret,
1360 3656 1421 3723 sihi
1447 3659 1539 3724 remi-

204 3763 302 3828 simus
329 3811 387 3828 ...
428 3761 497 3831 Nos
519 3761 620 3848 igitur
646 3813 706 3828 ...
728 3762 913 3830 discretioni
938 3768 1044 3829 vestre
1070 3811 1129 3828 ...
1156 3762 1355 3848 mandamus,
1389 3765 1539 3848 quatinus

205 3917 266 3935 ...
290 3868 470 3955 predictam
494 3870 729 3955 parrochialem
752 3870 922 3936 ecelesiam
946 3871 979 3934 in
1008 3870 1207 3937 Overmorke
1231 3878 1361 3957 propter
1384 3873 1539 3956 premissa

205 3975 246 4042 de
275 3978 344 4041 iure
374 3985 544 4043 vacantem
663 3977 768 4043 eidem
798 4027 805 4042 .
831 4028 838 4042 .
863 3978 914 4042 vel
939 3979 1137 4063 procuratori
1162 3997 1219 4044 suo
1338 3979 1484 4045 conterre
1506 3986 1540 4045 et

204 4083 371 4167 assignare
395 4085 513 4151 curetis
539 4134 547 4150 .
575 4134 608 4150 ..
665 4086 740 4151 Dat.
770 4084 864 4150 Arin.
891 4085 941 4149 ΙΙΙ
971 4084 1043 4151 idus
1067 4085 1208 4152 octobris
1232 4106 1260 4150 a.
1287 4085 1538 4168 quartodecimo.

365 4207 649 4278 mamm

312 4449 432 4518 1778.
471 4453 555 4516 1329
580 4452 719 4517 October
743 4455 795 4517 13.
823 4450 989 4540 Acipeoa.

311 4595 477 4660 Iohaarres
501 4595 608 4659 XXII
641 4596 714 4661 oatt
745 4596 931 4682 informari
956 4597 997 4661 ote
1026 4602 1118 4662 stata
1148 4597 1281 4662 ecclesie
1308 4597 1540 4683 parrochialis

204 4699 242 4766 S.
264 4701 412 4786 ‚semiper
435 4703 640 4779 Baaneasic,
676 4725 778 4788 qaaere
806 4705 988 4769 decanatui
1011 4705 1144 4770 ecclesie
1168 4703 1203 4769 S.
1231 4701 1341 4771 Cassii
1364 4713 1540 4773 absentare

204 4809 296 4894 capit
320 4808 489 4874 Ioharraes
512 4810 659 4875 decertas
682 4810 781 4876 haiim
805 4812 948 4876 ecclesie.

252 4930 339 4977 Vctlk.
357 4931 484 4984 &auten
499 4931 533 4975 11.
1358 4919 1392 4974 18
