<?xml version="1.0" encoding="UTF-8"?>
<!DOCTYPE html PUBLIC "-//W3C//DTD XHTML 1.0 Transitional//EN"
    "http://www.w3.org/TR/xhtml1/DTD/xhtml1-transitional.dtd">
<html xmlns="http://www.w3.org/1999/xhtml" xml:lang="en" lang="en">
 <head>
  <title>
</title>
<meta http-equiv="Content-Type" content="text/html;charset=utf-8" />
  <meta name='ocr-system' content='tesseract 3.04.00' />
  <meta name='ocr-capabilities' content='ocr_page ocr_carea ocr_par ocr_line ocrx_word'/>
</head>
<body>
  <div class='ocr_page' id='page_1' title='image "./urkundenundrege00thimgoog_0358.png"; bbox 0 0 3642 5509; ppageno 0'>
   <div class='ocr_carea' id='block_1_1' title="bbox 836 442 1591 499">
    <p class='ocr_par' dir='ltr' id='par_1_1' title="bbox 836 442 1591 499">
     <span class='ocr_line' id='line_1_1' title="bbox 836 442 1591 499; baseline 0.003 -2"><span class='ocrx_word' id='word_1_1' title='bbox 836 443 907 498; x_wconf 81' lang='grc'><strong>1330</strong></span> <span class='ocrx_word' id='word_1_2' title='bbox 924 443 984 498; x_wconf 81' lang='lat' dir='ltr'>Mai</span> <span class='ocrx_word' id='word_1_3' title='bbox 1002 442 1029 498; x_wconf 85' lang='lat'>8.</span> <span class='ocrx_word' id='word_1_4' title='bbox 1538 445 1591 499; x_wconf 73' lang='grc'>829</span> 
     </span>
    </p>
   </div>
   <div class='ocr_carea' id='block_1_2' title="bbox 256 619 1594 1671">
    <p class='ocr_par' dir='ltr' id='par_1_2' title="bbox 256 619 1594 1671">
     <span class='ocr_line' id='line_1_2' title="bbox 257 619 1589 708; baseline 0.004 -23"><span class='ocrx_word' id='word_1_5' title='bbox 257 619 377 686; x_wconf 91' lang='lat' dir='ltr'>dudum</span> <span class='ocrx_word' id='word_1_6' title='bbox 409 643 467 708; x_wconf 92' lang='lat' dir='ltr'>pro</span> <span class='ocrx_word' id='word_1_7' title='bbox 500 621 598 687; x_wconf 90' lang='lat' dir='ltr'>certis</span> <span class='ocrx_word' id='word_1_8' title='bbox 629 623 769 706; x_wconf 82' lang='lat' dir='ltr'>negotiis</span> <span class='ocrx_word' id='word_1_9' title='bbox 801 628 944 704; x_wconf 90' lang='lat' dir='ltr'>venerat,</span> <span class='ocrx_word' id='word_1_10' title='bbox 982 622 1167 689; x_wconf 78' lang='lat' dir='ltr'>redeuntem</span> <span class='ocrx_word' id='word_1_11' title='bbox 1200 643 1264 688; x_wconf 89' lang='lat' dir='ltr'>una</span> <span class='ocrx_word' id='word_1_12' title='bbox 1298 645 1368 689; x_wconf 91' lang='lat' dir='ltr'>curn</span> <span class='ocrx_word' id='word_1_13' title='bbox 1399 623 1589 706; x_wconf 88' lang='lat' dir='ltr'>quibusdam</span> 
     </span>
     <span class='ocr_line' id='line_1_3' title="bbox 256 725 1592 818; baseline 0.003 -26"><span class='ocrx_word' id='word_1_14' title='bbox 256 729 322 794; x_wconf 87' lang='lat' dir='ltr'>suis</span> <span class='ocrx_word' id='word_1_15' title='bbox 346 730 555 815; x_wconf 90' lang='lat' dir='ltr'>complicibus</span> <span class='ocrx_word' id='word_1_16' title='bbox 579 751 692 796; x_wconf 87' lang='lat' dir='ltr'>rnanns</span> <span class='ocrx_word' id='word_1_17' title='bbox 714 730 850 796; x_wconf 92' lang='lat' dir='ltr'>iniciens</span> <span class='ocrx_word' id='word_1_18' title='bbox 874 731 1041 814; x_wconf 87' lang='lat' dir='ltr'>violentas,</span> <span class='ocrx_word' id='word_1_19' title='bbox 1072 725 1208 797; x_wconf 83' lang='lat' dir='ltr'>eundem</span> <span class='ocrx_word' id='word_1_20' title='bbox 1240 733 1435 818; x_wconf 89' lang='lat' dir='ltr'>prepositum</span> <span class='ocrx_word' id='word_1_21' title='bbox 1461 739 1494 797; x_wconf 89' lang='lat' dir='ltr'>ct</span> <span class='ocrx_word' id='word_1_22' title='bbox 1517 753 1592 796; x_wconf 92' lang='lat' dir='ltr'>non-</span> 
     </span>
     <span class='ocr_line' id='line_1_4' title="bbox 257 835 1592 922; baseline 0.002 -22"><span class='ocrx_word' id='word_1_23' title='bbox 257 836 360 901; x_wconf 92' lang='lat' dir='ltr'>nullos</span> <span class='ocrx_word' id='word_1_24' title='bbox 383 837 464 902; x_wconf 91' lang='lat' dir='ltr'>alios</span> <span class='ocrx_word' id='word_1_25' title='bbox 488 837 633 919; x_wconf 87' lang='lat' dir='ltr'>clericos,</span> <span class='ocrx_word' id='word_1_26' title='bbox 669 857 750 920; x_wconf 90' lang='lat' dir='ltr'>quas</span> <span class='ocrx_word' id='word_1_27' title='bbox 782 835 853 922; x_wconf 88' lang='lat' dir='ltr'>ipse</span> <span class='ocrx_word' id='word_1_28' title='bbox 886 838 918 902; x_wconf 93' lang='lat' dir='ltr'>in</span> <span class='ocrx_word' id='word_1_29' title='bbox 950 858 1009 904; x_wconf 91' lang='lat' dir='ltr'>sua</span> <span class='ocrx_word' id='word_1_30' title='bbox 1042 839 1194 902; x_wconf 76' lang='lat' dir='ltr'>comitiva</span> <span class='ocrx_word' id='word_1_31' title='bbox 1228 837 1378 918; x_wconf 85' lang='lat' dir='ltr'>ducebat,</span> <span class='ocrx_word' id='word_1_32' title='bbox 1414 837 1592 921; x_wconf 74' lang='lat' dir='ltr'>captivavit</span> 
     </span>
     <span class='ocr_line' id='line_1_5' title="bbox 257 943 1592 1029; baseline 0.002 -22"><span class='ocrx_word' id='word_1_33' title='bbox 257 962 376 1026; x_wconf 90' lang='lat' dir='ltr'>cosque</span> <span class='ocrx_word' id='word_1_34' title='bbox 405 943 540 1026; x_wconf 81' lang='lat' dir='ltr'>detinet,</span> <span class='ocrx_word' id='word_1_35' title='bbox 573 943 750 1025; x_wconf 76' lang='lat' dir='ltr'>declarent,</span> <span class='ocrx_word' id='word_1_36' title='bbox 783 945 811 1011; x_wconf 92' lang='lat' dir='ltr'>si</span> <span class='ocrx_word' id='word_1_37' title='bbox 840 945 920 1029; x_wconf 88' lang='lat' dir='ltr'>ipsis</span> <span class='ocrx_word' id='word_1_38' title='bbox 952 944 993 1010; x_wconf 87' lang='lat' dir='ltr'>de</span> <span class='ocrx_word' id='word_1_39' title='bbox 1019 945 1180 1029; x_wconf 74' lang='lat' dir='ltr'>prontissis</span> <span class='ocrx_word' id='word_1_40' title='bbox 1204 945 1393 1027; x_wconf 88' lang='lat' dir='ltr'>constiterit,</span> <span class='ocrx_word' id='word_1_41' title='bbox 1426 945 1592 1010; x_wconf 88' lang='lat' dir='ltr'>subiacere</span> 
     </span>
     <span class='ocr_line' id='line_1_6' title="bbox 258 1050 1594 1136; baseline 0.003 -22"><span class='ocrx_word' id='word_1_42' title='bbox 258 1070 328 1114; x_wconf 92' lang='lat' dir='ltr'>cnm</span> <span class='ocrx_word' id='word_1_43' title='bbox 353 1050 507 1134; x_wconf 75' lang='lat' dir='ltr'>predictis</span> <span class='ocrx_word' id='word_1_44' title='bbox 531 1051 742 1136; x_wconf 88' lang='lat' dir='ltr'>complicibus</span> <span class='ocrx_word' id='word_1_45' title='bbox 764 1053 936 1117; x_wconf 82' lang='lat' dir='ltr'>sententiis</span> <span class='ocrx_word' id='word_1_46' title='bbox 961 1053 1301 1117; x_wconf 82' lang='lat' dir='ltr'>excommunicationis</span> <span class='ocrx_word' id='word_1_47' title='bbox 1324 1057 1356 1118; x_wconf 91' lang='lat' dir='ltr'>et</span> <span class='ocrx_word' id='word_1_48' title='bbox 1380 1051 1594 1118; x_wconf 85' lang='lat' dir='ltr'>anathematis</span> 
     </span>
     <span class='ocr_line' id='line_1_7' title="bbox 257 1157 1592 1243; baseline 0.001 -22"><span class='ocrx_word' id='word_1_49' title='bbox 257 1177 376 1240; x_wconf 90' lang='lat' dir='ltr'>eosque</span> <span class='ocrx_word' id='word_1_50' title='bbox 412 1157 533 1222; x_wconf 86' lang='lat' dir='ltr'>saciant</span> <span class='ocrx_word' id='word_1_51' title='bbox 568 1157 863 1223; x_wconf 88' lang='lat' dir='ltr'>excommunicatos</span> <span class='ocrx_word' id='word_1_52' title='bbox 897 1164 929 1223; x_wconf 90' lang='lat' dir='ltr'>et</span> <span class='ocrx_word' id='word_1_53' title='bbox 966 1157 1256 1225; x_wconf 88' lang='lat' dir='ltr'>anathematizatos</span> <span class='ocrx_word' id='word_1_54' title='bbox 1286 1157 1414 1243; x_wconf 90' lang='lat' dir='ltr'>publice</span> <span class='ocrx_word' id='word_1_55' title='bbox 1437 1159 1592 1240; x_wconf 74' lang='lat' dir='ltr'>nunciati,</span> 
     </span>
     <span class='ocr_line' id='line_1_8' title="bbox 258 1263 1592 1350; baseline 0.001 -22"><span class='ocrx_word' id='word_1_56' title='bbox 258 1284 421 1347; x_wconf 83' lang='lat' dir='ltr'>quousque</span> <span class='ocrx_word' id='word_1_57' title='bbox 454 1263 560 1331; x_wconf 92' lang='lat' dir='ltr'>dictus</span> <span class='ocrx_word' id='word_1_58' title='bbox 592 1266 774 1350; x_wconf 90' lang='lat' dir='ltr'>prepositus</span> <span class='ocrx_word' id='word_1_59' title='bbox 797 1271 830 1330; x_wconf 90' lang='lat' dir='ltr'>et</span> <span class='ocrx_word' id='word_1_60' title='bbox 854 1265 909 1330; x_wconf 89' lang='lat' dir='ltr'>alii</span> <span class='ocrx_word' id='word_1_61' title='bbox 933 1263 974 1329; x_wconf 90' lang='lat' dir='ltr'>de</span> <span class='ocrx_word' id='word_1_62' title='bbox 998 1264 1151 1330; x_wconf 91' lang='lat' dir='ltr'>comitiva</span> <span class='ocrx_word' id='word_1_63' title='bbox 1174 1285 1232 1330; x_wconf 88' lang='lat' dir='ltr'>sua</span> <span class='ocrx_word' id='word_1_64' title='bbox 1263 1267 1419 1350; x_wconf 87' lang='lat' dir='ltr'>captivati</span> <span class='ocrx_word' id='word_1_65' title='bbox 1453 1266 1592 1333; x_wconf 84' lang='lat' dir='ltr'>restituti</span> 
     </span>
     <span class='ocr_line' id='line_1_9' title="bbox 257 1369 1593 1457; baseline 0.001 -23"><span class='ocrx_word' id='word_1_66' title='bbox 257 1371 375 1436; x_wconf 87' lang='lat' dir='ltr'>luerint</span> <span class='ocrx_word' id='word_1_67' title='bbox 399 1372 541 1437; x_wconf 74' lang='lat' dir='ltr'>libertati</span> <span class='ocrx_word' id='word_1_68' title='bbox 564 1393 604 1437; x_wconf 93' lang='lat' dir='ltr'>ac</span> <span class='ocrx_word' id='word_1_69' title='bbox 627 1370 668 1436; x_wconf 87' lang='lat' dir='ltr'>de</span> <span class='ocrx_word' id='word_1_70' title='bbox 692 1369 839 1457; x_wconf 84' lang='lat' dir='ltr'>dampnis</span> <span class='ocrx_word' id='word_1_71' title='bbox 864 1378 897 1437; x_wconf 90' lang='lat' dir='ltr'>et</span> <span class='ocrx_word' id='word_1_72' title='bbox 920 1371 1045 1438; x_wconf 91' lang='lat' dir='ltr'>iniuriis</span> <span class='ocrx_word' id='word_1_73' title='bbox 1073 1371 1173 1437; x_wconf 92' lang='lat' dir='ltr'>illatis</span> <span class='ocrx_word' id='word_1_74' title='bbox 1203 1370 1322 1438; x_wconf 88' lang='lat' dir='ltr'>eisdem</span> <span class='ocrx_word' id='word_1_75' title='bbox 1345 1372 1489 1457; x_wconf 87' lang='lat' dir='ltr'>plenarie</span> <span class='ocrx_word' id='word_1_76' title='bbox 1513 1374 1593 1438; x_wconf 87' lang='lat' dir='ltr'>exti-</span> 
     </span>
     <span class='ocr_line' id='line_1_10' title="bbox 258 1479 568 1546; baseline 0.01 -4"><span class='ocrx_word' id='word_1_77' title='bbox 258 1479 332 1543; x_wconf 84' lang='lat' dir='ltr'>terit</span> <span class='ocrx_word' id='word_1_78' title='bbox 355 1479 568 1546; x_wconf 79' lang='lat' dir='ltr'>satisfactum.</span> 
     </span>
     <span class='ocr_line' id='line_1_11' title="bbox 365 1585 1529 1671; baseline 0.002 -21"><span class='ocrx_word' id='word_1_79' title='bbox 365 1586 520 1651; x_wconf 89' lang='lat' dir='ltr'>Perduxit</span> <span class='ocrx_word' id='word_1_80' title='bbox 543 1605 643 1671; x_wconf 88' lang='lat' dir='ltr'>nuper</span> <span class='ocrx_word' id='word_1_81' title='bbox 666 1585 877 1654; x_wconf 79' lang='lat' dir='ltr'>infausti...</span> <span class='ocrx_word' id='word_1_82' title='bbox 903 1587 979 1651; x_wconf 90' lang='lat' dir='ltr'>Dat.</span> <span class='ocrx_word' id='word_1_83' title='bbox 1003 1587 1096 1652; x_wconf 89' lang='lat' dir='ltr'>nonis</span> <span class='ocrx_word' id='word_1_84' title='bbox 1118 1587 1193 1651; x_wconf 93' lang='lat' dir='ltr'>maii</span> <span class='ocrx_word' id='word_1_85' title='bbox 1222 1607 1252 1652; x_wconf 89' lang='lat' dir='ltr'>a.</span> <span class='ocrx_word' id='word_1_86' title='bbox 1277 1585 1529 1669; x_wconf 88' lang='lat' dir='ltr'>quartodecimo.</span> 
     </span>
    </p>
   </div>
   <div class='ocr_carea' id='block_1_3' title="bbox 417 1710 967 1781">
    <p class='ocr_par' dir='ltr' id='par_1_3' title="bbox 417 1710 967 1781">
     <span class='ocr_line' id='line_1_12' title="bbox 417 1710 967 1781; baseline -0.004 -14"><span class='ocrx_word' id='word_1_87' title='bbox 417 1711 489 1781; x_wconf 72' lang='lat' dir='ltr'>Req.</span> <span class='ocrx_word' id='word_1_88' title='bbox 510 1713 564 1767; x_wconf 80' lang='lat'>115</span> <span class='ocrx_word' id='word_1_89' title='bbox 578 1726 627 1779; x_wconf 79' lang='lat' dir='ltr'>pa.</span> <span class='ocrx_word' id='word_1_90' title='bbox 648 1710 723 1781; x_wconf 72' lang='lat' dir='ltr'>Hs.</span> <span class='ocrx_word' id='word_1_91' title='bbox 743 1711 799 1763; x_wconf 81' lang='lat'>156</span> <span class='ocrx_word' id='word_1_92' title='bbox 817 1726 865 1764; x_wconf 82' lang='lat' dir='ltr'>rar.</span> <span class='ocrx_word' id='word_1_93' title='bbox 884 1711 967 1765; x_wconf 81' lang='lat'><strong><em>1885.</em></strong></span> 
     </span>
    </p>
   </div>
   <div class='ocr_carea' id='block_1_4' title="bbox 364 2030 995 2144">
    <p class='ocr_par' dir='ltr' id='par_1_4' title="bbox 364 2030 995 2144">
     <span class='ocr_line' id='line_1_13' title="bbox 364 2030 995 2144; baseline 0.003 -45"><span class='ocrx_word' id='word_1_94' title='bbox 364 2030 507 2100; x_wconf 50' lang='lat'>*1892</span> <span class='ocrx_word' id='word_1_95' title='bbox 533 2036 622 2101; x_wconf 89' lang='grc'><em>1330</em></span> <span class='ocrx_word' id='word_1_96' title='bbox 644 2037 723 2144; x_wconf 72' lang='grc' dir='ltr'>ΜαίΙ</span> <span class='ocrx_word' id='word_1_97' title='bbox 741 2036 773 2101; x_wconf 90' lang='lat'>8.</span> <span class='ocrx_word' id='word_1_98' title='bbox 802 2034 995 2122; x_wconf 81' lang='lat' dir='ltr'>(Avipaoa.)</span> 
     </span>
    </p>
   </div>
   <div class='ocr_carea' id='block_1_5' title="bbox 258 2176 1596 3326">
    <p class='ocr_par' dir='ltr' id='par_1_5' title="bbox 258 2176 1596 3115">
     <span class='ocr_line' id='line_1_14' title="bbox 364 2176 1594 2260; baseline 0.002 -21"><span class='ocrx_word' id='word_1_99' title='bbox 364 2176 523 2242; x_wconf 86' lang='lat' dir='ltr'>lohannes</span> <span class='ocrx_word' id='word_1_100' title='bbox 551 2176 649 2242; x_wconf 91' lang='lat' dir='ltr'>XXII</span> <span class='ocrx_word' id='word_1_101' title='bbox 685 2178 796 2244; x_wconf 90' lang='lat' dir='ltr'>abbati</span> <span class='ocrx_word' id='word_1_102' title='bbox 832 2177 1018 2243; x_wconf 90' lang='lat' dir='ltr'>monasterii</span> <span class='ocrx_word' id='word_1_103' title='bbox 1056 2177 1091 2242; x_wconf 86' lang='lat' dir='ltr'>S.</span> <span class='ocrx_word' id='word_1_104' title='bbox 1121 2177 1286 2244; x_wconf 80' lang='lat' dir='ltr'>Maximini</span> <span class='ocrx_word' id='word_1_105' title='bbox 1321 2177 1419 2244; x_wconf 85' lang='lat' dir='ltr'>Trev.</span> <span class='ocrx_word' id='word_1_106' title='bbox 1453 2177 1594 2260; x_wconf 90' lang='lat' dir='ltr'>mandat,</span> 
     </span>
     <span class='ocr_line' id='line_1_15' title="bbox 258 2282 1594 2369; baseline 0.001 -22"><span class='ocrx_word' id='word_1_107' title='bbox 258 2283 408 2365; x_wconf 89' lang='lat' dir='ltr'>quatinus</span> <span class='ocrx_word' id='word_1_108' title='bbox 441 2282 604 2350; x_wconf 89' lang='lat' dir='ltr'>discernat</span> <span class='ocrx_word' id='word_1_109' title='bbox 636 2285 724 2350; x_wconf 92' lang='lat' dir='ltr'>litem</span> <span class='ocrx_word' id='word_1_110' title='bbox 756 2284 841 2350; x_wconf 86' lang='lat' dir='ltr'>inter</span> <span class='ocrx_word' id='word_1_111' title='bbox 873 2283 1031 2350; x_wconf 88' lang='lat' dir='ltr'>decanum</span> <span class='ocrx_word' id='word_1_112' title='bbox 1063 2285 1306 2369; x_wconf 85' lang='lat' dir='ltr'>capitulumque</span> <span class='ocrx_word' id='word_1_113' title='bbox 1329 2286 1529 2350; x_wconf 86' lang='lat' dir='ltr'>Treverense</span> <span class='ocrx_word' id='word_1_114' title='bbox 1554 2304 1594 2349; x_wconf 89' lang='lat' dir='ltr'>ex</span> 
     </span>
     <span class='ocr_line' id='line_1_16' title="bbox 259 2389 1594 2478; baseline 0.002 -24"><span class='ocrx_word' id='word_1_115' title='bbox 259 2409 321 2454; x_wconf 92' lang='lat' dir='ltr'>una</span> <span class='ocrx_word' id='word_1_116' title='bbox 345 2397 437 2474; x_wconf 89' lang='lat' dir='ltr'>parte</span> <span class='ocrx_word' id='word_1_117' title='bbox 462 2397 495 2455; x_wconf 91' lang='lat' dir='ltr'>et</span> <span class='ocrx_word' id='word_1_118' title='bbox 516 2390 739 2456; x_wconf 85' lang='lat' dir='ltr'>Everhardum</span> <span class='ocrx_word' id='word_1_119' title='bbox 762 2389 804 2456; x_wconf 88' lang='lat' dir='ltr'>de</span> <span class='ocrx_word' id='word_1_120' title='bbox 827 2391 935 2457; x_wconf 87' lang='lat' dir='ltr'>Massa</span> <span class='ocrx_word' id='word_1_121' title='bbox 958 2392 1104 2457; x_wconf 87' lang='lat' dir='ltr'>exaltera</span> <span class='ocrx_word' id='word_1_122' title='bbox 1127 2398 1281 2458; x_wconf 84' lang='lat' dir='ltr'>exortam.</span> <span class='ocrx_word' id='word_1_123' title='bbox 1329 2392 1389 2457; x_wconf 81' lang='lat' dir='ltr'>(ini</span> <span class='ocrx_word' id='word_1_124' title='bbox 1414 2411 1501 2478; x_wconf 88' lang='lat' dir='ltr'>papa</span> <span class='ocrx_word' id='word_1_125' title='bbox 1525 2411 1594 2476; x_wconf 92' lang='lat' dir='ltr'>pro·</span> 
     </span>
     <span class='ocr_line' id='line_1_17' title="bbox 258 2496 1596 2583; baseline 0.002 -23"><span class='ocrx_word' id='word_1_126' title='bbox 258 2496 384 2562; x_wconf 87' lang='lat' dir='ltr'>viderat</span> <span class='ocrx_word' id='word_1_127' title='bbox 417 2496 457 2562; x_wconf 92' lang='lat' dir='ltr'>de</span> <span class='ocrx_word' id='word_1_128' title='bbox 487 2499 677 2563; x_wconf 86' lang='lat' dir='ltr'>canonicatu</span> <span class='ocrx_word' id='word_1_129' title='bbox 705 2497 843 2564; x_wconf 85' lang='lat' dir='ltr'>ecclesie</span> <span class='ocrx_word' id='word_1_130' title='bbox 867 2498 999 2574; x_wconf 79' lang='lat' dir='ltr'>Trever.</span> <span class='ocrx_word' id='word_1_131' title='bbox 1029 2500 1088 2564; x_wconf 90' lang='lat' dir='ltr'>sub</span> <span class='ocrx_word' id='word_1_132' title='bbox 1118 2498 1345 2583; x_wconf 86' lang='lat' dir='ltr'>expectatione</span> <span class='ocrx_word' id='word_1_133' title='bbox 1368 2496 1532 2583; x_wconf 88' lang='lat' dir='ltr'>prebende</span> <span class='ocrx_word' id='word_1_134' title='bbox 1556 2519 1596 2563; x_wconf 89' lang='lat' dir='ltr'>ac</span> 
     </span>
     <span class='ocr_line' id='line_1_18' title="bbox 259 2601 1595 2689; baseline 0.003 -23"><span class='ocrx_word' id='word_1_135' title='bbox 259 2601 427 2685; x_wconf 85' lang='lat' dir='ltr'>dignitatis</span> <span class='ocrx_word' id='word_1_136' title='bbox 455 2625 513 2670; x_wconf 91' lang='lat' dir='ltr'>seu</span> <span class='ocrx_word' id='word_1_137' title='bbox 540 2612 731 2689; x_wconf 83' lang='lat' dir='ltr'>personatus</span> <span class='ocrx_word' id='word_1_138' title='bbox 760 2605 811 2669; x_wconf 91' lang='lat' dir='ltr'>vel</span> <span class='ocrx_word' id='word_1_139' title='bbox 835 2604 933 2670; x_wconf 90' lang='lat' dir='ltr'>officii</span> <span class='ocrx_word' id='word_1_140' title='bbox 956 2612 989 2670; x_wconf 87' lang='lat' dir='ltr'>et</span> <span class='ocrx_word' id='word_1_141' title='bbox 1012 2603 1130 2670; x_wconf 88' lang='lat' dir='ltr'>deinde</span> <span class='ocrx_word' id='word_1_142' title='bbox 1154 2605 1293 2672; x_wconf 89' lang='lat' dir='ltr'>lacobus</span> <span class='ocrx_word' id='word_1_143' title='bbox 1317 2604 1359 2671; x_wconf 87' lang='lat' dir='ltr'>de</span> <span class='ocrx_word' id='word_1_144' title='bbox 1382 2606 1505 2671; x_wconf 87' lang='lat' dir='ltr'>Mutina</span> <span class='ocrx_word' id='word_1_145' title='bbox 1528 2626 1595 2671; x_wconf 92' lang='lat' dir='ltr'>sco·</span> 
     </span>
     <span class='ocr_line' id='line_1_19' title="bbox 258 2710 1595 2797; baseline 0.002 -24"><span class='ocrx_word' id='word_1_146' title='bbox 258 2710 391 2776; x_wconf 88' lang='lat' dir='ltr'>lasticus</span> <span class='ocrx_word' id='word_1_147' title='bbox 423 2711 501 2776; x_wconf 90' lang='lat' dir='ltr'>eccl.</span> <span class='ocrx_word' id='word_1_148' title='bbox 527 2711 687 2778; x_wconf 84' lang='lat' dir='ltr'>Tullensis</span> <span class='ocrx_word' id='word_1_149' title='bbox 720 2713 913 2777; x_wconf 87' lang='lat' dir='ltr'>auctoritate</span> <span class='ocrx_word' id='word_1_150' title='bbox 943 2711 1123 2796; x_wconf 92' lang='lat' dir='ltr'>apostolica</span> <span class='ocrx_word' id='word_1_151' title='bbox 1150 2719 1305 2777; x_wconf 85' lang='lat' dir='ltr'>execatur</span> <span class='ocrx_word' id='word_1_152' title='bbox 1327 2711 1500 2797; x_wconf 91' lang='lat' dir='ltr'>deputatus</span> <span class='ocrx_word' id='word_1_153' title='bbox 1523 2733 1595 2778; x_wconf 94' lang='lat' dir='ltr'>con·</span> 
     </span>
     <span class='ocr_line' id='line_1_20' title="bbox 259 2816 1596 2902; baseline 0.001 -21"><span class='ocrx_word' id='word_1_154' title='bbox 259 2818 376 2882; x_wconf 91' lang='lat' dir='ltr'>tulerat</span> <span class='ocrx_word' id='word_1_155' title='bbox 408 2816 604 2902; x_wconf 88' lang='lat' dir='ltr'>prebendam</span> <span class='ocrx_word' id='word_1_156' title='bbox 638 2817 717 2883; x_wconf 86' lang='lat' dir='ltr'>eccl.</span> <span class='ocrx_word' id='word_1_157' title='bbox 751 2817 972 2883; x_wconf 85' lang='lat' dir='ltr'>Treverensis.</span> <span class='ocrx_word' id='word_1_158' title='bbox 1019 2819 1154 2883; x_wconf 86' lang='lat' dir='ltr'>Noviter</span> <span class='ocrx_word' id='word_1_159' title='bbox 1180 2838 1257 2884; x_wconf 88' lang='lat' dir='ltr'>vero</span> <span class='ocrx_word' id='word_1_160' title='bbox 1281 2817 1383 2883; x_wconf 86' lang='lat' dir='ltr'>eidem</span> <span class='ocrx_word' id='word_1_161' title='bbox 1408 2817 1596 2884; x_wconf 85' lang='lat' dir='ltr'>Everhardo</span> 
     </span>
     <span class='ocr_line' id='line_1_21' title="bbox 259 2923 1594 3010; baseline 0.001 -22"><span class='ocrx_word' id='word_1_162' title='bbox 259 2923 554 2991; x_wconf 87' lang='lat' dir='ltr'>contradicentibus</span> <span class='ocrx_word' id='word_1_163' title='bbox 588 2923 712 2990; x_wconf 90' lang='lat' dir='ltr'>decano</span> <span class='ocrx_word' id='word_1_164' title='bbox 737 2930 769 2990; x_wconf 91' lang='lat' dir='ltr'>et</span> <span class='ocrx_word' id='word_1_165' title='bbox 798 2924 940 3009; x_wconf 90' lang='lat' dir='ltr'>capitulo</span> <span class='ocrx_word' id='word_1_166' title='bbox 976 2924 1096 2990; x_wconf 90' lang='lat' dir='ltr'>collata</span> <span class='ocrx_word' id='word_1_167' title='bbox 1131 2931 1180 2990; x_wconf 88' lang='lat' dir='ltr'>est</span> <span class='ocrx_word' id='word_1_168' title='bbox 1217 2927 1420 3010; x_wconf 88' lang='lat' dir='ltr'>prepositura</span> <span class='ocrx_word' id='word_1_169' title='bbox 1453 2925 1594 2991; x_wconf 89' lang='lat' dir='ltr'>eiusdem</span> 
     </span>
     <span class='ocr_line' id='line_1_22' title="bbox 258 3029 1160 3115; baseline 0.001 -20"><span class='ocrx_word' id='word_1_170' title='bbox 258 3031 338 3095; x_wconf 90' lang='lat' dir='ltr'>eccl.</span> <span class='ocrx_word' id='word_1_171' title='bbox 363 3050 483 3096; x_wconf 88' lang='lat' dir='ltr'>vacans</span> <span class='ocrx_word' id='word_1_172' title='bbox 506 3051 563 3115; x_wconf 92' lang='lat' dir='ltr'>per</span> <span class='ocrx_word' id='word_1_173' title='bbox 587 3031 709 3096; x_wconf 89' lang='lat' dir='ltr'>obitum</span> <span class='ocrx_word' id='word_1_174' title='bbox 734 3030 858 3095; x_wconf 85' lang='lat' dir='ltr'>loffridi</span> <span class='ocrx_word' id='word_1_175' title='bbox 882 3030 924 3095; x_wconf 86' lang='lat' dir='ltr'>do</span> <span class='ocrx_word' id='word_1_176' title='bbox 947 3029 1160 3096; x_wconf 88' lang='lat' dir='ltr'>Rodemacra.</span> 
     </span>
    </p>

    <p class='ocr_par' dir='ltr' id='par_1_6' title="bbox 261 3135 1594 3326">
     <span class='ocr_line' id='line_1_23' title="bbox 365 3135 1594 3224; baseline 0 -21"><span class='ocrx_word' id='word_1_177' title='bbox 365 3137 433 3203; x_wconf 90' lang='lat' dir='ltr'>Sua</span> <span class='ocrx_word' id='word_1_178' title='bbox 456 3138 548 3204; x_wconf 87' lang='lat' dir='ltr'>nobis</span> <span class='ocrx_word' id='word_1_179' title='bbox 571 3136 683 3202; x_wconf 93' lang='lat' dir='ltr'>dilecti</span> <span class='ocrx_word' id='word_1_180' title='bbox 707 3137 763 3201; x_wconf 89' lang='lat' dir='ltr'>filii</span> <span class='ocrx_word' id='word_1_181' title='bbox 792 3187 800 3202; x_wconf 92' lang='lat'><strong>.</strong></span> <span class='ocrx_word' id='word_1_182' title='bbox 830 3187 837 3202; x_wconf 94' lang='lat'><strong>.</strong></span> <span class='ocrx_word' id='word_1_183' title='bbox 867 3185 874 3201; x_wconf 91' lang='lat'><strong>.</strong></span> <span class='ocrx_word' id='word_1_184' title='bbox 932 3137 1008 3202; x_wconf 87' lang='lat' dir='ltr'>Dat.</span> <span class='ocrx_word' id='word_1_185' title='bbox 1033 3137 1129 3202; x_wconf 85' lang='lat' dir='ltr'>Aviu.</span> <span class='ocrx_word' id='word_1_186' title='bbox 1156 3137 1235 3202; x_wconf 90' lang='lat' dir='ltr'>VIlI</span> <span class='ocrx_word' id='word_1_187' title='bbox 1259 3135 1332 3203; x_wconf 90' lang='lat' dir='ltr'>idus</span> <span class='ocrx_word' id='word_1_188' title='bbox 1355 3138 1430 3203; x_wconf 90' lang='lat' dir='ltr'>maii</span> <span class='ocrx_word' id='word_1_189' title='bbox 1455 3159 1486 3224; x_wconf 89' lang='lat' dir='ltr'>p.</span> <span class='ocrx_word' id='word_1_190' title='bbox 1510 3159 1540 3202; x_wconf 95' lang='lat' dir='ltr'>n.</span> <span class='ocrx_word' id='word_1_191' title='bbox 1565 3160 1594 3203; x_wconf 89' lang='lat' dir='ltr'>a.</span> 
     </span>
     <span class='ocr_line' id='line_1_24' title="bbox 261 3243 512 3326; baseline 0.008 -19"><span class='ocrx_word' id='word_1_192' title='bbox 261 3243 512 3326; x_wconf 90' lang='lat' dir='ltr'>quartodecimo.</span> 
     </span>
    </p>
   </div>
   <div class='ocr_carea' id='block_1_6' title="bbox 408 3364 1596 3528">
    <p class='ocr_par' dir='ltr' id='par_1_7' title="bbox 408 3364 1596 3528">
     <span class='ocr_line' id='line_1_25' title="bbox 411 3364 1596 3438; baseline -0.002 -15"><span class='ocrx_word' id='word_1_193' title='bbox 411 3369 460 3423; x_wconf 87' lang='lat' dir='ltr'>Or.</span> <span class='ocrx_word' id='word_1_194' title='bbox 479 3369 602 3423; x_wconf 80' lang='lat' dir='ltr'>memor.</span> <span class='ocrx_word' id='word_1_195' title='bbox 622 3385 692 3424; x_wconf 77' lang='lat' dir='ltr'>cram</span> <span class='ocrx_word' id='word_1_196' title='bbox 706 3369 833 3437; x_wconf 72' lang='lat' dir='ltr'>placabo</span> <span class='ocrx_word' id='word_1_197' title='bbox 848 3368 946 3437; x_wconf 82' lang='lat' dir='ltr'>peuri.</span> <span class='ocrx_word' id='word_1_198' title='bbox 958 3397 990 3406; x_wconf 96' lang='lat'>-</span> <span class='ocrx_word' id='word_1_199' title='bbox 1005 3367 1119 3438; x_wconf 78' lang='lat' dir='ltr'>Apopr.</span> <span class='ocrx_word' id='word_1_200' title='bbox 1139 3364 1173 3421; x_wconf 87' lang='lat' dir='ltr'>in</span> <span class='ocrx_word' id='word_1_201' title='bbox 1186 3367 1313 3422; x_wconf 80' lang='lat' dir='ltr'>Ducum.</span> <span class='ocrx_word' id='word_1_202' title='bbox 1332 3365 1462 3436; x_wconf 79' lang='lat' dir='ltr'>capituli</span> <span class='ocrx_word' id='word_1_203' title='bbox 1480 3369 1596 3422; x_wconf 87' lang='lat' dir='ltr'>Trever.</span> 
     </span>
     <span class='ocr_line' id='line_1_26' title="bbox 408 3455 1011 3528; baseline -0.002 -17"><span class='ocrx_word' id='word_1_204' title='bbox 408 3461 428 3512; x_wconf 85' lang='lat' dir='ltr'>t.</span> <span class='ocrx_word' id='word_1_205' title='bbox 447 3455 500 3512; x_wconf 83' lang='lat' dir='ltr'>ll!</span> <span class='ocrx_word' id='word_1_206' title='bbox 511 3474 565 3528; x_wconf 78' lang='lat' dir='ltr'>pp.</span> <span class='ocrx_word' id='word_1_207' title='bbox 585 3457 651 3513; x_wconf 88' lang='grc'><strong><em>389.</em></strong></span> <span class='ocrx_word' id='word_1_208' title='bbox 690 3456 822 3514; x_wconf 77' lang='lat' dir='ltr'>Ooblcaa.</span> <span class='ocrx_word' id='word_1_209' title='bbox 841 3456 931 3512; x_wconf 74' lang='lat' dir='ltr'>Arcti.</span> <span class='ocrx_word' id='word_1_210' title='bbox 950 3471 1011 3526; x_wconf 74' lang='lat' dir='ltr'>rep.</span> 
     </span>
    </p>
   </div>
   <div class='ocr_carea' id='block_1_7' title="bbox 364 3755 948 3845">
    <p class='ocr_par' dir='ltr' id='par_1_8' title="bbox 364 3755 948 3845">
     <span class='ocr_line' id='line_1_27' title="bbox 364 3755 948 3845; baseline 0.002 -23"><span class='ocrx_word' id='word_1_211' title='bbox 364 3756 491 3824; x_wconf 77' lang='lat' dir='ltr'>leod.</span> <span class='ocrx_word' id='word_1_212' title='bbox 516 3759 605 3824; x_wconf 82' lang='lat'><strong><em>1330</em></strong></span> <span class='ocrx_word' id='word_1_213' title='bbox 627 3761 701 3824; x_wconf 85' lang='lat' dir='ltr'>Mai</span> <span class='ocrx_word' id='word_1_214' title='bbox 721 3761 753 3825; x_wconf 90' lang='lat'>9.</span> <span class='ocrx_word' id='word_1_215' title='bbox 782 3755 948 3845; x_wconf 81' lang='lat' dir='ltr'>Aviqnon.</span> 
     </span>
    </p>
   </div>
   <div class='ocr_carea' id='block_1_8' title="bbox 260 3901 1598 4287">
    <p class='ocr_par' dir='ltr' id='par_1_9' title="bbox 260 3901 1598 4287">
     <span class='ocr_line' id='line_1_28' title="bbox 367 3901 1598 3988; baseline 0 -24"><span class='ocrx_word' id='word_1_216' title='bbox 367 3902 535 3967; x_wconf 79' lang='lat' dir='ltr'>Iolraaaea</span> <span class='ocrx_word' id='word_1_217' title='bbox 560 3902 669 3965; x_wconf 88' lang='lat' dir='ltr'><em>XXII</em></span> <span class='ocrx_word' id='word_1_218' title='bbox 695 3902 879 3987; x_wconf 73' lang='lat' dir='ltr'>Ruyaaido</span> <span class='ocrx_word' id='word_1_219' title='bbox 904 3902 1021 3966; x_wconf 84' lang='lat' dir='ltr'>comiti</span> <span class='ocrx_word' id='word_1_220' title='bbox 1045 3901 1201 3967; x_wconf 76' lang='lat' dir='ltr'>Gelreaai</span> <span class='ocrx_word' id='word_1_221' title='bbox 1225 3903 1377 3966; x_wconf 84' lang='lat' dir='ltr'>concedit</span> <span class='ocrx_word' id='word_1_222' title='bbox 1398 3901 1598 3988; x_wconf 72' lang='lat' dir='ltr'>facultatem</span> 
     </span>
     <span class='ocr_line' id='line_1_29' title="bbox 260 4007 1596 4096; baseline -0.001 -23"><span class='ocrx_word' id='word_1_223' title='bbox 260 4008 461 4074; x_wconf 75' lang='lat' dir='ltr'>extrudendi</span> <span class='ocrx_word' id='word_1_224' title='bbox 492 4010 589 4096; x_wconf 79' lang='lat' dir='ltr'>infra</span> <span class='ocrx_word' id='word_1_225' title='bbox 618 4009 740 4074; x_wconf 78' lang='lat' dir='ltr'>limites</span> <span class='ocrx_word' id='word_1_226' title='bbox 773 4016 861 4074; x_wconf 87' lang='lat' dir='ltr'>terre</span> <span class='ocrx_word' id='word_1_227' title='bbox 893 4030 952 4073; x_wconf 80' lang='lat' dir='ltr'>aaa</span> <span class='ocrx_word' id='word_1_228' title='bbox 985 4009 1026 4073; x_wconf 87' lang='lat' dir='ltr'>dc</span> <span class='ocrx_word' id='word_1_229' title='bbox 1058 4010 1214 4074; x_wconf 79' lang='lat' dir='ltr'>munibus</span> <span class='ocrx_word' id='word_1_230' title='bbox 1243 4009 1408 4073; x_wconf 83' lang='lat' dir='ltr'>laicorum</span> <span class='ocrx_word' id='word_1_231' title='bbox 1431 4007 1596 4092; x_wconf 81' lang='lat' dir='ltr'>quaedum</span> 
     </span>
     <span class='ocr_line' id='line_1_30' title="bbox 260 4115 1597 4200; baseline 0 -21"><span class='ocrx_word' id='word_1_232' title='bbox 260 4115 433 4180; x_wconf 83' lang='lat' dir='ltr'>novalium</span> <span class='ocrx_word' id='word_1_233' title='bbox 457 4117 603 4181; x_wconf 65' lang='lat' dir='ltr'>dammas</span> <span class='ocrx_word' id='word_1_234' title='bbox 628 4116 869 4181; x_wconf 77' lang='lat' dir='ltr'>convertendae</span> <span class='ocrx_word' id='word_1_235' title='bbox 885 4117 931 4181; x_wconf 83' lang='lat' dir='ltr'>ud</span> <span class='ocrx_word' id='word_1_236' title='bbox 954 4116 1213 4180; x_wconf 82' lang='lat' dir='ltr'>construendum</span> <span class='ocrx_word' id='word_1_237' title='bbox 1230 4122 1261 4180; x_wconf 90' lang='lat' dir='ltr'>et</span> <span class='ocrx_word' id='word_1_238' title='bbox 1285 4115 1469 4180; x_wconf 83' lang='lat' dir='ltr'>dotandum</span> <span class='ocrx_word' id='word_1_239' title='bbox 1493 4136 1597 4200; x_wconf 83' lang='lat' dir='ltr'>quaa·</span> 
     </span>
     <span class='ocr_line' id='line_1_31' title="bbox 260 4222 545 4287; baseline 0 -2"><span class='ocrx_word' id='word_1_240' title='bbox 260 4222 340 4286; x_wconf 84' lang='lat' dir='ltr'>clara</span> <span class='ocrx_word' id='word_1_241' title='bbox 364 4222 545 4287; x_wconf 79' lang='lat' dir='ltr'>eccleciam.</span> 
     </span>
    </p>
   </div>
   <div class='ocr_carea' id='block_1_9' title="bbox 259 4369 1597 4884">
    <p class='ocr_par' dir='ltr' id='par_1_10' title="bbox 367 4369 1211 4454">
     <span class='ocr_line' id='line_1_32' title="bbox 367 4369 1211 4454; baseline 0 -20"><span class='ocrx_word' id='word_1_242' title='bbox 367 4369 539 4453; x_wconf 84' lang='lat' dir='ltr'>[lohannes</span> <span class='ocrx_word' id='word_1_243' title='bbox 567 4370 678 4454; x_wconf 84' lang='lat' dir='ltr'>XXII]</span> <span class='ocrx_word' id='word_1_244' title='bbox 702 4369 873 4454; x_wconf 87' lang='lat' dir='ltr'>Raynaldo</span> <span class='ocrx_word' id='word_1_245' title='bbox 898 4371 1008 4435; x_wconf 91' lang='lat' dir='ltr'>comiti</span> <span class='ocrx_word' id='word_1_246' title='bbox 1032 4370 1211 4435; x_wconf 84' lang='lat' dir='ltr'>Glrclrensi.</span> 
     </span>
    </p>

    <p class='ocr_par' dir='ltr' id='par_1_11' title="bbox 259 4475 1597 4884">
     <span class='ocr_line' id='line_1_33' title="bbox 367 4475 1597 4561; baseline 0 -19"><span class='ocrx_word' id='word_1_247' title='bbox 367 4477 522 4542; x_wconf 82' lang='lat' dir='ltr'>Exhibita</span> <span class='ocrx_word' id='word_1_248' title='bbox 551 4479 644 4542; x_wconf 88' lang='lat' dir='ltr'>nobis</span> <span class='ocrx_word' id='word_1_249' title='bbox 672 4484 728 4542; x_wconf 88' lang='lat' dir='ltr'>tua</span> <span class='ocrx_word' id='word_1_250' title='bbox 759 4479 877 4561; x_wconf 90' lang='lat' dir='ltr'>peticio</span> <span class='ocrx_word' id='word_1_251' title='bbox 902 4477 1098 4558; x_wconf 89' lang='lat' dir='ltr'>continebat,</span> <span class='ocrx_word' id='word_1_252' title='bbox 1133 4475 1218 4558; x_wconf 93' lang='lat' dir='ltr'>quod</span> <span class='ocrx_word' id='word_1_253' title='bbox 1244 4477 1383 4542; x_wconf 91' lang='lat' dir='ltr'>nonnulli</span> <span class='ocrx_word' id='word_1_254' title='bbox 1410 4477 1485 4541; x_wconf 91' lang='lat' dir='ltr'>laici</span> <span class='ocrx_word' id='word_1_255' title='bbox 1507 4477 1597 4542; x_wconf 82' lang='lat' dir='ltr'>Colo·</span> 
     </span>
     <span class='ocr_line' id='line_1_34' title="bbox 259 4582 1595 4675; baseline -0.001 -26"><span class='ocrx_word' id='word_1_256' title='bbox 259 4585 380 4650; x_wconf 87' lang='lat' dir='ltr'>niensis</span> <span class='ocrx_word' id='word_1_257' title='bbox 413 4583 601 4675; x_wconf 85' lang='lat' dir='ltr'>Leodiensis</span> <span class='ocrx_word' id='word_1_258' title='bbox 635 4584 894 4649; x_wconf 87' lang='lat' dir='ltr'>Mouasteriensis</span> <span class='ocrx_word' id='word_1_259' title='bbox 924 4589 956 4649; x_wconf 87' lang='lat' dir='ltr'>et</span> <span class='ocrx_word' id='word_1_260' title='bbox 979 4583 1196 4648; x_wconf 85' lang='lat' dir='ltr'>Traiectensis</span> <span class='ocrx_word' id='word_1_261' title='bbox 1230 4582 1406 4649; x_wconf 92' lang='lat' dir='ltr'>diocesium</span> <span class='ocrx_word' id='word_1_262' title='bbox 1440 4583 1595 4666; x_wconf 90' lang='lat' dir='ltr'>quasdam</span> 
     </span>
     <span class='ocr_line' id='line_1_35' title="bbox 261 4689 1595 4756; baseline 0.001 -1"><span class='ocrx_word' id='word_1_263' title='bbox 261 4691 422 4756; x_wconf 88' lang='lat' dir='ltr'>novalium</span> <span class='ocrx_word' id='word_1_264' title='bbox 454 4689 597 4756; x_wconf 89' lang='lat' dir='ltr'>decimas</span> <span class='ocrx_word' id='word_1_265' title='bbox 629 4690 715 4756; x_wconf 86' lang='lat' dir='ltr'>inira</span> <span class='ocrx_word' id='word_1_266' title='bbox 748 4691 866 4756; x_wconf 88' lang='lat' dir='ltr'>limites</span> <span class='ocrx_word' id='word_1_267' title='bbox 898 4699 983 4755; x_wconf 87' lang='lat' dir='ltr'>terre</span> <span class='ocrx_word' id='word_1_268' title='bbox 1014 4695 1067 4754; x_wconf 90' lang='lat' dir='ltr'>tue</span> <span class='ocrx_word' id='word_1_269' title='bbox 1091 4691 1338 4756; x_wconf 90' lang='lat' dir='ltr'>consistencium</span> <span class='ocrx_word' id='word_1_270' title='bbox 1363 4691 1395 4755; x_wconf 91' lang='lat' dir='ltr'>in</span> <span class='ocrx_word' id='word_1_271' title='bbox 1419 4691 1595 4756; x_wconf 88' lang='lat' dir='ltr'>animarum</span> 
     </span>
     <span class='ocr_line' id='line_1_36' title="bbox 260 4796 1594 4884; baseline 0 -22"><span class='ocrx_word' id='word_1_272' title='bbox 260 4817 386 4862; x_wconf 91' lang='lat' dir='ltr'>suarum</span> <span class='ocrx_word' id='word_1_273' title='bbox 415 4798 591 4883; x_wconf 90' lang='lat' dir='ltr'>pericnlum</span> <span class='ocrx_word' id='word_1_274' title='bbox 620 4797 661 4863; x_wconf 93' lang='lat' dir='ltr'>de</span> <span class='ocrx_word' id='word_1_275' title='bbox 684 4798 774 4863; x_wconf 87' lang='lat' dir='ltr'>facto</span> <span class='ocrx_word' id='word_1_276' title='bbox 798 4804 995 4883; x_wconf 89' lang='lat' dir='ltr'>occuparunt</span> <span class='ocrx_word' id='word_1_277' title='bbox 1024 4817 1141 4882; x_wconf 87' lang='lat' dir='ltr'>easque</span> <span class='ocrx_word' id='word_1_278' title='bbox 1165 4805 1341 4884; x_wconf 87' lang='lat' dir='ltr'>occupatas</span> <span class='ocrx_word' id='word_1_279' title='bbox 1365 4796 1510 4866; x_wconf 89' lang='lat' dir='ltr'>detinere</span> <span class='ocrx_word' id='word_1_280' title='bbox 1533 4799 1594 4863; x_wconf 95' lang='lat' dir='ltr'>illi-</span> 
     </span>
    </p>
   </div>
   <div class='ocr_carea' id='block_1_10' title="bbox 0 0 1832 5509">
    <p class='ocr_par' dir='ltr' id='par_1_12' title="bbox 0 0 1832 5509">
     <span class='ocr_line' id='line_1_37' title="bbox 0 0 1832 5509; baseline 0 0"><span class='ocrx_word' id='word_1_281' title='bbox 0 0 1832 5509; x_wconf 95' lang='lat' dir='ltr'> </span> 
     </span>
    </p>
   </div>
  </div>
 </body>
</html>
