3642 5509
285 433 339 490 380
823 433 893 489 1330
913 431 1044 489 October
1063 433 1087 488 9.

286 616 425 701 partium
450 615 578 681 venient
613 636 684 680 enm
717 614 841 680 collem.
888 615 966 681 Cum
997 617 1106 698 itnqne
1139 613 1181 681 ad
1215 621 1324 701 pantes
1357 615 1448 698 regni
1483 612 1528 678 lni
1561 632 1619 698 pro

287 722 481 790 notificando
505 724 595 806 regie
628 723 811 789 eelsitudini
836 723 1032 790 oblationem
1056 720 1190 789 eandem
1224 743 1265 787 ae
1288 722 1470 808 provisione
1503 720 1620 786 sibiet

285 833 436 915 gentihus
458 832 525 897 suis
541 832 723 897 necessaria
746 830 898 896 facienda
923 830 1063 896 destinet
1086 831 1365 915 inpresentiarum
1390 848 1465 894 suos
1488 829 1619 893 nuncios

285 938 454 1023 speciales,
488 938 629 1020 regalem
654 938 924 1022 magnificentiam
949 945 1035 1002 tuam
1060 957 1211 1021 rogamus
1235 943 1368 1020 attente,
1392 937 1617 1018 quatinus...

286 1044 417 1112 eosdem
451 1047 583 1111 nuncies
615 1047 754 1130 benigne
787 1047 932 1131 recipere
956 1052 988 1111 et
1012 1052 1047 1110 nt
1070 1045 1193 1128 absque
1216 1042 1446 1129 impedimento
1478 1043 1619 1126 quolibet

285 1155 409 1239 possint
432 1151 612 1218 huiusmodi
638 1154 853 1238 provisionem
877 1153 997 1230 facere,
1026 1153 1108 1218 velis
1138 1151 1283 1217 favorem
1307 1152 1430 1235 regium
1455 1151 1618 1236 impertiri.

286 1261 501 1346 Supponimus
525 1261 607 1325 enim
632 1260 774 1342 indubie,
805 1259 889 1344 qnod
922 1259 964 1325 acl
994 1258 1115 1325 dietum
1140 1260 1305 1342 negotium
1328 1257 1453 1324 sincero
1476 1264 1621 1323 movetur

286 1367 405 1434 affeetu
429 1387 660 1453 personamque
689 1375 776 1433 tuam
807 1389 886 1453 pure
917 1367 1043 1452 diligat,
1078 1365 1120 1432 ad
1151 1365 1237 1450 quod
1268 1365 1372 1450 ipsum
1400 1365 1497 1431 etiam
1521 1365 1620 1430 affini·

287 1477 363 1541 tatis
387 1475 513 1559 copula,
538 1495 602 1557 qua
625 1475 684 1540 tihi
708 1477 850 1542 noscitur
873 1477 1010 1556 iunctus,
1035 1474 1194 1557 astringit.
1249 1473 1351 1538 Deum
1377 1473 1506 1556 insuper
1529 1471 1620 1538 timet

285 1589 318 1648 et
346 1603 451 1649 mores
484 1583 582 1647 habet
613 1603 677 1648 non
713 1583 899 1649 barbaricos
932 1602 972 1649 ae
1005 1579 1166 1667 sapientia
1196 1586 1229 1646 et
1257 1581 1446 1646 strenuitate
1479 1580 1620 1645 noscitur

284 1689 478 1776 propellere.
526 1690 601 1754 Dat.
626 1689 704 1754 Vlll
729 1689 802 1755 idus
825 1691 965 1757 octobris
989 1711 1019 1755 a.
1044 1690 1117 1755 XV.

442 1830 516 1900 Bag.
535 1831 589 1884 116
605 1829 630 1898 f.
650 1832 687 1884 46
704 1845 754 1884 nr.
773 1829 850 1898 240,-
868 1831 921 1886 Ra.
942 1831 1025 1885 1399.

392 2102 517 2169 1980.
544 2105 631 2168 1930
654 2104 794 2169 October
817 2105 848 2168 9.
874 2101 1066 2191 (Aeiqaou.)

392 2245 565 2328 [lohannes
588 2245 699 2330 XXll]
724 2245 859 2311 Iohanni
883 2247 1069 2331 patriarche
1094 2245 1321 2312 Alexandrino.

391 2353 468 2417 Zelo
486 2351 601 2418 deuotus
621 2352 826 2419 devotionis.
845 2403 853 2418 .
872 2402 879 2417 .
897 2354 1086 2419 Wilhelmns
1110 2373 1218 2418 comes
1242 2353 1430 2419 luliacensis
1454 2351 1618 2416 demensa

283 2459 390 2523 martii
424 2459 532 2525 futuro
565 2461 710 2544 proximo
743 2461 893 2545 proponit
926 2481 997 2526 eum
1028 2459 1245 2545 quadraginta
1275 2459 1429 2524 militibus
1452 2465 1486 2525 et
1509 2465 1616 2524 octua-

283 2565 375 2648 ginta
407 2567 568 2649 equitibus
600 2568 672 2634 aliis
695 2568 728 2632 in
752 2569 849 2633 armis
877 2617 935 2632 ...
962 2569 995 2632 11
1019 2568 1171 2633 comitiva
1195 2615 1202 2632 .
1222 2615 1255 2632 ..
1281 2565 1406 2633 Aliensi
1429 2565 1616 2650 11311111-

282 2692 401 2756 genum
425 2674 559 2740 illustris
582 2676 725 2758 germani
750 2674 807 2758 tui,
832 2676 883 2740 111
908 2677 1004 2740 etiam
1022 2695 1117 2760 snper
1133 2673 1194 2740 hec
1213 2725 1220 2738 .
1239 2723 1246 2739 .
1266 2723 1272 2739 .
1290 2674 1468 2755 scribimus,
1493 2692 1528 2739 se
1544 2693 1616 2738 111-

281 2777 377 2844 ferre.
425 2779 584 2858 Quocirca
616 2782 849 2848 fraternitatem
883 2789 971 2847 tuam
1004 2801 1154 2866 rogamus
1172 2830 1179 2845 .
1198 2829 1231 2845 ..
1256 2781 1407 2864 quatinus
1430 2780 1535 2865 ipsum
1560 2799 1613 2844 eo-

281 2886 401 2968 mitem,
431 2908 524 2970 quem
548 2889 685 2973 probata
708 2888 848 2971 devotio,
872 2909 994 2954 morum
1018 2888 1189 2972 elegantia,
1223 2889 1310 2953 zelus
1334 2886 1420 2972 fidei,
1452 2887 1610 2972 sapientie

281 2992 381 3058 virtus
412 3002 445 3059 et
475 3001 609 3080 experta
644 2997 817 3062 strenuitas
853 2995 992 3061 reddunt
1027 2995 1246 3080 multiplieiter
1280 2995 1552 3080 insignitum...
1576 3013 1616 3059 ac

280 3106 394 3182 gentes
417 3121 502 3184 snas,
537 3123 617 3186 quas
641 3125 698 3188 pro
727 3102 879 3168 iacienda
906 3103 1088 3188 provisione
1201 3102 1242 3168 ad
1273 3102 1345 3168 illas
1368 3107 1477 3187 partes
1500 3101 1613 3185 impre

281 3208 453 3274 sentiarum
477 3208 627 3292 destinat,
652 3210 732 3276 velis
756 3209 876 3276 habere
900 3210 1088 3294 propensius
1112 3208 1429 3276 commendatos...
1459 3209 1534 3273 Dat.
1551 3207 1613 3272 Vll

280 3314 353 3381 idus
377 3317 519 3382 octobris
542 3338 572 3382 a.
597 3317 669 3383 XV.

438 3441 512 3509 Rep.
531 3441 586 3495 116
610 3439 635 3508 f.
655 3441 693 3494 47
710 3455 758 3493 or.
778 3440 851 3506 2415
871 3443 926 3497 az.
948 3443 1031 3496 1400.

388 3705 507 3771 1981.
545 3707 633 3770 1330
656 3706 795 3772 October
823 3708 872 3772 12.
902 3705 1067 3794 Aniqoou.

390 3844 548 3909 lohannes
563 3844 662 3909 XXll
686 3845 861 3930 Reynardo
878 3845 919 3910 de
937 3845 1046 3912 Fovca
1064 3846 1189 3913 confert
1213 3841 1291 3912 e'ccl.
1307 3847 1484 3914 Bunnensis
1502 3847 1613 3914 Gelon.

283 3951 366 4016 dioc.
392 3953 624 4034 canonicatum,
648 3951 845 4037 prebendam
870 3973 945 4018 vero
970 3951 1072 4018 eidem
1095 3959 1250 4036 reservat,
1274 3974 1337 4018 nen
1360 3954 1509 4020 obstante
1529 3954 1613 4038 qnod

282 4059 314 4122 in
338 4058 375 4125 B.
400 4057 501 4123 Marie
529 4059 570 4124 ad
602 4060 722 4142 gradus
746 4060 856 4127 Oolon.
883 4060 1106 4126 canonicatum
1141 4068 1174 4126 et
1206 4059 1403 4145 prebendam
1436 4082 1476 4126 ac
1509 4083 1613 4127 mona·

282 4163 372 4229 sterii
407 4165 440 4230 S.
471 4167 600 4232 Martini
633 4169 817 4234 Nussiensis
852 4168 998 4234 ecclesiis
1034 4169 1257 4233 canonicatum
1293 4169 1352 4234 snb
1388 4169 1614 4254 expectatione

282 4271 444 4355 prebende
474 4294 513 4362 ac
540 4275 773 4359 parrochialem
805 4275 974 4341 ecclesiam
999 4274 1205 4343 Nussiensern
1231 4275 1341 4341 colon.
1371 4274 1455 4341 dioc.
1481 4277 1614 4342 obtinet.

387 4380 564 4446 Probitatis
587 4389 620 4447 11
642 4382 777 4447 aliarum
802 4383 952 4447 virtutum
971 4430 979 4446 .
999 4429 1034 4447 ..
1067 4381 1142 4447 Dat.
1167 4380 1263 4447 Avin.
1288 4383 1354 4447 llll
1378 4380 1450 4449 idus
1474 4383 1615 4449 octobris

280 4508 310 4550 a.
335 4486 585 4568 quintodecimo.

384 4593 422 4657 ln
445 4613 473 4659 1.
495 4615 536 4659 m.
565 4593 598 4659 S.
624 4595 755 4679 Georgii
780 4603 812 4660 ct
836 4596 869 4661 S.
896 4595 1063 4661 Cuniberti
1088 4595 1198 4661 01111.
1225 4594 1356 4662 decanis
1380 4616 1419 4662 ae
1442 4596 1613 4664 scolastico

281 4700 439 4765 'Pallensis
463 4701 682 4767 eeclesiarum.

440 4825 512 4894 Rep.
534 4824 572 4878 99
589 4825 613 4894 f.
633 4825 691 4879 310
709 4841 756 4880 ar.
776 4828 859 4881 1753.
