3642 5509
266 475 301 530 72
779 480 849 535 1327
867 478 1045 552 September
1065 483 1107 538 13.

372 658 409 722 In
434 678 461 723 e.
485 678 527 722 m.
563 659 727 744 preposito
762 660 796 725 S.
820 660 923 727 Maris
947 661 988 726 ad
1013 661 1133 747 gradus
1156 661 1267 729 Goion.
1304 670 1337 729 et
1372 662 1497 731 decano
1531 665 1598 732 Ma·

266 764 390 848 guntin.
415 786 454 830 ao
477 767 632 849 magistro
656 766 774 833 Bosolo
802 764 843 833 do
867 769 985 834 Parma
1017 770 1171 835 eanonioo
1195 770 1411 838 Tornaeensis
1434 773 1513 839 eeei.
1546 794 1598 839 oa-

266 872 395 959 peIlano
418 873 539 959 papali.

426 998 501 1067 neq.
519 999 557 1052 oe
573 996 598 1066 f.
618 999 678 1053 eoo
695 1014 744 1053 nr.
763 1000 829 1053 eea.

374 1284 495 1352 lew.
528 1286 614 1350 1327
643 1285 836 1370 September
861 1287 913 1350 13.
948 1283 1112 1371 Avipnoo.

373 1429 532 1495 Iohannes
548 1428 647 1494 XXII
671 1428 806 1496 Niooiao
822 1434 897 1494 nato
915 1428 1047 1494 Henrioi
1062 1428 1104 1495 de
1121 1429 1210 1515 Leye
1234 1431 1344 1496 militis
1368 1431 1493 1496 confert
1517 1430 1596 1497 enei.

266 1535 300 1601 S.
318 1536 444 1603 Paulini
468 1537 598 1601 Trever.
624 1536 860 1618 canonicatum,
883 1536 1081 1621 prebendam
1105 1556 1181 1602 vero
1205 1537 1309 1603 eidem
1333 1544 1486 1603 reservat.

373 1643 443 1709 Illis
465 1643 602 1709 libenter
624 1643 801 1727 apostolice
826 1690 833 1704 .
860 1692 867 1707 .
893 1691 901 1707 .
937 1643 1013 1708 Dat.
1042 1643 1137 1709 Avin.
1164 1643 1237 1710 idus
1259 1646 1450 1730 septembris
1472 1666 1502 1710 a.
1524 1645 1598 1711 duo

266 1750 402 1818 deeimo.

373 1858 411 1922 In
435 1878 463 1923 e.
487 1878 529 1922 m.
565 1857 676 1923 abbati
711 1857 897 1923 monasterii
928 1856 960 1923 S.
991 1857 1113 1923 Matbie
1136 1858 1269 1924 Trever.
1303 1864 1336 1924 et
1367 1859 1531 1945 preposito
1563 1859 1596 1925 S.

266 1965 368 2030 IIarie
400 1964 442 2029 ad
475 1962 597 2049 gradem
621 1964 733 2030 Colon.
764 1984 803 2029 ao
827 1965 996 2031 Ambrosio
1025 1963 1066 2029 de
1090 1963 1272 2031 Mediolano
1301 1966 1456 2033 eanonieo
1478 1964 1596 2032 Medio·

267 2072 406 2138 lenensis
430 2071 647 2136 ecelesiarum.

427 2197 500 2267 Rep.
520 2198 558 2249 85
575 2196 600 2265 f.
618 2196 677 2251 307
692 2212 739 2251 nr.
749 2197 815 2250 865.

373 2465 494 2535 1278.
525 2470 610 2532 1327
634 2467 828 2552 September
853 2470 905 2534 13.
930 2466 1094 2554 Aoipnon.

373 2610 534 2676 Iohannes
561 2610 661 2675 XXII
686 2609 820 2679 Iohanni
845 2610 933 2677 dieto
957 2610 1081 2697 Inngbe
1104 2610 1146 2677 de
1169 2612 1284 2677 Bnnna
1308 2612 1433 2677 eoniert
1462 2613 1539 2677 soei.
1564 2613 1597 2678 S.

267 2718 364 2783 Beati
387 2716 421 2781 in
450 2723 556 2781 monte
586 2726 677 2783 extre
701 2738 806 2784 muros
830 2718 1067 2784 Confluentinos
1096 2720 1226 2786 Trever.
1256 2719 1339 2786 dioc.
1365 2719 1597 2799 canonicatum,

271 2823 467 2910 prebendam
491 2844 568 2889 vero
592 2823 696 2890 eidem
721 2831 873 2908 reservat,
898 2846 959 2891 non
985 2826 1134 2892 obstante
1158 2825 1244 2909 qnod
1272 2828 1303 2892 in
1332 2826 1411 2892 eool.
1436 2826 1596 2890 Bonnensi

269 2931 380 2997 Goion.
405 2929 489 2995 dioc.
515 2930 675 3013 quoddam
700 2932 802 2997 altare
826 2932 959 2998 obtinet.

374 3038 594 3122 Suffragantia
618 3038 677 3103 tibi
700 3038 814 3104 merita
831 3088 839 3103 .
857 3088 891 3104 ..
939 3040 1013 3104 Dat.
1038 3039 1134 3107 Avin.
1158 3039 1231 3107 idus
1254 3040 1444 3125 septembris
1467 3061 1496 3106 a.
1521 3038 1597 3106 dno·

267 3144 403 3211 deoimo.

371 3253 408 3317 In
432 3274 460 3320 e.
487 3275 528 3318 m.
560 3254 594 3320 S.
622 3254 742 3320 Florini
765 3256 799 3320 in
823 3254 1025 3321 Confluentis
1049 3256 1182 3322 Trever.
1207 3254 1291 3323 dioo.
1318 3264 1351 3322 et
1373 3254 1406 3321 S.
1431 3254 1531 3321 Mario
1555 3253 1597 3320 ad

266 3359 386 3443 gradus
409 3361 520 3427 colon.
544 3362 716 3446 prepositis
739 3382 778 3426 ao
802 3361 1032 3428 arohidiaoono
1054 3362 1292 3430 Nannentensis
1316 3363 1532 3429 ecelesiarum.

416 3486 488 3555 Rep.
507 3486 544 3538 85
571 3484 681 3554 fieev
699 3500 748 3538 nr.
767 3486 832 3539 866.

373 3758 495 3827 1279.
522 3762 608 3825 1327
633 3760 826 3846 September
851 3762 902 3825 13.
932 3760 1096 3848 Aoipeon.

371 3901 531 3969 Iohannes
566 3902 665 3967 XXII
697 3900 804 3969 Udoni
834 3909 911 3967 nato
936 3903 1077 3969 Heinrioi
1102 3903 1142 3969 de
1166 3902 1450 3989 Mengerskirohen
1475 3901 1599 3968 confert

267 4010 347 4077 eool.
373 4008 606 4093 wilburgensis
629 4009 760 4075 Trever.
791 4008 875 4075 dioo.
906 4011 1141 4093 eanonIeatnm,
1174 4010 1369 4096 prebendam
1394 4030 1470 4076 vero
1493 4009 1596 4076 eidem

266 4123 419 4185 reservat.

374 4224 444 4289 Tne
467 4224 637 4309 probitatis
666 4224 781 4288 merita
807 4272 814 4288 .
843 4271 850 4287 .
876 4273 884 4289 .
935 4224 1011 4289 Det.
1035 4224 1129 4289 Avin.
1157 4221 1230 4291 idus
1257 4224 1446 4311 septembris
1469 4244 1498 4289 a.
1524 4222 1598 4288 duo·

267 4330 402 4398 deoimo.

373 4438 411 4502 ln
435 4458 462 4503 e.
485 4460 527 4502 m.
556 4438 721 4522 preposito
744 4438 777 4504 S.
803 4437 904 4503 MarIe
928 4437 970 4503 ad
993 4437 1114 4522 gradus
1139 4439 1250 4506 Oolon.
1274 4448 1308 4505 et
1331 4436 1454 4505 decano
1479 4435 1598 4504 Cardo·

266 4544 374 4611 nensis
398 4545 529 4609 Trever.
554 4544 637 4610 dion.
662 4566 702 4611 ao
726 4544 899 4610 Guillermo
924 4544 966 4609 de
991 4545 1024 4611 S.
1040 4546 1169 4612 Victore
1193 4547 1348 4613 eanonioo
1372 4544 1598 4611 Panormitano

267 4651 346 4740 eccl.
372 4651 539 4736 capellano
562 4652 682 4735 papali.

415 4774 488 4846 Bep.
507 4776 544 4829 85
562 4774 587 4846 f.
606 4776 672 4831 310‘
690 4791 737 4829 nr.
757 4776 822 4831 872.
