3642 5509
267 424 320 479 104
782 423 851 479 1327
870 422 1040 479 December
1058 424 1084 477 8.

373 605 410 669 In
435 624 463 669 e.
480 624 521 669 m.
546 602 670 669 decano
693 608 727 668 et
749 601 949 669 thesaurario
973 603 1152 669 Bunnensis
1176 601 1286 669 Colon.
1312 600 1396 668 dioc.
1421 623 1460 669 ac
1480 603 1600 669 Iacobo

266 711 308 778 de
333 712 457 777 Mutina
480 710 652 775 scolastIca
676 710 836 776 Tullensis
860 710 940 776 eccl.
965 708 1132 796 capellano
1155 710 1276 796 papali.

430 835 502 904 nep.
523 835 562 889 aa
579 834 603 905 f.
622 835 677 889 211
695 849 743 888 nr.
763 835 847 889 3557.

374 1100 496 1166 1332.
531 1102 617 1165 1327
641 1101 826 1165 December
846 1101 878 1164 8.
903 1097 1070 1185 Aoc'pnou.

374 1242 532 1308 Iohannes
554 1242 654 1307 XXII
689 1241 825 1307 Iohanni
849 1240 936 1307 dicto
961 1242 1085 1328 Lumpe
1114 1248 1257 1307 reservat
1285 1241 1473 1307 beneficium
1498 1241 1600 1307 eccle·

267 1350 431 1418 siasticum
455 1370 527 1415 curn
552 1369 630 1414 cura
646 1349 695 1414 vel
712 1350 781 1415 sine
799 1370 875 1414 cura
899 1355 1084 1414 consuetum
1109 1349 1227 1414 abolim
1252 1348 1378 1414 clericis
1401 1348 1601 1415 secularibus

267 1458 437 1541 assignari,
462 1455 504 1521 ad
528 1457 656 1522 abbatis
672 1462 705 1521 et
725 1465 900 1521 conventus
923 1455 1108 1521 monasterii
1130 1456 1163 1520 in
1181 1456 1326 1540 Graecap
1343 1454 1411 1521 ord.
1428 1454 1460 1520 S.
1480 1452 1601 1521 Bened.

268 1564 377 1631 Golon.
414 1562 498 1630 dioc.
535 1562 778 1649 dispositionem
813 1562 1021 1628 communiter
1054 1562 1105 1627 vel
1140 1562 1266 1628 divisim
1302 1563 1474 1648 pertinens,
1510 1562 1601 1628 cuius

268 1672 400 1757 fructus,
425 1672 452 1737 si
477 1690 659 1753 cumeum,
695 1670 811 1754 vigInti
836 1671 984 1753 qulnque,
1020 1670 1148 1735 sivero
1172 1670 1473 1752 sinecurafuerit,
1513 1670 1601 1752 quln-

268 1777 373 1843 decim
397 1777 598 1845 marcharum
622 1776 748 1861 argenti
770 1798 796 1844 s.
813 1783 835 1841 t.
854 1775 885 1841 d.
913 1776 1055 1841 valorem
1081 1795 1218 1841 annuum
1242 1797 1305 1842 non
1329 1775 1499 1859 excedant,
1535 1796 1601 1841 non

268 1886 417 1951 obstante
440 1883 525 1968 qnod
550 1883 710 1949 Iohannes
733 1882 766 1948 in
796 1883 874 1949 eccl.
900 1884 1003 1948 veteri
1026 1882 1060 1948 S.
1083 1882 1175 1948 Pauli
1200 1882 1442 1950 MonasterIensi
1465 1884 1524 1949 sub
1548 1902 1601 1947 ex-

268 1993 456 2077 pectacione
479 1989 643 2077 prebende
666 1991 859 2055 auctoritate
882 1990 1059 2055 litterarum
1084 1988 1333 2073 apostolicarum
1358 1990 1388 2054 in
1414 1986 1603 2056 canonicum

271 2104 320 2164 est
342 2103 499 2182 receptus.

376 2203 550 2270 ProbitatIs
573 2209 628 2269 tue
651 2203 765 2269 merita
790 2253 797 2269 .
823 2254 830 2269 .
855 2251 862 2266 .
888 2204 964 2269 Dat.
990 2204 1084 2269 Avin.
1103 2202 1148 2268 VI
1171 2202 1244 2270 idus
1267 2202 1447 2270 decembris
1470 2224 1500 2269 a.
1525 2201 1601 2269 duo·

270 2309 406 2377 decimo.

377 2417 415 2482 In
439 2436 530 2483 em.
566 2414 691 2483 decano
715 2416 748 2483 S.
773 2417 903 2500 Georgii
929 2416 1039 2483 (tolon.
1070 2422 1102 2482 et
1126 2417 1286 2483 Tullensis
1315 2437 1354 2483 ac
1377 2416 1410 2482 S.
1436 2416 1537 2482 llarie
1561 2416 1602 2481 ad

271 2522 392 2609 gradus
416 2523 526 2589 Colon.
551 2523 730 2589 scolasticis
753 2524 970 2589 ecclesiarum.

433 2648 506 2718 Rep.
524 2649 564 2702 88
580 2647 606 2718 f.
625 2647 673 2702 28¹
691 2664 739 2702 ror.
759 2649 841 2703 3⁰70.

378 2924 500 2990 1363.
527 2927 613 2990 1327
636 2926 820 2991 December
843 2928 875 2992 9.
905 2923 1070 3012 AvIpuoa.

378 3066 540 3134 Iohannes
564 3067 663 3132 XXII
696 3068 899 3134 Theoderico
924 3068 965 3133 de
988 3067 1131 3133 Essende
1165 3069 1319 3133 canonIco
1352 3067 1537 3132 monasterii
1567 3067 1603 3132 B.

272 3173 374 3239 llarie
398 3174 430 3239 in
454 3173 614 3259 Capitolio
639 3173 820 3240 Coloniensi
850 3181 994 3240 reservat
1027 3174 1215 3240 beneficium
1250 3174 1503 3239 ecclesiasticum
1533 3193 1604 3239 cum

272 3301 348 3347 cura
371 3282 423 3347 vel
447 3280 516 3346 sine
540 3301 617 3347 cura
640 3288 826 3347 consuetum
849 3282 890 3346 ab
915 3282 989 3347 olim
1013 3282 1140 3346 clericis
1163 3281 1361 3347 secularibus
1384 3280 1543 3363 assignari
1561 3278 1604 3345 ad

272 3387 514 3473 dispositionem
546 3387 710 3455 abbatisse
742 3397 775 3453 et
808 3396 983 3454 conventus
1012 3388 1198 3454 monasterii
1228 3387 1365 3472 predicti
1396 3388 1606 3453 communiter

272 3495 324 3561 vel
347 3493 474 3561 divisim
498 3494 671 3580 pertinens,
705 3495 831 3561 etiamsi
864 3494 1045 3561 huiusmodi
1078 3494 1266 3560 beneficium
1299 3492 1340 3559 de
1373 3492 1605 3560 consuetudine

273 3600 352 3666 dicti
376 3602 561 3666 monasterii
584 3600 722 3668 officinm
746 3608 948 3686 nuncupetur
965 3609 997 3668 et
1012 3602 1090 3667 solis
1113 3602 1276 3667 canonicis
1300 3607 1375 3666 actu
1399 3598 1606 3685 prebendatIs

273 3709 373 3793 Ipsius
412 3709 597 3774 monasterii
626 3715 810 3774 consuetum
845 3709 940 3774 fuerit
971 3710 1144 3794 assignari,
1182 3710 1271 3774 cuius
1299 3705 1427 3791 quidem
1459 3706 1606 3773 beneficii

273 3815 408 3898 fructus,
441 3815 560 3880 sisino
584 3835 661 3881 cura
683 3814 791 3895 fuerit,
825 3814 1006 3899 qulndecim
1036 3815 1238 3884 marcharum
1262 3814 1388 3897 argenti
1412 3835 1438 3881 s.
1456 3821 1478 3879 t.
1496 3813 1527 3882 d.
1552 3834 1607 3879 va·

275 3922 374 3987 lorem
398 3941 537 3987 annuum
559 3942 623 3986 non
656 3922 826 4004 excedant,
860 3943 922 3988 non
946 3924 1094 3988 obstante
1117 3922 1202 4006 quod
1224 3924 1256 3987 in
1277 3920 1390 3988 eodem
1414 3920 1607 3988 monasterio

274 4028 497 4094 canonicatum
522 4029 580 4094 sub
604 4028 830 4113 expectatione
854 4029 1018 4113 prebende
1042 4032 1128 4095 etin
1154 4030 1187 4095 S.
1206 4026 1335 4093 Andree
1358 4028 1468 4094 Oolon.
1493 4034 1527 4094 et
1549 4028 1609 4093 Ze-

274 4133 397 4201 flicensi
422 4133 531 4201 (lolon.
556 4132 640 4199 dioc.
665 4132 743 4200 eccl.
768 4136 976 4201 canonicatus
1000 4142 1033 4201 et
1056 4136 1238 4221 prebendas
1262 4136 1396 4201 obtinet.

381 4239 562 4307 Laudabile
588 4242 813 4323 testimonium,
838 4240 925 4326 quod
952 4292 959 4306 .
984 4292 991 4305 .
1017 4292 1024 4308 .
1072 4244 1147 4308 Dat.
1172 4241 1310 4307 Avin.V
1332 4240 1406 4307 idus
1428 4240 1609 4308 decembris

274 4370 303 4415 a.
330 4347 531 4415 duodecimo.

383 4456 420 4521 In
444 4476 473 4521 e.
498 4477 540 4520 m.
577 4456 700 4521 cantori
729 4462 762 4521 et
792 4456 992 4522 thesaurario
1022 4456 1055 4524 S.
1080 4456 1227 4522 Severini
1251 4456 1450 4523 Coloniensis
1473 4476 1513 4522 ac
1541 4476 1608 4521 ma-

274 4564 376 4647 gistro
400 4561 535 4631 Nicolao
559 4561 600 4629 dc
620 4562 747 4629 Fractis
771 4564 926 4630 canonico
951 4564 1155 4630 Patracensis
1179 4564 1257 4629 eccl.
1282 4564 1457 4629 litterarum
1482 4570 1609 4648 aposto·

274 4668 407 4735 licarum
431 4671 613 4736 correctori.

436 4794 509 4864 Rep.
528 4794 568 4848 89
585 4794 610 4864 s.
628 4794 667 4849 57
683 4809 731 4848 nr.
751 4793 834 4848 2146.
