3642 5509
287 335 341 391 572
847 335 916 388 1340
935 334 1064 390 October
1083 334 1127 389 13.

287 514 516 602 impedimento
548 516 600 580 vel
633 535 730 580 causa
764 534 963 598 quacumque
996 515 1140 599 legitima
1177 515 1380 598 suffragante
1412 515 1518 597 quoad
1551 536 1623 600 per-

286 623 465 708 ceptionem
501 623 659 688 dictarum
696 623 952 688 distributionum
988 623 1174 689 absentibus
1209 623 1470 705 quibuscumque.
1528 621 1624 700 Quod

286 729 413 813 quidem
438 737 473 794 ut
489 731 674 814 diligentius
698 732 894 814 observetur,
919 729 1101 796 ordinamus
1120 736 1217 812 etque
1240 731 1418 805 statuimus,
1443 729 1529 812 quod
1554 736 1622 794 tam

285 837 430 903 moderni
466 839 603 903 ecclesie
637 838 796 921 Aquensis
830 837 976 904 canonici
1005 839 1039 902 in
1071 839 1212 923 presenti
1242 858 1337 920 quam
1366 837 1466 903 futuri
1494 837 1527 904 in
1554 839 1623 904 suis

285 946 522 1030 receptionibus
545 947 650 1011 iurare
671 946 856 1030 specialiter
879 951 1050 1011 tencantur
1073 965 1107 1012 se
1130 944 1273 1011 fideliter
1301 944 1536 1012 observaturos.
1583 945 1621 1012 Si

285 1073 373 1135 vero,
397 1052 482 1136 quod
507 1054 602 1134 absit,
627 1054 827 1137 contingeret
850 1054 882 1117 in
899 1053 1040 1118 futurum
1064 1051 1168 1119 dictas
1192 1052 1335 1119 decimas
1358 1059 1391 1117 et
1412 1049 1555 1118 redditus
1579 1073 1620 1118 ac

285 1168 459 1245 proventus
492 1159 596 1227 eidem
631 1160 768 1227 ecclesie
791 1160 932 1242 Aqueusi
965 1180 1023 1245 per
1052 1180 1109 1226 nos
1148 1161 1369 1244 incorporatos
1406 1159 1551 1244 superius
1586 1167 1621 1224 et

285 1268 393 1334 unitos
416 1267 458 1332 ad
482 1268 578 1332 alium
602 1287 702 1342 usum,
726 1288 820 1350 quam
850 1266 1071 1352 supradictum
1104 1274 1162 1348 est,
1188 1265 1433 1350 quoquomodo
1463 1265 1617 1348 converti,

284 1394 342 1439 nos
373 1394 498 1440 exnunc
528 1382 622 1460 prout
653 1381 771 1440 extunc
803 1373 1092 1459 incorporationem
1125 1375 1227 1460 ipsam
1257 1394 1328 1440 esse
1355 1374 1499 1440 volumus
1521 1380 1619 1457 atque

285 1479 485 1548 decernimus
500 1483 620 1547 irritam
638 1490 670 1548 et
686 1483 813 1547 inanem
830 1491 862 1546 et
878 1480 1031 1564 quicquid
1055 1488 1199 1547 secutum
1223 1481 1320 1546 fuerit
1344 1501 1384 1546 ex
1403 1481 1526 1546 eadem.
1573 1482 1617 1547 Et

284 1607 342 1653 nos
366 1589 539 1674 capitulum
563 1589 743 1655 Leodiense
767 1589 837 1654 visa
860 1595 893 1655 et
917 1587 1101 1654 examinata
1128 1607 1186 1673 per
1215 1609 1272 1654 nos
1295 1589 1347 1655 vel
1371 1595 1495 1654 nostros
1524 1609 1618 1655 cano-

283 1696 373 1762 nicos
405 1696 446 1761 ad
480 1697 542 1762 hoc
574 1696 745 1782 deputatos
780 1696 986 1781 inquisitione
1020 1695 1176 1781 premissa
1208 1696 1361 1779 factaque
1395 1695 1550 1762 relatione
1586 1703 1619 1762 et

283 1810 395 1870 secuta
419 1802 565 1889 diligenti
589 1804 820 1870 deliberatione
849 1806 882 1870 iu
908 1811 1017 1870 nostro
1049 1804 1190 1889 capitulo
1214 1803 1256 1869 ad
1280 1803 1341 1871 hoe
1365 1803 1548 1889 specialiter
1570 1805 1618 1868 in-

284 1911 371 1977 dicto
386 1931 482 1996 super
497 1911 703 1994 inquisitione
727 1911 850 1994 eadem,
875 1910 1114 1977 considerantes
1131 1910 1218 1996 piam
1234 1911 1441 1976 intentionem
1458 1910 1615 1976 dictorum

284 2017 399 2084 decani
423 2026 455 2083 ct
480 2019 613 2104 capituli
638 2018 773 2085 ecclesie
790 2019 949 2102 Aquensis
972 2020 1003 2084 in
1021 2018 1082 2084 hac
1106 2025 1198 2104 parte
1221 2039 1284 2084 non
1300 2018 1369 2083 fore
1393 2017 1616 2101 denegandam

283 2125 340 2191 sed
373 2127 479 2210 potius
512 2146 551 2191 ex
585 2128 690 2192 causis
721 2127 955 2193 ratiombilibus
987 2127 1056 2193 lore
1089 2125 1339 2209 concedendam,
1366 2127 1616 2211 incorporationi

282 2231 428 2317 predicte
452 2235 675 2299 consentimus.
724 2235 759 2299 ln
787 2254 919 2316 quorum
950 2233 1089 2300 omnium
1118 2235 1332 2302 testimonium
1361 2255 1419 2300 nos
1446 2233 1617 2318 episcopus

282 2339 486 2425 supradictus
512 2350 664 2424 nostrum,
697 2362 755 2408 nos
786 2361 863 2407 vero
895 2339 1141 2408 archidiaconus
1173 2347 1204 2408 et
1237 2341 1411 2427 capitulum
1434 2339 1617 2406 Leodiense

283 2467 406 2512 necnon
430 2449 589 2532 Aquensis
612 2450 792 2534 prepositus
814 2448 991 2534 supradicti
1015 2449 1048 2515 in
1072 2451 1196 2533 signnm
1219 2450 1319 2516 nostri
1344 2467 1516 2515 consensus
1545 2466 1616 2533 pre-

282 2555 387 2621 missis
415 2555 552 2622 adhibiti
576 2563 686 2621 nostra
714 2557 821 2641 sigilla
844 2556 992 2623 duximus
1020 2557 1222 2642 presentibus
1246 2555 1447 2642 apponenda.
1494 2555 1614 2620 Datum

283 2683 367 2728 anno
391 2684 411 2727 a
433 2665 604 2729 nativitate
627 2661 746 2729 domini
775 2664 943 2730 millesimo
971 2664 1194 2732 trecentesimo
1222 2662 1468 2748 quadragesimo
1498 2662 1616 2729 mensis

283 2769 412 2854 augusti
436 2769 489 2835 die
513 2771 695 2856 penultima.

437 2915 694 2984 transsumptum
713 2914 747 2970 ic
766 2915 885 2972 litteras
904 2915 1149 2987 confirmatorias
1168 2933 1188 2971 a
1202 2916 1348 2972 Clemente
1364 2915 1406 2971 VI
1422 2916 1514 2971 dotas
1533 2914 1562 2968 d.
1577 2915 1616 2968 13

434 3020 473 3059 m.
493 3002 576 3058 iunii
594 3023 621 3060 u.
642 3008 725 3060 1343.
762 3007 834 3076 Rep.
854 3006 951 3077 1621‘.
971 3007 1027 3061 224
1046 3023 1093 3062 nr.
1113 3008 1179 3061 613.

389 3373 516 3440 23⁷⁷.
552 3377 638 3441 1340
661 3377 874 3443 occurerre.
904 3378 1069 3465 Amynan.

391 3517 585 3584 Benedictus
613 3518 680 3583 XII
715 3520 958 3606 archiepiscopo
984 3521 1164 3588 Coloniensi
1194 3525 1336 3604 nunciat,
1371 3520 1458 3604 quod
1487 3519 1613 3606 pridem

282 3624 496 3708 provisionem
530 3625 607 3690 eccl.
632 3625 892 3694 Monasteriensis
926 3627 988 3694 hac
1016 3631 1087 3695 vice
1120 3632 1297 3697 reservavit
1329 3627 1530 3714 dispositioni
1555 3646 1612 3694 sne

283 3738 315 3797 et
338 3731 515 3815 apostolice
538 3731 634 3797 sedis.

391 3837 520 3903 Pridem
555 3839 757 3906 intendentes
789 3843 886 3907 certis
917 3893 924 3906 .
951 3892 991 3907 ..
1049 3844 1124 3909 Dat.
1157 3845 1251 3910 Avin.
1286 3845 1335 3910 III
1368 3843 1440 3909 idus
1471 3841 1612 3908 octobris

282 3967 312 4012 a.
336 3952 439 4011 sexto.

430 4070 504 4139 Rep.
524 4072 582 4124 136
599 4071 624 4140 f.
644 4073 683 4126 73
700 4088 747 4126 rer.
768 4074 837 4139 189‚·
865 4075 915 4130 Re.
936 4075 1012 4129 2081
1030 4091 1060 4129 rr.
1080 4077 1104 4128 1.

387 4357 514 4427 28⁷8.
545 4362 632 4426 1340
654 4364 840 4428 November
858 4364 909 4427 18.
935 4363 1129 4449 Leqpeoich.

387 4505 540 4587 Iaquetus
572 4503 613 4569 de
637 4505 784 4570 Tornaco
818 4525 927 4571 cursor
960 4503 1126 4570 Benedicti
1150 4505 1216 4570 XII
1249 4504 1440 4570 constitutus
1472 4503 1505 4568 iu
1538 4523 1609 4589 pre·

280 4611 385 4676 sentia
407 4611 561 4676 Walrami
595 4610 830 4697 archicpiscopi
863 4611 1062 4677 coloniensis
1093 4617 1125 4676 et
1148 4610 1341 4676 Theoderici
1372 4609 1451 4677 dicti
1482 4611 1610 4678 Brauch

283 4716 325 4783 de
349 4717 492 4783 Wischel
527 4718 635 4784 elerici
669 4717 777 4785 Coton.
801 4717 883 4783 dioc.
917 4725 948 4783 et
977 4717 1106 4785 testium
1140 4719 1414 4804 infrascriptorum
1447 4725 1612 4804 presentat
