3642 5509
804 403 874 458 1332
893 403 1064 460 November
1084 406 1126 459 21.

407 663 527 730 2147.
556 668 643 730 1332
666 668 854 734 November
877 672 930 733 21.
956 668 1120 755 Astyres.

405 806 570 873 Iohannes
586 808 685 872 XXII
710 810 845 875 Iohanni
870 811 910 876 de
935 812 1108 880 Novavilla
1132 812 1288 879 monacho
1313 810 1498 877 monasterii
1522 810 1556 873 S.
1570 806 1634 871 Vil-

298 913 431 978 librcrdi
455 915 488 979 in
512 912 716 981 Eehternaeo
741 917 809 982 ord.
834 918 867 983 S.
886 918 1007 985 Beued,
1024 920 1155 985 Trever.
1180 919 1263 985 dloc.
1289 924 1432 985 reservet
1455 915 1635 1002 prioratum

298 1020 349 1087 vel
373 1019 683 1086 administrationem
708 1042 764 1089 seu
794 1024 932 1089 officium
962 1034 1017 1090 aut
1052 1026 1237 1092 beneficium
1272 1024 1527 1093 ecclesiasticum
1562 1038 1635 1084 curn

297 1147 376 1193 curn
399 1128 450 1192 vel
475 1127 545 1193 sine
575 1148 652 1194 cura
675 1136 826 1214 spectans
855 1133 1066 1197 communiter
1088 1134 1138 1197 vel
1168 1132 1294 1199 divisim
1324 1130 1366 1197 ad
1390 1128 1636 1215 dispositionem

297 1234 428 1299 abbatis
451 1240 485 1299 et
509 1245 685 1302 conventus
709 1236 788 1301 dicti
805 1239 1003 1321 monasterii,
1029 1246 1212 1305 consuetum
1230 1259 1286 1323 per
1302 1236 1476 1304 monachos
1493 1232 1637 1301 eiusdem

297 1342 484 1408 monasterii
509 1342 691 1427 gubernari.

405 1448 587 1533 Religionis
611 1450 707 1532 zelus,
733 1453 798 1517 vite
827 1502 834 1516 .
864 1500 871 1514 .
904 1501 911 1516 .
959 1453 1034 1517 Dat.
1060 1454 1153 1518 Avin.
1178 1453 1227 1518 XI
1255 1452 1299 1517 kl.
1325 1450 1506 1517 decembris
1529 1469 1558 1513 a.
1585 1445 1638 1510 de-

298 1555 530 1641 eimoseptimo.

404 1663 442 1727 In
466 1683 494 1729 e.
515 1684 556 1729 m.
582 1665 694 1729 abbati
717 1665 903 1731 monasterii
929 1664 962 1731 S.
988 1665 1088 1732 Merie
1111 1665 1370 1752 Luceburgensis
1393 1666 1527 1730 Trever.
1552 1659 1639 1725 dioc.

297 1775 330 1834 et
354 1770 527 1836 scolastIeo
551 1771 713 1837 Tullensis
743 1792 782 1837 ec
812 1772 948 1837 Iohanni
979 1772 1020 1837 de
1047 1772 1216 1839 Firmitate
1246 1774 1401 1840 canonico
1427 1767 1641 1836 virdunensis

298 1877 518 1943 ecelesiarum.

458 2001 531 2071 Rep.
552 2002 608 2055 104
626 2018 674 2055 nr.
693 2004 758 2055 315.

405 2282 526 2348 2148.
557 2286 645 2348 1332
669 2286 856 2349 November
879 2287 933 2349 27.
958 2284 1122 2373 Avipnon.

406 2424 568 2491 lohannes
602 2425 702 2491 XXII
742 2427 987 2512 archiepiscopo
1023 2429 1231 2505 Treverensi,
1267 2435 1399 2514 petente
1433 2426 1534 2491 nobili
1572 2424 1642 2488 viro

297 2530 446 2597 Gerardo
470 2530 512 2598 de
536 2531 755 2618 Grandiprato
781 2533 881 2600 milite
905 2534 1036 2600 domino
1061 2533 1102 2599 de
1127 2535 1283 2619 Ranchyo
1304 2536 1435 2599 Trever.
1462 2532 1560 2612 dioc,
1587 2528 1642 2612 qui

296 2640 331 2704 iu
355 2645 460 2704 castro
483 2660 542 2706 suo
567 2639 713 2725 predicto
747 2641 780 2705 in
813 2639 913 2707 fundo
946 2661 1005 2707 suo
1037 2643 1168 2726 proprio
1198 2641 1357 2724 quendem
1389 2639 1548 2725 capellam
1573 2638 1642 2701 lun·

297 2744 389 2811 davit
421 2766 557 2829 eamque
590 2769 648 2831 pro
681 2749 915 2812 sustentatione
943 2748 1036 2812 unius
1069 2749 1216 2834 perpetui
1246 2746 1404 2833 capellani
1429 2746 1544 2811 dotare
1570 2763 1642 2830 pro·

297 2854 409 2939 possit,
435 2853 580 2936 mandat,
606 2854 758 2936 quatinus
782 2852 1002 2918 fundationem
1029 2852 1221 2936 huiusmodi,
1246 2853 1323 2918 dote
1344 2859 1450 2918 tamen
1467 2850 1643 2917 sufficienti

296 2961 387 3047 prins
410 2961 453 3027 ad
478 2960 714 3045 archiepiscopi
749 2961 916 3025 arbitrium
948 2960 1123 3042 assignata.
1159 2958 1345 3025 confirmare
1374 2964 1536 3043 procuret,
1574 2958 1643 3022 iure

296 3068 505 3154 presentandi
538 3074 728 3152 perpetuum
763 3066 965 3151 capellanum
996 3063 1100 3131 eidem
1129 3065 1222 3130 militi
1246 3065 1374 3148 suisque
1398 3063 1643 3130 successoribus

295 3174 531 3260 imperpetuum
556 3180 733 3239 reservato.

405 3282 486 3366 Hiis,
511 3301 573 3364 qne
597 3281 854 3345 animarum...
903 3278 980 3343 Dat.
1006 3278 1145 3342 Ang
1172 3278 1216 3342 kl.
1242 3276 1476 3344 decembrica.
1501 3275 1644 3341 decimo·

297 3390 445 3474 septimo.

460 3493 534 3563 Rep.
555 3493 612 3545 104
630 3506 679 3544 rar.
698 3492 794 3558 1382;
813 3491 864 3545 Ra.
885 3490 970 3545 1583.

406 3753 529 3822 2149.
558 3756 644 3817 1332
668 3754 856 3818 November
879 3753 935 3815 30.
964 3748 1129 3834 deipnos.

408 3884 582 3969 [Iohannes
606 3883 717 3966 XXII]
743 3884 811 3967 regi
836 3882 984 3947 Frnnoie.

408 3992 453 4057 Ut
468 3988 511 4055 de
527 3989 600 4072 hiis,
625 4009 687 4071 quc
703 3988 787 4053 inter
803 4008 863 4054 nos
879 3993 913 4053 et
930 4034 937 4051 .
957 4035 964 4050 .
983 4038 989 4049 .
1008 3985 1182 4052 Iohannem
1205 4007 1312 4071 regem
1331 3988 1464 4053 Boemie
1487 3988 1644 4055 illustrem

300 4104 377 4164 acta
399 4104 484 4178 sunt,
519 4117 578 4181 pro
603 4115 666 4177 qno
695 4094 825 4178 scripsit
848 4093 1008 4159 serenitas
1032 4091 1123 4175 regia
1147 4100 1180 4158 et
1203 4091 1377 4158 destinavit
1400 4094 1566 4175 nuncium,
1591 4114 1644 4158 no·

301 4205 411 4268 ticiam
442 4200 684 4285 magnificentia
711 4202 802 4284 regia
832 4200 953 4265 habeat
982 4196 1167 4281 pleniorem,
1200 4196 1321 4281 pandet
1345 4199 1529 4264 celsitudini
1555 4199 1644 4283 regie

301 4309 418 4375 cedula
441 4308 647 4394 presentibus
670 4306 855 4387 interclusa,
890 4324 984 4387 qnam
1011 4304 1124 4387 paucis
1147 4304 1353 4370 manifestare
1377 4305 1508 4390 placeat
1533 4307 1644 4388 eisque

301 4417 467 4499 imponere
499 4414 558 4477 sub
592 4412 770 4477 iuramento
803 4411 950 4496 prestito,
985 4414 1020 4471 ut
1043 4408 1074 4470 in
1103 4427 1142 4472 ea
1172 4416 1323 4474 contenta
1353 4409 1432 4475 nulli
1467 4410 1643 4476 communi·

302 4540 378 4586 cere
402 4517 554 4593 debeant,
588 4516 645 4582 sed
679 4518 749 4600 ipsa
782 4522 907 4582 secrete
940 4522 1052 4577 tenere
1084 4561 1091 4577 .
1125 4561 1133 4575 .
1167 4561 1172 4573 .
1232 4514 1308 4579 Dat.
1332 4515 1364 4580 II
1389 4515 1434 4581 kl.
1460 4514 1644 4582 decembris

302 4648 332 4692 a.
360 4624 467 4690 XVII.

454 4750 525 4818 Req.
546 4748 601 4801 117
616 4746 642 4814 f.
663 4746 719 4799 106
746 4760 795 4797 nr.
814 4746 877 4798 512.
