3642 5509
271 461 307 521 42
840 467 910 526 1327
930 469 949 526 J
951 471 1004 526 unl
1021 469 1065 527 at.

375 645 556 714 Laudabile
580 649 795 715 testimonium
820 649 906 734 quod
924 698 930 715 .
949 699 983 717 ..
1029 653 1106 717 Dat.
1131 652 1226 719 Avin.
1247 652 1310 719 XV
1333 653 1378 719 lrl.
1401 653 1472 719 iulii
1495 675 1525 719 a.
1549 673 1603 720 nn·

272 754 406 820 decimo.

377 865 415 928 ln
439 885 467 930 e.
483 885 525 929 m.
551 863 584 930 S.
601 863 731 930 Andree
756 864 864 930 Colon.
890 872 923 930 et
944 865 1183 932 Wetslariensis
1205 867 1350 950 Magunt.
1368 869 1402 948 (1)
1424 866 1509 936 dioc.
1533 888 1604 953 pre·

270 972 384 1055 positis
417 992 455 1037 ec
479 971 649 1057 Reynaldo
682 970 723 1036 de
748 972 839 1038 Filiis
863 972 937 1040 Ursi
969 972 1197 1039 archidiacono
1231 972 1274 1039 de
1298 973 1475 1059 Cempinia.
1498 972 1601 1041 Leod.

271 1078 487 1144 ecclesiarum.

437 1185 508 1256 Req.
527 1188 564 1240 84
581 1185 605 1255 f.
625 1188 666 1240 33
683 1202 732 1241 nr.
753 1185 838 1241 2082.

376 1457 498 1526 12⁰4.
525 1461 610 1526 1327
635 1459 988 1548 ι166127.61619666.

376 1600 534 1667 lohannes
551 1603 649 1667 XXII
673 1601 807 1668 Iohanni
831 1601 873 1667 de
889 1602 1075 1687 Ratinghen
1100 1604 1256 1668 canonico
1279 1601 1500 1687 perebendeto
1521 1601 1600 1668 ecel.

269 1705 473 1774 Assindensis
496 1714 638 1775 reservet
665 1709 856 1775 beneficium
880 1709 1133 1776 ecclesiasticum
1158 1730 1230 1775 cum
1254 1730 1331 1776 cure
1354 1710 1406 1776 vel
1430 1709 1500 1775 sine
1524 1729 1601 1775 cure

269 1822 453 1882 consuetum
487 1816 603 1882 abolim
638 1818 764 1884 clericis
796 1818 995 1885 secularibus
1028 1818 1187 1902 assignari
1218 1823 1370 1902 spectans
1399 1815 1442 1881 ad
1466 1815 1600 1900 disposi-

269 1923 387 1988 tionem
422 1925 549 1990 abbatis
584 1930 615 1990 et
650 1931 825 1990 conventus
860 1924 1044 1990 monasterii
1079 1924 1282 2008 Sibergensis
1316 1923 1385 1990 ord.
1419 1923 1453 1990 S.
1477 1922 1598 1989 Bened.

269 2028 378 2094 Gelon.
403 2030 499 2112 dioc,
523 2033 612 2097 errius
637 2031 771 2114 tructus,
795 2032 821 2097 si
847 2051 919 2095 cum
945 2052 1031 2113 cure,
1063 2030 1256 2114 quindecim,
1280 2031 1307 2098 si
1332 2050 1408 2097 vero
1431 2031 1499 2096 sine
1524 2050 1600 2095 cure

267 2136 374 2218 fuerit,
412 2135 525 2203 decem
557 2139 758 2204 marcharum
791 2140 919 2222 argenti
943 2159 968 2205 s.
986 2146 1007 2204 t.
1025 2138 1056 2203 d.
1081 2139 1222 2205 valorem
1255 2159 1392 2203 annuum
1421 2157 1484 2203 non
1508 2156 1599 2202 exce-

268 2243 355 2326 dant,
381 2265 443 2310 non
467 2247 616 2311 obstante
640 2245 727 2329 quod
752 2247 975 2312 canonicatum
999 2252 1032 2311 et
1056 2244 1252 2332 prebendam
1277 2246 1310 2310 in
1334 2245 1472 2311 ecelesia
1492 2245 1599 2311 Assin-

267 2349 356 2417 densi
382 2350 469 2418 dicte
493 2352 576 2418 dioc.
601 2354 733 2419 obtinet.

372 2459 591 2544 Subi-agentia
614 2459 674 2525 tibi
698 2459 837 2526 merita.
858 2511 889 2526 ..
916 2461 990 2526 Dat.
1016 2460 1155 2526 Avin.V
1180 2460 1223 2525 kl.
1249 2458 1318 2525 iulii
1341 2481 1371 2525 e.
1395 2458 1575 2524 undecimo.

371 2567 408 2630 ln
433 2586 460 2630 6.
478 2588 519 2630 m.
545 2567 738 2633 Xanctensis
762 2567 871 2633 Colon.
896 2567 981 2633 dioc.
1007 2577 1040 2632 et
1063 2567 1096 2632 S.
1113 2567 1246 2650 Georgii
1267 2566 1377 2632 (tolon.
1402 2565 1534 2632 decanis
1557 2588 1598 2632 ac

267 2671 385 2737 Iacobo
408 2671 450 2738 de
473 2672 597 2738 Mutina
621 2675 786 2759 capellano
811 2674 920 2760 papali
944 2675 1114 2740 scolastico
1138 2673 1299 2740 Tullensis
1323 2671 1539 2738 ecclesiarum.

436 2797 509 2866 Rep.
529 2800 565 2851 84
582 2797 608 2867 f.
627 2798 665 2851 49
682 2813 728 2852 nrt
749 2799 833 2853 2121.

373 3066 511 3136 *laon
542 3073 628 3135 1327
652 3073 738 3136 Jnni
760 3073 814 3136 30.
844 3070 1010 3156 Aoipnon.

375 3195 541 3262 lohannes
555 3198 660 3260 XXII
685 3199 794 3262 tribne
818 3198 1052 3263 enecatoriboc
1067 3197 1219 3274 mandat,
1245 3199 1406 3281 qnntinno
1422 3198 1600 3282 mopistroe

265 3304 420 3367 scabinos
444 3311 475 3368 et
496 3304 647 3368 consules
671 3305 817 3368 civitatis
832 3301 1037 3370 Cotonieneie
1060 3304 1261 3368 denuncient
1286 3304 1598 3384 excommunicatos,

267 3410 370 3474 donec
393 3411 428 3474 bi
452 3411 576 3475 decano
602 3418 633 3475 et
656 3411 804 3495 capitolo
830 3412 905 3476 ecci.
932 3410 967 3475 S.
994 3410 1148 3476 Severini
1174 3407 1286 3476 Coton.
1310 3411 1549 3496 satisfecerint.

374 3533 534 3600 lohannes
562 3534 731 3619 episcopus
756 3554 866 3600 servus
890 3554 1052 3600 servorum
1076 3534 1130 3600 dei
1154 3534 1282 3602 dilectis
1306 3535 1380 3600 filiis
1405 3583 1411 3600 .
1437 3586 1443 3598 .
1469 3534 1599 3599 Bellire·

267 3639 352 3705 ditus
377 3647 409 3706 et
426 3691 432 3704 .
452 3689 457 3705 .
477 3641 588 3706 Sancti
613 3641 723 3707 lacobi
748 3643 1010 3707 monasteriorum
1035 3643 1207 3709 abbatibus
1223 3649 1275 3707 et.
1291 3692 1298 3708 .
1316 3642 1439 3707 decano
1463 3641 1599 3707 ecclesie

265 3747 386 3813 Sancte
409 3747 519 3813 Crucis
543 3747 714 3816 Leodiens.
739 3747 874 3813 salutem
899 3754 932 3812 et
955 3749 1167 3833 apostolicam
1191 3749 1456 3815 benedictionem.

371 3855 437 3921 Sua
469 3856 562 3921 nobis
595 3854 736 3920 decenus
769 3862 801 3919 et
835 3855 1009 3940 capitulum
1035 3855 1171 3920 ecclesie
1196 3857 1316 3921 Sancte
1339 3857 1485 3922 Severini
1509 3857 1599 3923 Colo·

267 3962 385 4027 niensis
415 3964 574 4046 peticione
602 3968 825 4044 monstrarunt,
859 3962 945 4045 quod
978 3962 1124 4045 magistri
1148 3963 1272 4028 scabini
1296 3971 1328 4029 ct
1352 3965 1499 4030 consules
1524 3963 1599 4029 civi·

266 4069 343 4133 tatis
379 4068 576 4134 Coloniensis
610 4087 672 4132 non
708 4067 924 4150 attendentes,
960 4068 1046 4151 quod
1081 4069 1174 4133 laicis
1209 4068 1399 4154 disponendi
1433 4069 1474 4135 de
1503 4071 1600 4135 rebus

266 4176 495 4241 ecclesiasticis
517 4175 604 4240 nulla
627 4175 669 4240 sit
693 4175 848 4240 attributa
871 4183 1026 4259 potestas,
1052 4177 1233 4241 temeritate
1255 4176 1385 4262 proprie
1408 4183 1598 4259 statuerunt,

266 4303 306 4347 ne
341 4283 459 4368 prefati
485 4333 492 4348 .
519 4335 525 4348 .
551 4283 692 4350 decenus
716 4289 749 4346 et
766 4331 772 4346 .
792 4333 799 4348 .
823 4283 997 4368 capitulum
1034 4283 1177 4350 decimas
1201 4307 1221 4349 a
1244 4284 1463 4370 pemoobianis
1499 4286 1599 4370 ipsius

266 4390 402 4456 ecclesie
427 4390 467 4456 de
490 4391 697 4476 proventibus
720 4397 876 4457 terrarum
893 4397 926 4455 et
943 4391 1078 4457 aliorum
1102 4393 1266 4475 bonorum,
1291 4412 1352 4474 quc
1373 4391 1459 4458 inire
1481 4393 1598 4458 limites

265 4497 434 4581 parrochie
468 4497 609 4563 eiusdem
643 4498 780 4564 ecclesie
813 4499 970 4580 obtinent,
1005 4500 1131 4585 pretate
1155 4499 1292 4565 ecclesie
1316 4498 1443 4565 debitas
1466 4501 1599 4582 exigent

266 4623 369 4685 neque
392 4603 471 4668 dicti
494 4603 697 4687 parrochiani
721 4605 864 4673 decimes
888 4607 976 4691 ipses
999 4607 1185 4692 persolvent
1202 4655 1208 4666 .
1228 4656 1234 4671 .
1253 4604 1374 4671 decano
1400 4614 1432 4671 et
1457 4609 1598 4690 ..cepi-

266 4711 333 4776 tulo
356 4711 533 4796 prelibatis,
558 4711 590 4775 in
614 4713 807 4777 contrarium
832 4713 989 4780 iacientes
1005 4715 1037 4777 in
1055 4711 1169 4778 eodem
1184 4720 1305 4780 statuto
1328 4714 1420 4797 penis
1443 4715 1598 4796 gravibus

266 4818 477 4906 promulgetis
504 4866 563 4886 ...
589 4827 720 4907 propter
744 4819 829 4903 quod
853 4821 886 4885 in
910 4820 1251 4894 excommunicationis
1272 4821 1465 4887 sententiam
1487 4841 1509 4886 a
1530 4821 1599 4887 iure
