3642 5509
257 412 311 466 330
818 411 888 466 1330
905 411 965 466 Mai
985 413 1010 467 9.

257 594 320 657 cite
344 612 406 657 non
430 591 613 675 formidant,
648 591 797 674 quodque
827 598 861 656 tu
889 612 948 677 pro
972 599 1026 658 tue
1049 613 1088 657 ac
1111 593 1348 676 progenitorum
1374 600 1497 657 tuorum
1522 591 1587 656 ani·

256 721 377 765 marum
410 701 513 766 salute
545 701 578 764 in
611 699 712 764 tundo
744 701 874 784 proprio
907 700 1019 764 Colon.
1044 699 1127 765 dioc.
1158 698 1318 782 quandam
1348 700 1516 765 ecclesiam
1545 698 1586 764 ad

256 806 408 872 honorem
442 807 493 871 dei
528 814 560 871 et
592 807 775 871 beatissime
808 806 941 890 virginis
970 807 1067 872 llarie
1100 809 1211 871 matris
1241 806 1309 872 eius
1340 806 1380 871 de
1409 827 1492 871 novo
1517 826 1588 871 eon-

256 921 378 980 struere
402 921 436 980 et
462 914 574 978 dotare
604 915 764 998 proponis.
813 912 920 990 Quare
945 914 1036 978 nobis
1061 913 1221 978 humiliter·
1244 914 1441 999 supplicasti,
1471 921 1507 978 ut
1529 914 1587 978 tibi

256 1022 297 1086 de
321 1023 467 1086 nranibus
490 1022 643 1085 laicorum
666 1019 882 1103 predictorum
907 1019 1013 1085 dictas
1033 1018 1167 1085 devinas
1190 1019 1391 1100 extrahendi,
1416 1018 1587 1084 dummodo

256 1131 317 1193 loci
342 1127 583 1193 diocesanorum
616 1132 649 1191 et
679 1127 886 1192 eeclesiarum
910 1134 1080 1210 rectorum,
1110 1128 1142 1191 in
1173 1147 1307 1208 quarum
1331 1127 1508 1211 parrochiis
1532 1127 1588 1192 liu·

255 1235 390 1301 iusmodi
424 1235 553 1299 novalia
584 1234 647 1299 sita
673 1240 757 1316 sunt,
793 1233 835 1298 ad
859 1233 892 1297 id
916 1233 1052 1298 accedat
1075 1253 1235 1315 assensus
1272 1255 1310 1298 ae
1334 1235 1421 1318 ipsas
1445 1233 1587 1299 ‹lecirnas

255 1344 287 1406 in
312 1347 516 1425 augmentum
541 1340 626 1406 dotis
650 1340 786 1405 ecclesie
810 1339 1032 1425 predicte...
1056 1339 1263 1405 convertendi
1289 1339 1466 1405 concedere
1491 1340 1586 1405 lieen-

256 1451 411 1514 tiam...
434 1448 648 1531 dignaremur,
685 1447 824 1512 maxime
848 1468 919 1511 curn
946 1448 1159 1512 verisimiliter
1184 1455 1392 1531 presumatur,
1420 1445 1508 1529 quod
1532 1446 1587 1511 hu·

256 1555 392 1622 iusmodi
424 1555 548 1620 decime
576 1574 737 1637 nunquam
762 1575 819 1639 per
842 1554 969 1619 modum
995 1555 1090 1620 aliurn
1116 1554 1157 1619 ad
1182 1555 1351 1620 ecclesiam
1376 1560 1587 1620 revertantur.

255 1664 321 1729 Nos
345 1664 443 1745 igitur
460 1711 467 1725 .
486 1711 493 1725 .
511 1713 517 1725 .
534 1668 569 1727 ut
593 1662 758 1746 predictas
781 1661 924 1728 decimas
949 1662 989 1726 de
1014 1663 1160 1728 manibus
1184 1662 1398 1747 predictorum
1424 1662 1586 1742 laicorum,

256 1769 426 1833 dummodo
537 1768 700 1834 diocesani
733 1770 795 1834 loci
830 1779 862 1834 ct
894 1776 1053 1834 rectorum
1087 1768 1302 1854 predictorum
1328 1769 1369 1832 ad
1394 1768 1426 1832 id
1451 1767 1588 1833 accedat

255 1896 427 1941 assensus.
446 1924 452 1936 .
473 1925 480 1940 .
498 1877 668 1941 extrahere
684 1897 723 1941 ac
744 1877 831 1959 ipsas
854 1875 886 1940 in
911 1877 1202 1958 augmentationem
1228 1875 1314 1940 dicte
1339 1875 1423 1939 dotis
1440 1927 1446 1940 .
1465 1925 1472 1939 .
1491 1925 1498 1939 .
1516 1895 1588 1937 con-

254 1991 379 2048 vertere
412 1983 512 2047 libere
537 1984 645 2048 valeas
668 2003 708 2048 ac
732 1983 836 2047 cidem
870 1983 1007 2049 ecclesie
1037 1983 1211 2066 assignare,
1244 1982 1407 2047 devotioni
1433 1989 1487 2046 tue
1513 2031 1520 2045 .
1546 2030 1552 2044 .
1579 2029 1587 2045 .

255 2088 459 2155 concedimus
482 2090 681 2155 facultatem.
730 2090 881 2154 Volumus
905 2096 1024 2171 tamen,
1059 2088 1153 2171 quod,
1188 2090 1247 2154 nisi
1274 2089 1392 2154 dictam
1418 2089 1587 2153 ecclesiam

255 2196 385 2262 duxeris
409 2196 665 2278 construendam,
699 2196 884 2281 supradicte
913 2195 1038 2260 decime
1063 2195 1104 2260 ad
1129 2196 1210 2276 illos,
1235 2196 1277 2261 ad
1301 2217 1380 2278 qrros
1405 2195 1524 2261 debent
1547 2195 1588 2259 de

254 2305 322 2368 iure
350 2305 479 2385 reverti,
512 2305 583 2389 ipso
612 2303 699 2368 facto
732 2303 914 2369 omnimode
949 2309 1175 2368 revertantur.
1206 2353 1213 2367 .
1244 2353 1250 2367 .
1305 2305 1379 2368 Dat.
1408 2302 1500 2367 Avin.
1526 2301 1587 2366 Vll

255 2410 328 2475 idus
352 2411 426 2475 maii
451 2432 480 2475 a.
505 2411 616 2474 Xllll.

416 2517 487 2585 Rep.
508 2516 546 2570 95
563 2533 611 2570 nr.
632 2519 696 2571 727.

364 2794 481 2858 1901.
512 2796 600 2857 1330
622 2796 696 2858 Mar·
719 2796 750 2856 9.
780 2792 971 2879 (deipnos).

363 2937 528 3000 lohannes
566 2937 675 3000 XXII
707 2937 846 3021 deputat
880 2947 949 3003 tres
982 2946 1175 3003 caecatorea
1199 2939 1245 3002 ad
1274 2937 1520 3002 errtralreadum
1547 2937 1587 3001 de

255 3045 411 3108 manibus
445 3043 612 3108 laicorum
646 3045 683 3108 in
718 3051 810 3109 terea
845 3045 1000 3110 Gelreosr'
1035 3047 1198 3128 quasdam
1233 3045 1407 3109 novalium
1442 3045 1588 3108 decimus

257 3150 439 3233 Raynaldo
464 3151 577 3214 conciti
600 3151 756 3215 Gelreoei
785 3173 959 3216 concessas
988 3153 1034 3216 od
1063 3153 1325 3217 construendam
1349 3159 1379 3216 et
1403 3151 1588 3216 dolandam

255 3257 428 3340 quandam
451 3256 634 3321 ecelesiam.

362 3397 532 3482 [lohannes
561 3400 671 3484 XXll]
707 3401 740 3464 S.
765 3401 881 3484 Papuli
906 3401 1124 3466 Traiectensis
1153 3407 1186 3465 et
1216 3401 1403 3485 Campensis
1432 3405 1587 3464 monaste-

255 3506 372 3570 riorum
397 3506 569 3571 alrbatibus
585 3527 624 3570 ae
640 3505 764 3570 decano
781 3507 918 3571 ecclesie
935 3507 1150 3572 Embricensis
1167 3506 1277 3572 colon.
1296 3514 1327 3572 et
1345 3508 1485 3572 Traiect.
1504 3506 1586 3571 dioc.

362 3612 516 3678 Exlribita
538 3613 630 3677 nobis
654 3614 767 3697 petitio
882 3612 1043 3697 Raynaldi
1073 3613 1199 3679 comitis
1224 3614 1388 3681 Gelrcnsis
1412 3622 1443 3678 ct
1467 3613 1586 3680 Sueba·

255 3720 362 3784 nensis
395 3720 536 3783 Traieet.
573 3717 656 3783 dioc.
694 3720 889 3797 continebat,
927 3719 1013 3802 quod
1048 3721 1190 3785 nonnulli
1227 3721 1301 3786 laici
1338 3721 1449 3788 Golon.
1486 3720 1586 3786 Leod.

255 3825 426 3890 Monaster·.
456 3833 489 3889 et
513 3824 654 3890 Traiect.
680 3825 762 3892 dioc.
798 3825 953 3908 quasdam
987 3827 1147 3892 novalium
1180 3827 1323 3894 decimas
1355 3827 1438 3892 inlra
1471 3828 1588 3892 limites

255 3939 339 3996 terre
363 3931 507 3996 eiusdem
532 3933 658 3997 comitis
681 3935 948 3999 consistentium.
970 3982 976 3997 .
996 3981 1002 3996 .
1021 3931 1061 3998 dc
1086 3934 1173 3998 laeto
1199 3941 1420 4018 occuparunt.
1440 3983 1447 3998 .
1466 3983 1473 3999 .
1491 3933 1589 4016 quod-

255 4058 316 4121 que
339 4039 409 4122 ipse
433 4059 540 4104 comes
653 4041 687 4103 in
711 4039 810 4104 l‘undo
834 4041 964 4124 proprio
990 4039 1077 4105 dicte
1102 4041 1212 4106 Colon.
1238 4040 1321 4105 dioc.
1352 4040 1513 4124 quandam
1538 4061 1587 4106 ec-

255 4145 385 4210 elesiam
410 4143 452 4208 ad
477 4145 628 4210 honorem
653 4146 705 4210 dei
730 4153 762 4210 et
787 4147 976 4212 Beatissime
1000 4147 1133 4232 virginis
1152 4197 1159 4211 .
1178 4197 1184 4212 .
1204 4197 1211 4211 .
1233 4148 1273 4212 de
1297 4168 1379 4212 novo
1404 4154 1587 4214 construere

255 4257 287 4316 et
311 4251 422 4316 dotare
446 4253 604 4337 proponit.
652 4252 759 4329 Quare
783 4253 867 4317 idern
893 4275 999 4318 comcs
1023 4255 1114 4319 nobis
1140 4253 1300 4318 hunriliter
1323 4254 1528 4339 supplicavit,
1553 4263 1588 4320 ut

255 4358 316 4423 sibi
341 4357 381 4421 de
406 4359 551 4425 manibus
575 4359 728 4425 laicorum
753 4360 970 4445 predictorum
995 4360 1100 4426 dictas
1124 4360 1266 4426 decimas
1283 4360 1483 4443 extrahendi,
1501 4361 1589 4428 dum-

255 4463 349 4528 modo
383 4465 443 4530 loci
478 4465 641 4531 diocesani
675 4473 709 4530 et
744 4468 949 4532 ecclesiarum
987 4474 1154 4550 rectorum,
1190 4469 1222 4531 in
1252 4488 1384 4550 quarum
1409 4471 1588 4553 parrochiis

255 4571 435 4635 huiusmodi
460 4572 588 4638 novalia
611 4575 674 4638 sita
697 4580 781 4645 sunt.
806 4572 903 4638 adid
928 4573 1064 4639 accedat
1088 4594 1246 4656 assensus,
1272 4594 1310 4638 ac
1335 4576 1421 4659 ipsas
1445 4574 1588 4642 decimas

254 4680 286 4742 in
319 4681 611 4762 augmentationem
642 4679 727 4746 dotis
756 4680 893 4746 ecclesie
917 4679 1063 4765 predicte
1178 4680 1384 4747 convertendi
1409 4682 1587 4749 concedere

254 4787 416 4850 licentiam
444 4833 503 4851 ...
530 4786 746 4870 dignaremur,
771 4789 909 4851 maxime
934 4807 1004 4852 curn
1029 4787 1244 4854 verisimiliter
1266 4795 1476 4873 presumatur,
1502 4788 1587 4872 quod
