3642 5509
273 454 309 509 '10
765 450 833 506 1327
853 449 1030 521 September
1050 450 1091 504 ts.

379 631 499 698 Potitio
532 630 642 698 dilecti
675 631 733 697 lilii
764 630 881 699 nobilis
908 629 970 695 viri
995 628 1123 696 Gisonis
1152 628 1273 695 domini
1297 627 1339 694 de
1363 628 1525 713 Molsperg
1548 633 1602 692 tue

273 738 412 806 diocesis
440 740 533 805 nobis
561 738 707 804 exhibita
729 738 925 819 continebat,
950 735 1037 819 quod
1054 735 1129 801 olim
1154 736 1223 821 ipse
1244 734 1479 822 parrochialem
1503 734 1602 799 eecle-

272 848 353 913 siam
376 848 410 911 in
433 845 601 931 Breychen
625 844 712 910 dicte
735 843 883 926 diocesis,
917 844 949 907 in
979 863 1043 925 qua
1066 842 1108 908 ad
1136 842 1239 928 ipsum
1264 842 1313 909 ius
1337 843 1476 928 pertinet
1499 846 1603 927 patro·

273 959 377 1035 natus,
411 951 536 1018 duobus
567 951 721 1017 iratribus
753 949 949 1017 inhabilibus
979 950 1161 1016 successive
1189 956 1222 1014 et
1245 949 1372 1015 demum
1397 948 1515 1015 dilecto
1538 948 1603 1014 filio

272 1060 412 1126 Henrico
434 1065 510 1124 nato
533 1059 600 1125 suis
622 1058 739 1127 elerico
764 1056 805 1123 de
828 1057 917 1123 iacto
941 1056 1076 1123 contulit
1098 1075 1139 1121 ac
1162 1055 1284 1121 fructus
1308 1076 1348 1121 ex
1372 1056 1511 1122 ecelesia
1533 1056 1604 1142 ipsa

273 1185 401 1250 quoque
428 1166 583 1250 percepit.
636 1165 741 1243 Quare
766 1164 857 1230 nobis
880 1162 1042 1230 humiliter
1064 1161 1269 1248 supplicavit,
1302 1169 1338 1228 nt
1360 1162 1464 1249 ipsum
1488 1164 1529 1230 ab
1554 1184 1605 1229 ex·

274 1273 572 1355 communicatione,
596 1274 624 1339 si
648 1292 743 1355 quam
767 1279 939 1357 propterea
961 1272 1103 1353 incurrit,
1127 1269 1376 1337 misericorditer
1399 1270 1604 1337 absolventes

273 1378 379 1446 dictos
410 1379 534 1445 iunctus
630 1380 692 1445 sibi
720 1378 863 1462 gratiose
886 1378 1049 1443 remittere
1072 1376 1289 1461 dignaremur.
1336 1378 1404 1445 Nos
1428 1377 1603 1461 igitur...

272 1487 468 1553 fraternitati
493 1492 547 1552 tue
647 1485 846 1569 mandamus,
882 1486 1042 1569 quatinus,
1077 1486 1104 1551 si
1132 1485 1249 1552 nobilis
1277 1486 1408 1569 eiusque
1431 1486 1548 1553 fratres
1571 1494 1604 1554 et

272 1593 355 1660 tilius
377 1592 496 1680 prefati
520 1593 621 1660 libere
652 1592 831 1659 dimiserint
864 1593 1035 1659 ecclesiam
1068 1591 1286 1677 supradictam
1311 1612 1351 1659 ac
1373 1594 1406 1658 in
1429 1612 1512 1678 pace
1535 1614 1603 1680 per·

272 1702 411 1784 mittant,
436 1698 522 1783 quod
545 1708 580 1765 tn
604 1700 723 1766 dictam
748 1700 919 1766 eeclesiam
944 1719 1079 1784 persone
1101 1699 1228 1784 ydonee
1251 1700 1352 1766 libere
1376 1700 1522 1766 conferre
1543 1700 1604 1766 hac

271 1809 343 1873 vice
366 1806 488 1890 valeas,
519 1806 639 1873 nullam
666 1826 762 1893 super
791 1807 853 1873 hoe
882 1806 943 1873 tibi
967 1806 1019 1871 vel
1042 1806 1083 1887 ei,
1116 1805 1168 1871 eui
1192 1805 1280 1871 illam
1303 1807 1483 1889 contuleris,
1508 1808 1603 1873 mole·

272 1915 367 1981 stiam
391 1913 576 1998 ingerendo,
610 1921 644 1979 tn
677 1913 813 1992 eundem
843 1913 981 1979 nobilem
1005 1913 1047 1978 ab
1071 1913 1411 1980 excommunicationis
1445 1914 1604 1981 sententia

351 2019 519 2087 absolvere
541 2020 672 2087 studeas
774 2019 939 2106 predictos
966 2018 1090 2085 fructus
1118 2020 1179 2085 sibi
1204 2018 1245 2084 de
1268 2020 1402 2105 speciali
1426 2022 1534 2106 gratia
1555 2042 1603 2088 re·

272 2126 440 2194 mittendo.
487 2127 563 2192 Dat.
579 2126 674 2192 Aviu.
692 2126 765 2192 idus
787 2126 978 2212 septembris
1000 2147 1031 2191 a.
1056 2125 1257 2192 duodecimo.

423 2248 497 2318 Rep.
517 2244 595 2317 ss-f.
615 2245 681 2302 299‘
699 2262 748 2301 ur.
767 2248 843 2311 ese,-
872 2248 925 2303 Rz.
945 2245 1010 2301 907.

380 2486 501 2554 12⁷8.
536 2490 622 2554 1327
646 2488 839 2573 September
857 2491 908 2554 13.
933 2487 1097 2575 Aoipaotu.

377 2632 546 2698 Iohannes
562 2632 674 2697 XXII
691 2633 940 2717 archiepiscopo
957 2634 1152 2698 lla-encrensi
1172 2634 1324 2713 maudut,
1348 2634 1509 2717 quatinus
1529 2654 1605 2698 curu

271 2740 421 2805 Iohanne
445 2740 486 2804 de
512 2735 723 2825 Confluentis
739 2741 929 2824 presbitero
955 2741 1123 2825 dispenset
1146 2762 1250 2825 saper
1272 2740 1535 2826 irrepalaudtute.

379 2884 552 2969 [lohannes
575 2884 686 2969 XXII]
710 2884 952 2970 archiepiscopo
977 2886 1177 2952 Treverensi.

379 2992 503 3057 Peticio
526 3011 584 3076 pro
607 2999 701 3077 parte
724 2989 833 3059 dilecti
867 2991 924 3057 tilii
950 2991 1101 3058 lobannis
1133 2991 1175 3057 de
1203 2991 1403 3059 Continentia
1435 2992 1602 3077 presbiteri

273 3098 406 3163 Trever.
430 3096 514 3163 dioc.
539 3098 632 3163 nobis
654 3118 756 3184 nuper
779 3096 925 3164 exhibita
949 3098 1144 3181 continebat,
1169 3098 1265 3181 quod,
1296 3119 1366 3165 curn
1390 3100 1461 3185 ipse
1484 3098 1603 3165 dudum

273 3204 460 3289 capellanus
482 3206 646 3271 existens.
661 3253 668 3269 .
683 3204 820 3271 nobilis
842 3202 984 3271 mulieris
1008 3200 1114 3271 lsulde
1139 3202 1180 3270 de
1197 3202 1400 3289 Bruensberg
1416 3204 1503 3271 dicte
1519 3204 1603 3271 dioc.

272 3310 401 3378 diversa
423 3312 508 3377 bona
531 3310 672 3378 eiusdem
692 3310 798 3378 lsalde
821 3313 853 3377 in
876 3331 936 3378 sua
960 3310 1106 3377 costodia
1129 3330 1185 3379 sen
1205 3313 1437 3395 gubernatione
1461 3312 1603 3387 baberet,

272 3417 410 3501 quedam
443 3421 606 3501 quantitas
635 3418 721 3486 bladi
745 3420 830 3485 sicut
846 3420 880 3501 (l)
904 3418 966 3484 fuit
990 3418 1108 3485 furtive
1131 3420 1306 3503 subtracta,
1341 3439 1476 3502 cumque
1500 3419 1605 3485 buius·

272 3522 359 3589 modi
392 3523 510 3589 furtum
543 3525 670 3591 cuidam
703 3525 822 3591 famulo
845 3524 961 3592 fnisset
984 3526 1168 3611 impositum
1191 3531 1224 3591 et
1247 3525 1288 3591 de
1312 3526 1373 3592 hoc
1395 3546 1499 3592 sermo
1523 3527 1606 3591 inter

273 3628 467 3696 domesticos
495 3630 678 3716 haberetur,
713 3630 800 3697 idem
830 3632 988 3717 presbiter
1019 3652 1058 3697 ex
1089 3631 1150 3698 hoc
1174 3633 1330 3709 turbatus,
1366 3633 1442 3715 qnia
1465 3633 1605 3718 suspicio

272 3734 453 3803 habebatur
484 3743 561 3803 tunc
592 3737 633 3803 de
666 3758 714 3821 eo,
751 3737 836 3820 quod
869 3737 939 3822 ipse
972 3736 1102 3805 bladum
1123 3737 1315 3805 'huiusmodi
1344 3739 1518 3807 alienasset
1547 3760 1604 3807 seu

273 3844 494 3927 subtraxisset,
527 3844 619 3910 iussit
651 3843 788 3911 eundem
819 3845 973 3911 famulum
997 3847 1173 3911 examinari
1207 3866 1264 3931 per
1288 3845 1443 3929 quosdam
1467 3845 1604 3913 famulos

272 3952 342 4018 sive
364 3951 541 4018 servientes
563 3951 676 4018 domus
699 3952 815 4019 nobilis
839 3952 996 4037 prelibata
1020 3960 1053 4018 et
1077 3954 1105 4019 ei
1130 3960 1284 4020 terrorem
1307 3954 1419 4036 incuti,
1442 3961 1479 4019 ut
1501 3954 1543 4020 ab
1566 3973 1605 4020 eo

273 4058 347 4127 elici
369 4065 479 4143 posset
501 4059 621 4125 veritas
643 4058 825 4127 huiusmodi
847 4059 940 4143 facti,
964 4067 998 4127 et
1020 4057 1107 4144 qnod
1130 4077 1202 4126 enm
1227 4060 1414 4127 balnearent
1437 4060 1605 4127 dnmmat

274 4165 397 4249 absque
425 4165 490 4231 alia
522 4166 652 4249 lesione,
686 4173 719 4232 et
752 4165 836 4251 quod
870 4165 949 4233 dicti
974 4168 1160 4250 servientes,
1196 4168 1271 4250 quia
1294 4168 1355 4251 ipsi
1380 4168 1605 4234 commiserunt

273 4272 395 4339 dietum
418 4272 536 4338 furtum
560 4280 592 4338 et
616 4270 722 4339 dictus
744 4273 892 4357 famulus,
917 4274 968 4339 cui
992 4272 1072 4339 illud
1095 4274 1278 4359 impositum
1302 4274 1417 4357 fuerat,
1440 4273 1503 4341 boc
1526 4274 1605 4342 scie-

273 4379 341 4461 bat,
373 4376 559 4445 mandatnm
592 4378 772 4447 huiusmodi
805 4377 1010 4464 excedentes,
1043 4400 1084 4446 ne
1115 4386 1345 4447 accusarentur
1369 4400 1428 4467 por
1449 4380 1604 4447 famulum

273 4492 491 4568 memoratum,
521 4484 657 4552 eundem
681 4486 832 4553 famulum
856 4488 985 4573 penitus
1012 4488 1259 4569 submerserunt,
1288 4489 1335 4553 ita
1358 4487 1444 4572 quod
1468 4507 1509 4554 ex
1533 4486 1604 4555 snb-

273 4594 430 4659 mersione
453 4592 634 4659 huiusmodi
657 4595 764 4659 extitit
787 4594 1007 4680 interemptus,
1036 4600 1069 4660 et
1092 4593 1177 4678 quod
1201 4594 1308 4661 dictus
1331 4596 1499 4680 presbiter,
1533 4614 1604 4661 cum

274 4698 336 4767 boe
368 4700 411 4765 ad
443 4700 511 4766 eins
542 4702 688 4787 pervenit
720 4698 883 4785 noticiam,
917 4700 1019 4768 doluit
1043 4702 1259 4784 vehementer,
1288 4721 1349 4768 nec
1373 4703 1443 4787 ipse
1466 4700 1548 4770 alias
1571 4701 1604 4767 in

275 4806 364 4874 dicto
388 4806 500 4874 famuli
523 4815 656 4873 mortem
681 4805 772 4875 dedit
794 4807 946 4874 auxilinm
973 4809 1138 4875 corrsilium
1161 4808 1213 4874 vel
1237 4808 1388 4875 lavorcrn.
1421 4808 1528 4887 Quare
1548 4830 1605 4894 pro
