3642 5509
304 400 357 456 tat
819 399 888 454 1339
907 399 1079 456 November
1099 399 1141 454 16.

304 582 415 648 scribit
434 601 530 666 snper
542 581 731 646 executione
747 586 949 660 statutorum,
963 601 1024 663 qne
1041 601 1126 666 papa
1142 577 1185 644 ad
1197 577 1434 644 reformandam
1450 577 1642 662 religionem

305 687 529 753 canonicorum
562 687 754 769 regularium
787 686 855 751 ord.
880 687 914 752 S.
939 687 1075 771 August.
1110 687 1235 751 noviter
1258 683 1375 768 edidit;
1405 691 1582 751 convocent
1605 683 1642 748 in

305 795 486 860 Coloniensi
509 794 697 878 Magnntina
722 803 754 859 et
777 795 968 860 Trevercnsi
997 794 1180 880 provinciis,
1213 813 1293 876 quas
1322 795 1391 879 ipse
1420 792 1526 876 quoad
1556 792 1643 857 banc

304 922 369 967 rem
394 923 451 988 pro
475 922 539 967 una
563 902 630 967 vult
652 903 794 987 reputari
819 903 995 987 provincia,
1021 901 1196 986 capitulum
1220 902 1372 967 abbatum
1401 902 1541 987 priorum
1564 907 1642 982 etc,

305 1008 390 1092 quod
415 1010 505 1075 iuxta
528 1009 640 1074 eadem
664 1016 786 1076 statuta
810 1009 850 1076 de
875 1008 1084 1092 quadriennio
1109 1007 1151 1074 ad
1168 1007 1409 1091 quadriennium
1434 1009 1505 1072 lieri
1530 1007 1642 1074 debet.

411 1117 550 1183 Paterno
574 1115 843 1183 consideracionis
866 1117 1046 1182 aciem...
1094 1117 1167 1181 Dat.
1186 1117 1279 1184 Avin.
1304 1115 1349 1180 kl.
1373 1116 1440 1181 inlii
1464 1137 1494 1180 a.
1519 1114 1642 1198 quinto.

467 1245 540 1312 Req.
561 1242 615 1298 127
633 1258 681 1296 nr.
701 1246 736 1297 11
741 1264 750 1308 ;
771 1243 823 1297 Ra.
842 1242 928 1298 2043.

415 1517 544 1583 23⁰⁷.
571 1519 657 1583 1339
682 1520 868 1584 November
893 1521 945 1583 16.
972 1519 1105 1598 (Metal)

410 1669 490 1734 Item
524 1689 607 1734 anno
640 1667 760 1735 domiui
783 1667 1096 1734 MOCOXXXVIIII
1128 1666 1180 1733 die
1204 1666 1282 1732 XVI
1306 1668 1422 1732 mensis
1455 1663 1642 1730 novembris

304 1775 502 1860 computavit
537 1774 683 1842 dominus
722 1776 922 1861 primicerius
960 1775 1112 1841 Metensis
1151 1774 1386 1859 [subcollector]
1430 1772 1470 1838 de
1508 1771 1642 1837 summis

303 1885 508 1968 pecuniarum
533 1884 715 1968 receptisa
745 1883 888 1967 pluribus
913 1882 1079 1948 beneficiis
1103 1881 1311 1948 Trevcrensis
1335 1889 1367 1947 et
1391 1880 1542 1946 Metcnsis
1573 1876 1642 1942 dio·

303 2009 439 2058 cesrum:

410 2098 517 2164 Primo
540 2118 598 2182 pro
621 2098 823 2183 prepositura
846 2097 881 2163 S.
906 2097 1031 2162 Paulini
1056 2096 1264 2163 Treverensis
1291 2093 1513 2162 detractibus
1544 2094 1641 2179 primi

303 2205 389 2270 anni.
436 2204 498 2283 Qui
531 2206 711 2290 prepositus
744 2205 922 2289 composuit
953 2206 983 2269 in
1010 2204 1135 2269 LXXX
1160 2204 1231 2268 flor.
1256 2202 1419 2269 solvendis
1452 2202 1547 2268 certis
1575 2209 1641 2267 ter·

303 2313 406 2379 minis.
453 2312 558 2378 Solvit
580 2331 639 2396 per
661 2332 790 2377 manum
813 2310 892 2377 dicti
917 2311 1090 2396 primicerii
1115 2309 1218 2377 dictos

986 2417 1115 2483 LXXX
1139 2417 1210 2482 flor.
1236 2419 1302 2482 anri
1327 2414 1639 2501 magnipenderis1.

496 2525 576 2590 Item
601 2526 642 2590 ab
666 2525 937 2610 archipresbitero
961 2523 1002 2591 de
1026 2525 1059 2590 S.
1085 2525 1216 2590 Arnuali
1240 2544 1297 2609 pro
1321 2523 1416 2589 restis
1439 2522 1572 2588 subsidii

1259 2632 1321 2696 Vll
1345 2630 1415 2697 libr.
1442 2631 1512 2712 11ss
1534 2636 1638 2696 turon.

455 2756 548 2812 Ratio
567 2754 691 2811 reddita
710 2774 730 2811 a
749 2757 885 2811 Iohanne
908 2753 1012 2826 Operti
1041 2755 1155 2809 decano
1174 2753 1320 2809 Betneasc’
1343 2755 1497 2809 collectore
1521 2769 1639 2808 camere

455 2844 617 2916 apostolice
635 2844 670 2899 irc
688 2843 853 2916 provincia
876 2846 994 2899 lbever.
1014 2874 1046 2884 -
1069 2841 1317 2900 Collectoriaram
1336 2845 1355 2896 t.
1377 2844 1458 2913 135f.
1479 2845 1518 2898 83
1536 2846 1563 2897 et
1583 2845 1623 2897 84
1628 2859 1641 2909 ,·

452 2933 565 2990 Kiracb
579 2949 633 3005 pq.
656 2937 710 2989 148
727 2937 755 2989 et
775 2936 835 2990 150.

408 3225 539 3291 2368.
566 3226 652 3290 1339
675 3226 859 3291 December
885 3227 938 3290 11.
963 3223 1127 3311 Aniqaoo.

409 3366 603 3433 Benedictus
626 3367 695 3431 XII
719 3369 871 3453 episcopo
895 3367 1029 3433 Meteusi
1053 3367 1195 3450 mandat,
1224 3369 1373 3450 quatinus
1397 3387 1469 3432 curn
1494 3365 1638 3432 Iohanne

302 3474 389 3541 dicto
420 3476 563 3559 Proveys
595 3473 636 3539 de
666 3473 859 3541 Andemaco
895 3483 929 3540 ct
958 3475 1121 3540 Christina
1153 3473 1194 3539 de
1241 3475 1349 3540 Tbure
1377 3475 1508 3540 Trever.
1542 3473 1637 3557 dioc,

301 3584 355 3666 qui
379 3584 573 3667 ignorantes,
607 3580 693 3665 quod
727 3580 811 3647 idem
836 3582 996 3648 Iohannes
1029 3590 1062 3648 et
1085 3582 1245 3665 quondam
1270 3581 1483 3648 Walthelinns
1515 3583 1636 3666 primus

302 3690 441 3756 Oristine
464 3689 597 3755 maritus
621 3696 735 3773 quarto
759 3697 791 3755 ct
815 3692 909 3756 tertio
927 3691 1214 3774 consanguinitatis
1237 3689 1393 3772 gradibus
1414 3690 1475 3755 sibi
1499 3688 1635 3754 invicem

301 3797 490 3881 attinebant,
507 3798 741 3862 matrimonium
758 3817 815 3882 per
831 3798 930 3862 verba
947 3796 987 3862 dc
1001 3797 1141 3881 presenti
1155 3802 1382 3862 contraxerunt
1398 3817 1436 3861 sc
1450 3795 1491 3862 de
1503 3795 1637 3862 licentia

300 3903 455 3971 officialis
479 3903 657 3971 Baldewini
682 3905 916 3991 archiepiscopi
941 3905 1149 3970 Trcverensis
1179 3904 1211 3968 in
1240 3903 1326 3969 dicto
1351 3903 1421 3969 loco
1450 3903 1491 3969 dc
1515 3903 1639 3968 Ander-

300 4029 381 4076 nacn
414 4011 659 4094 solenninarunt,
693 4012 852 4094 quatinus,
885 4012 913 4076 si
947 4017 994 4077 est
1030 4011 1076 4076 ita
1112 4018 1145 4076 ct
1177 4008 1282 4077 dictus
1315 4009 1474 4077 Iohannes
1506 4017 1638 4096 propter

300 4117 520 4184 adherentiam
533 4116 692 4184 Ludovici
703 4117 744 4183 de
757 4118 897 4182 Bavaria
908 4137 966 4184 seu
980 4115 1160 4183 Baldevvini
1173 4117 1409 4203 archiepiscopi
1426 4119 1639 4184 excommuni-

301 4230 392 4291 catus
424 4246 488 4292 non
521 4227 648 4307 existat,
682 4223 857 4310 dispenset,
892 4223 977 4308 quod
1002 4227 1125 4309 possint
1148 4225 1180 4289 in
1204 4223 1292 4290 dicto
1316 4225 1518 4292 matrimonio
1549 4227 1639 4292 licite

413 4429 438 4493 1)
458 4429 540 4484 Bene
562 4429 733 4485 notandum
756 4431 807 4498 est,
835 4428 915 4485 trater
940 4429 1099 4500 plurimas
1123 4444 1262 4484 sommas
1287 4427 1321 4484 trs
1345 4427 1475 4484 Metensi
1500 4429 1637 4485 Tallenai

300 4520 328 4572 et
352 4516 540 4573 Vtrdurrensc’
558 4517 728 4574 diocesr'bna
746 4537 766 4574 c
785 4517 964 4588 supradicto
984 4521 1137 4574 collectore
1157 4521 1298 4588 receptas
1316 4517 1411 4574 anais
1430 4520 1506 4572 1338
1524 4521 1551 4572 et
1562 4519 1639 4574 1339

301 4606 388 4662 illam
394 4606 535 4677 patorem
549 4605 651 4678 scisse
665 4605 790 4663 unicam
803 4609 841 4664 ab
859 4609 963 4663 eodem
976 4606 1009 4662 in
1024 4609 1140 4663 Trever.
1155 4606 1231 4665 dioc.
1246 4609 1398 4679 receptam
1418 4637 1449 4648 ·-
1470 4622 1503 4662 eo
1522 4606 1638 4679 qnippe

301 4700 442 4767 tempore,
462 4713 523 4769 quo
540 4695 790 4767 archiepiscopus
812 4698 930 4754 Trecer.
950 4715 969 4752 a
987 4696 1076 4754 curta
1091 4697 1205 4769 papali
1224 4701 1386 4768 reputatus
1405 4699 1449 4752 est
1467 4711 1638 4752 excommu-

299 4785 422 4842 m'cotua
440 4802 609 4857 suspensas
626 4788 679 4841 etc.
699 4788 750 4841 etc.
