3642 5509
763 467 834 524 1329
852 466 935 524 Mar-z
954 469 979 524 7.

301 685 426 750 1688.
460 687 546 750 1329
571 684 669 751 Mb'rz
695 688 723 750 7.
760 685 925 772 Aaiqnon.

303 827 464 894 Iohannes
491 828 589 893 XXII
613 828 749 894 Iohanni
774 827 815 894 de
839 828 982 894 Moureal
1007 829 1161 895 canonico
1187 828 1323 895 ecclesie
1347 829 1530 894 Monasterii

197 935 230 1000 ln
254 934 437 1020 Meynevelt
460 935 593 1001 Trever.
626 934 709 1001 dioc.
743 942 887 1002 reservat
920 936 952 1000 in
982 934 1071 1001 dicta
1102 935 1242 1002 ecclesia
1265 935 1456 1019 dignitatern
1481 937 1531 1001 vel

197 1050 402 1126 personatum
425 1061 481 1108 seu
505 1041 644 1108 officium
668 1049 724 1108 aut
748 1041 936 1108 beneficium
961 1042 1215 1109 ecclesiasticum
1240 1041 1456 1109 obedientiam
1480 1043 1532 1110 vel

198 1148 438 1234 prestimonium
472 1155 528 1214 aul
561 1150 675 1215 curtim
708 1157 924 1234 nuncupatum
959 1171 1030 1217 cum
1065 1172 1142 1216 cura
1165 1151 1217 1218 uel
1245 1152 1314 1217 sine
1347 1171 1433 1234 cura,
1468 1171 1532 1216 non

198 1256 347 1322 obstante
380 1255 467 1339 qnod
502 1257 534 1322 in
571 1257 685 1322 eadem
721 1256 859 1322 ecclesia
894 1265 927 1322 et
960 1258 993 1323 S.
1016 1259 1137 1324 Florini
1165 1260 1198 1323 in
1222 1257 1421 1324 Continentia
1446 1257 1532 1324 dicte

198 1362 283 1429 dioc.
307 1364 452 1430 ecclesiis
469 1365 528 1430 sub
545 1365 771 1450 expectatione
794 1364 1030 1449 prebendarum
1050 1367 1083 1430 in
1100 1367 1288 1431 canonicum
1312 1374 1361 1430 est
1384 1371 1532 1451 receptus

198 1479 231 1536 et
254 1493 274 1537 a
298 1471 438 1556 capitulo
471 1467 558 1537 dicte
591 1471 728 1538 ecclesie
752 1471 786 1537 S.
811 1471 941 1555 Florini,
977 1492 1142 1556 quousque
1172 1472 1214 1539 de
1242 1472 1407 1559 prebenda
1436 1473 1531 1539 fuerit

198 1577 303 1644 eidem
338 1579 512 1664 provisum,
549 1585 669 1646 certam
704 1578 843 1663 percipit
877 1600 1014 1646 annuam
1050 1580 1236 1665 pensionem
1271 1587 1304 1646 et
1336 1579 1423 1664 quod
1457 1600 1530 1664 par·

198 1684 371 1752 rochialem
395 1686 564 1752 ecclesiam
588 1687 620 1752 in
646 1682 798 1754 Orenmffi
823 1686 909 1753 dicte
934 1685 1018 1752 dioc.
1043 1686 1176 1752 obtinet.

305 1793 524 1878 suffragantia
549 1795 607 1860 tibi
630 1797 745 1861 merita
770 1845 776 1861 .
805 1845 813 1862 .
839 1844 847 1860 .
894 1795 971 1861 Dat.
995 1795 1091 1860 Avin.
1115 1815 1216 1861 nonas
1239 1797 1344 1860 martii
1369 1816 1398 1864 a.
1423 1795 1531 1860 tertio·

198 1899 333 1966 decimo.

305 2009 341 2073 ln
365 2027 394 2074 a.
416 2029 457 2073 m.
493 2007 606 2073 abbati
630 2008 814 2073 monasterii
844 2006 885 2072 de
915 2006 1004 2072 Lacu
1031 2007 1161 2072 Trever.
1186 2005 1269 2072 dioc.
1295 2011 1327 2071 et
1350 2005 1473 2071 decano
1497 2005 1531 2072 S.

199 2114 331 2200 Georgii
357 2113 466 2180 Oolon.
493 2135 532 2181 ac
556 2114 672 2180 Bosolo
697 2112 739 2180 de
761 2114 879 2180 Parma
903 2113 1058 2180 canonico
1081 2113 1295 2180 Tomacensis
1323 2113 1402 2179 eccl.
1428 2112 1533 2198 capel·

198 2222 272 2288 lano
297 2222 418 2308 papali.

359 2347 431 2418 Ray.
451 2347 488 2402 91
504 2347 529 2418 f.
549 2346 607 2402 122
625 2362 672 2401 nr.
692 2346 778 2401 2347.

302 2629 446 2695 ’911289Ι
480 2632 566 2694 1329
590 2631 687 2694 Mltrz
710 2631 741 2693 9.
767 2627 932 2716 Aoipnon.

305 2771 465 2838 Iohannes
487 2772 587 2837 XXII
621 2771 866 2857 archiepiscopo
891 2773 1081 2838 Treverensi
1114 2770 1257 2853 mandat,
1292 2769 1442 2853 quatinus
1469 2792 1532 2837 mo·

198 2880 339 2946 nasterio
363 2879 397 2944 S.
416 2877 613 2945 Willibrordi
637 2878 882 2964 Epternacensi‚
908 2880 998 2944 cuius
1020 2878 1177 2960 redditus,
1203 2885 1237 2942 ut
1261 2884 1409 2944 asserunt
1431 2878 1533 2944 abbas

198 2992 232 3051 et
260 2994 447 3068 conventus,
482 2985 564 3050 adeo
599 2991 673 3052 sunt
706 2991 819 3052 tenues
853 2991 886 3050 et
919 2987 1031 3068 exiles,
1067 2985 1153 3068 quod
1177 2985 1278 3051 abhas
1302 2991 1334 3050 et
1358 2990 1533 3050 conventus

197 3098 424 3176 nequeuntes
449 3093 496 3158 eis
526 3093 693 3158 commode
726 3093 899 3158 sustentari
929 3113 969 3159 ac
993 3099 1103 3159 tenere
1127 3092 1381 3178 hospitalitatem
1405 3091 1532 3158 solitam

197 3206 231 3265 et
264 3199 482 3266 incumbentia
518 3201 564 3265 eis
600 3219 697 3265 onera
731 3208 933 3285 supportare,
969 3201 1150 3284 incorporet
1180 3205 1351 3264 connectat
1380 3206 1413 3263 et
1441 3199 1533 3264 unlat

198 3307 416 3393 parrochiales
440 3306 596 3372 ecclesias
619 3304 660 3371 de
684 3307 868 3391 Epternaco
893 3315 926 3372 et
950 3305 991 3372 dc
1016 3307 1133 3373 Cronia
1157 3307 1289 3371 Trever.
1314 3305 1410 3386 dioc,
1434 3324 1532 3371 reser-

198 3414 284 3480 vatis
316 3421 423 3479 tamen
453 3413 495 3480 de
523 3414 721 3498 singularum
753 3415 959 3479 ecclesiarum
985 3415 1192 3499 proventibus
1215 3413 1379 3498 perpetuis
1403 3412 1533 3478 vicariis

199 3541 341 3605 congrua
375 3521 531 3606 portione,
568 3519 609 3587 de
642 3541 706 3604 qna
739 3522 862 3605 possint
891 3521 1057 3587 commode
1080 3520 1252 3587 sustentari
1277 3528 1310 3585 et
1334 3519 1532 3605 episcopalia

197 3627 269 3694 iura
292 3628 417 3694 solvere
441 3628 568 3711 aliaque
592 3628 652 3694 sibi
676 3628 894 3694 incumbentia
918 3648 1016 3693 onera
1039 3634 1237 3713 supportare.

305 3736 363 3801 Pie
395 3736 583 3802 intentionis
616 3735 766 3801 affectu.
796 3783 803 3800 .
829 3784 837 3800 .
885 3736 960 3799 Dat.
985 3734 1079 3800 Avin.
1107 3735 1168 3800 VlI
1191 3733 1263 3800 idus
1286 3735 1391 3799 martii
1415 3755 1446 3800 a.
1471 3739 1532 3799 ter·

198 3841 382 3908 tiodecimo.

347 3968 419 4038 Ray.
440 3967 479 4021 92
495 3967 521 4037 f,
542 3968 608 4023 2131
626 3983 673 4022 nr.
692 3969 788 4034 aas&
824 3967 932 4038 Bepar,
950 3963 1144 4021 Mitielrhcin.
1170 3966 1338 4021 Ura-Buca
1357 3967 1438 4020 Inr.
1459 3966 1524 4020 168.

305 4255 446 4321 *loco
472 4259 559 4322 1329
584 4259 683 4322 orma
705 4259 737 4321 9.
763 4256 927 4344 Aoipnon.

308 4401 474 4466 Iohannes
497 4401 608 4465 XXII
627 4361 877 4486 archiepiscopo
896 4400 1086 4467 Coloniensi
1108 4401 1261 4481 mundat,
1286 4401 1444 4484 quatinus
1467 4420 1534 4483 nuo·

196 4509 346 4574 nusterab
371 4508 407 4574 S.
432 4507 576 4573 Martini
602 4507 792 4574 Coloniensi
814 4509 1006 4592 incorporet
1030 4509 1203 4573 ecclesium
1221 4506 1473 4592 parrochialem
1497 4508 1534 4571 in

196 4613 352 4680 Flitiarcl
375 4636 451 4681 cum
474 4615 645 4700 capellula
669 4617 707 4680 in
731 4615 939 4701 Stoinlrepm.

304 4723 477 4824 [lohannes
503 4739 614 4823 XXII]
639 4739 883 4825 archiepiscopo
908 4739 1105 4805 ColonIensi.

307 4845 367 4913 Pia
391 4854 468 4914 rota
490 4866 696 4931 personarum
724 4894 732 4912 .
762 4897 768 4910 .
800 4895 807 4912 .
855 4846 1008 4913 Porrecte
1030 4845 1188 4930 siquidem
1212 4846 1304 4913 uobis
1327 4853 1462 4933 exparte
1486 4845 1533 4910 uli·
