3642 5509
274 507 327 565 aar
844 507 1081 580 1aeoopnrar.

380 706 498 772 18⁹1.
528 707 616 772 1330
643 704 745 791 April
765 708 818 771 24.
847 705 1015 792 Aoipaorr.

381 849 541 915 Iohannes
563 848 662 913 XXII
699 849 870 913 scolastico
902 855 936 913 et
959 846 1084 913 custodi
1110 847 1347 914 Wetslariensis
1371 849 1450 914 eccl.
1475 849 1607 914 Trever.

131 950 143 966 ⁸
274 956 358 1022 dioc.
375 976 415 1021 ac
430 957 570 1021 Heanco
591 955 633 1019 dc
650 955 772 1020 luliaco
796 955 953 1020 canonico
970 954 1112 1020 Traiect.
1129 955 1208 1020 eccl.
1226 954 1369 1038 mandat,
1394 957 1544 1038 quatinus
1560 957 1608 1020 Io-

274 1064 411 1128 hannem
434 1069 543 1127 natum
561 1061 701 1126 Berwini
725 1058 766 1126 de
783 1060 976 1126 Mannendal
1001 1061 1152 1125 clericum
1170 1061 1301 1126 Trever.
1319 1059 1403 1127 dioc.
1428 1063 1607 1147 cupientem

274 1171 306 1235 In
329 1167 524 1235 monasterio
547 1169 580 1232 in
603 1168 728 1251 'l'oleya
751 1166 819 1232 ord.
844 1166 877 1232 S.
902 1166 1023 1233 Bened.
1041 1167 1173 1232 'I'reven
1198 1167 1281 1233 dioc.
1307 1189 1370 1234 una
1394 1189 1466 1234 oum
1489 1169 1607 1235 abbate

274 1283 307 1342 et
331 1283 490 1342 conventu
520 1274 648 1339 domino
676 1274 838 1357 famulari,
872 1274 900 1340 si
925 1275 966 1340 sit
988 1273 1135 1359 ydoneus
1159 1282 1191 1340 ct
1215 1275 1302 1340 aliud
1332 1278 1521 1341 canomcum
1544 1297 1606 1341 non

273 1385 420 1465 obsistat,
444 1384 476 1449 in
500 1379 588 1446 dicto
611 1381 805 1447 monasterio
827 1381 930 1466 recipi
955 1381 1076 1446 iaciant
1100 1381 1131 1445 in
1156 1381 1358 1448 monachum.

380 1488 590 1575 cupientibus
623 1489 722 1553 vitam
755 1487 873 1554 ducere
903 1537 911 1553 .
937 1539 945 1554 .
971 1537 978 1553 .
1037 1486 1125 1571 [Dat.
1158 1489 1253 1554 Avin.
1278 1489 1357 1554 VIII
1391 1489 1436 1556 kl.
1470 1487 1546 1554 maii
1576 1511 1606 1554 a.

273 1593 537 1680 quartodecimo]

432 1722 506 1790 Ray.
524 1721 562 1773 95
581 1736 629 1773 nr.
648 1721 711 1773 518.

378 1981 501 2047 1892.
533 1983 622 2046 1330
643 1980 746 2065 April
769 1981 822 2044 24.
847 1978 1013 2066 Avipaoa.

380 2124 539 2189 Iohannes
561 2123 660 2188 XXII
696 2121 845 2206 Reynero
879 2129 955 2187 nato
988 2122 1162 2188 Giselberti
1193 2122 1234 2188 de
1264 2122 1466 2207 Smedeburg
1497 2122 1606 2189 militis

273 2230 391 2296 clerico
407 2230 594 2312 Maguntino
618 2235 762 2294 reservat
786 2227 973 2293 beneficium
998 2229 1249 2295 ecclesiasticum
1275 2250 1346 2295 cum
1371 2249 1449 2295 cura
1466 2230 1516 2295 vel
1537 2231 1605 2295 sinc

272 2357 359 2419 cura,
384 2337 474 2401 cuius
489 2336 624 2419 fructus,
648 2336 676 2400 si
695 2343 848 2415 curatum,
866 2336 981 2418 vtginti
999 2338 1148 2419 quinque,
1172 2337 1199 2402 si
1217 2357 1293 2401 vero
1309 2337 1378 2402 sine
1399 2356 1477 2402 cura
1500 2335 1605 2419 fuerit,

271 2443 453 2527 quindecim
475 2442 678 2508 marcharum
707 2444 831 2526 argenti
856 2443 997 2508 valorem
1023 2462 1162 2507 annuum
1186 2464 1248 2508 non
1273 2442 1444 2524 excedant,
1475 2441 1517 2508 ad
1541 2441 1605 2508 dis-

270 2552 460 2636 positionem
494 2550 646 2635 prepositi
681 2549 796 2614 dccani
826 2555 858 2613 et
888 2549 1022 2634 capituli
1048 2548 1125 2615 eccl.
1150 2550 1295 2634 Magunt.
1319 2551 1529 2615 communiter
1553 2550 1603 2617 vel

270 2655 397 2722 divisim
420 2655 595 2743 pertinens.

376 2763 538 2832 Nobilitas
561 2762 700 2846 generis,
726 2763 792 2828 vite
817 2809 825 2826 .
851 2811 859 2826 .
885 2811 892 2826 .
940 2764 1016 2828 Dat.
1042 2764 1134 2829 Ario.
1160 2763 1240 2828 VIII
1265 2762 1310 2827 kl.
1335 2763 1412 2828 maii
1437 2784 1467 2828 a.
1492 2763 1603 2828 XIIII.

376 2872 413 2935 In
436 2891 464 2936 e.
482 2892 523 2935 m.
547 2870 657 2936 abbati
682 2869 716 2934 S.
741 2868 869 2934 Martini
894 2871 928 2933 in
953 2869 1139 2954 Spainlreim
1164 2877 1197 2935 et
1221 2871 1384 2955 preposito
1409 2870 1442 2936 S.
1463 2869 1604 2936 Ciuisto·

268 2978 331 3043 fori
363 2979 396 3041 in
429 2977 692 3061 Ravingersburg
726 2978 988 3042 monasteriorum
1020 2977 1165 3060 Magunt.
1200 2975 1283 3043 dioc.
1317 2997 1356 3042 ac
1389 2976 1528 3042 Henrico
1562 2976 1603 3042 de

268 3086 391 3152 luliaco
415 3085 570 3150 canonico
595 3084 736 3149 Traiect.

422 3209 494 3278 Rep.
513 3208 550 3262 95
569 3223 617 3262 nr.
636 3209 701 3262 324.

372 3472 495 3539 1898.
532 3474 621 3538 1330
642 3472 744 3558 April
772 3473 826 3537 28.
850 3471 1017 3559 Aoipoora.

373 3615 533 3680 Iohannes
558 3613 657 3679 XXII
691 3614 840 3679 Barnabe
868 3616 1022 3699 magistro
1050 3613 1171 3681 ordinIs
1199 3614 1332 3680 fratrum
1357 3613 1599 3680 Predicatorum

266 3729 299 3787 et
322 3719 548 3786 diffinItoribus
571 3720 703 3806 capituli
733 3721 895 3804 gener-alis
923 3721 1066 3786 eiusdcm
1097 3719 1218 3787 ordinis
1241 3722 1373 3788 Colonie
1397 3723 1429 3785 in
1455 3723 1599 3807 proximo

266 3826 449 3894 celebrandi
480 3826 621 3892 destinat
651 3827 775 3894 Iltteras
806 3833 984 3894 tractantes
1019 3828 1060 3892 de
1084 3827 1219 3894 diversis
1243 3827 1387 3894 eiusdem
1411 3828 1531 3893 ordinis
1554 3829 1597 3892 in·

266 3936 366 4000 tornis
388 3933 536 4018 negotiis.

372 4042 443 4106 Etsi
467 4060 580 4126 pacem
604 4042 712 4107 velut.
731 4090 764 4106 ..
813 4043 887 4107 Dat.
909 4043 1004 4108 Avin.
1030 4044 1096 4108 llll
1121 4042 1165 4108 kl.
1190 4043 1265 4108 maii
1289 4065 1319 4109 a.
1345 4041 1598 4126 quartodecimo.

427 4166 499 4234 Bcp.
519 4168 574 4219 115
590 4181 640 4234 ps.
659 4167 691 4220 ΙΙ
704 4166 730 4235 f.
750 4167 805 4219 167
825 4181 872 4221 nr.
892 4167 975 4219 1948.

372 4424 494 4491 1894.
536 4427 624 4491 1330
646 4425 721 4490 Mai
743 4429 775 4491 3.
801 4423 967 4513 Avipoorr.

371 4549 532 4615 lohannes
544 4550 642 4615 XXII
667 4549 868 4616 Godescalco
885 4551 1015 4615 chrici
1041 4549 1082 4615 do
1107 4551 1214 4617 Oloris
1237 4549 1361 4617 confert
1384 4550 1462 4618 ecel.
1488 4549 1596 4618 Xanc-

265 4657 365 4722 tensis
387 4656 497 4725 Oolon.
531 4656 616 4722 dioc.
650 4657 885 4739 canonicatum,
921 4657 1116 4741 prebendam
1151 4677 1226 4724 vero
1259 4677 1298 4722 ac
1328 4657 1594 4742 supplementum,

265 4761 350 4846 qnod
374 4762 527 4829 ferculum
556 4764 634 4829 inibi
668 4764 844 4847 vulgariter
875 4771 1090 4848 nuncupatur,
1120 4763 1224 4829 eidem
1259 4769 1412 4841 reservat,
1445 4785 1509 4831 non
1541 4766 1595 4831 ob-

264 4875 369 4938 stante
404 4869 490 4954 quod
524 4870 755 4956 parrochialem
792 4870 961 4935 ecclesiam
998 4871 1029 4934 in
1057 4871 1225 4937 Sonsbekc
1258 4870 1346 4936 dicte
1375 4869 1470 4955 dioc,
1506 4872 1596 4940 cuius
