3642 5509
826 316 897 370 1340
915 315 1084 371 December
1103 315 1127 370 2.
1581 317 1633 371 573

300 493 462 560 Walramo
486 494 633 581 predicto
657 495 749 562 binas
770 495 895 562 litteras
920 495 1014 562 datas
1038 495 1069 561 d.
1083 496 1177 560 XIII.
1201 497 1319 562 mensis
1342 497 1493 579 octobris,
1518 496 1633 580 quibus

301 601 494 667 Benedictus
512 603 577 667 XII
600 603 749 668 notificat
767 611 799 669 et
816 604 980 670 Walramo
997 612 1029 669 et
1046 603 1186 689 capitulo
1211 605 1346 671 ecclesie
1361 605 1632 686 Monasterieusis,

301 709 386 791 quod
411 711 546 776 ecclesie
571 710 840 795 Monasterieusis‚
866 732 936 778 cum
961 713 1062 796 primo
1087 731 1157 777 eam
1181 731 1298 777 vacare
1323 712 1504 796 contigerit,
1528 713 1632 796 provi·

299 816 422 882 sionem
447 839 485 883 ea
502 819 574 883 vice
598 818 800 902 dispositioni
826 819 913 884 sedis
936 819 1113 904 apostolice
1136 825 1289 885 reservat.
1318 821 1528 903 Protestatur‚
1546 817 1631 902 quod

299 946 361 989 non
386 932 435 990 est
459 945 556 992 ausus
579 925 735 992 accedere
764 926 806 993 ad
830 929 1024 1013 presentiam
1053 926 1189 1012 capituli
1213 927 1472 992 blonasteriensis
1500 931 1632 1011 propter

299 1032 422 1098 viarum
456 1032 641 1099 discrimina
674 1040 706 1098 et
739 1041 867 1100 metum.
924 1033 1046 1112 Quibus
1076 1034 1191 1099 litteris
1216 1034 1354 1118 receptis
1377 1033 1559 1098 Walramus
1583 1053 1630 1098 rc·

298 1138 447 1225 spondet,
472 1140 557 1223 quod
581 1143 651 1227 ipse
675 1148 724 1208 est
747 1149 879 1228 paratus
903 1141 1035 1208 obedire
1059 1141 1220 1207 mandatis
1243 1141 1441 1225 apostolicis.

405 1249 443 1313 ln
466 1250 594 1315 nomine
618 1249 739 1316 domiui
764 1269 867 1316 amen.
925 1251 1019 1315 Anno
1048 1249 1217 1314 millesimo
1242 1249 1466 1314 trecentesimo
1496 1247 1634 1330 quadra·

298 1355 422 1439 gesimo
446 1356 623 1422 indictione
641 1358 737 1423 VIIlI
761 1356 889 1423 decima
912 1363 1029 1425 octava
1053 1356 1106 1421 die
1130 1357 1249 1423 mensis
1264 1357 1447 1422 novembris
1464 1355 1543 1422 hora
1558 1362 1632 1441 post

299 1463 539 1547 completorium
563 1467 596 1530 iu
620 1466 808 1550 crepusculo
832 1467 865 1530 in
889 1471 996 1532 castro
1021 1465 1210 1549 Leggcuich
1230 1514 1237 1529 .
1256 1513 1289 1528 ..
1315 1463 1515 1549 presentibus
1539 1485 1632 1530 vene·

299 1570 454 1637 rabilibus
477 1573 554 1637 viris
578 1571 715 1638 dominis
738 1572 909 1638 Wilhelmo
933 1573 974 1638 de
999 1573 1154 1658 Geneppe
1185 1572 1347 1657 preposito
1376 1571 1514 1638 ecclesie
1537 1571 1631 1638 Susa·

299 1677 424 1760 densis,
459 1679 600 1744 Heurico
636 1679 676 1745 de
712 1681 886 1746 Tremonia
923 1680 1039 1762 milite,
1086 1678 1232 1746 Gerardo
1268 1679 1308 1744 dc
1343 1679 1474 1745 Vivario
1509 1678 1632 1744 decano

298 1785 434 1851 ecclesie
458 1787 492 1852 S.
516 1787 665 1852 Severini
689 1786 899 1870 Coloniensis‚
930 1788 1100 1853 Tilmanuo
1132 1787 1173 1853 de
1197 1787 1291 1854 Unua
1315 1786 1470 1852 canonico
1495 1786 1632 1852 ecclesie

298 1891 332 1957 S.
358 1891 462 1959 Cassii
485 1893 667 1960 Bunuensis
690 1903 723 1961 et
746 1895 888 1961 Henrico
913 1895 1001 1964 dicto
1018 1895 1123 1980 Beyer
1147 1895 1302 1986 canonico
1327 1895 1466 1962 ecclesie
1489 1895 1521 1960 S.
1540 1894 1633 1962 Onni-

298 1998 381 2064 berti
404 1999 602 2068 Coloniensis
626 2003 762 2069 testibus
785 2001 828 2068 ad
852 2003 1008 2088 premissa
1032 2003 1155 2067 vocatis
1179 2007 1211 2067 et
1234 2003 1365 2086 rogatis.

343 2106 377 2172 S.
401 2128 431 2171 u.
468 2109 510 2173 Et
533 2128 594 2194 ego
618 2109 838 2176 Theodericus
863 2109 969 2176 dictus
993 2108 1120 2174 Braucb
1144 2108 1184 2174 de
1209 2108 1351 2175 Wischel
1381 2109 1516 2176 clericus
1541 2107 1632 2175 Colo-

469 2217 588 2303 nienpis
620 2216 770 2302 dyocesis
802 2217 950 2304 publicus
978 2216 1136 2301 imperiali
1160 2217 1352 2282 auctoritate
1377 2218 1518 2282 notarius
1547 2265 1555 2280 .
1585 2267 1592 2282 .
1622 2267 1629 2282 .

469 2323 531 2389 hoc
547 2345 677 2410 presens
694 2325 856 2410 publicum
880 2326 1123 2390 instrumentum
1141 2323 1259 2389 exinde
1276 2323 1402 2389 confeci
1421 2373 1428 2388 .
1447 2373 1454 2388 .
1473 2373 1480 2388 .
1497 2343 1631 2407 meoque

468 2431 560 2516 signo
577 2440 730 2499 consueto
746 2432 894 2516 signavi.
913 2480 941 2496 ..
958 2433 990 2495 iu
1007 2431 1222 2496 testimouium
1240 2432 1378 2496 omnium
1395 2431 1630 2515 premissorum.

404 2539 447 2600 In
471 2539 587 2604 dorso:
610 2540 790 2625 Responsio
814 2539 1050 2624 archiepiscopi
1073 2538 1270 2604 ColonIeusis
1294 2557 1390 2624 super
1413 2539 1630 2604 reservatione

300 2642 390 2709 facta
411 2664 469 2728 per
492 2644 654 2711 dominum
678 2654 818 2712 nostrum
844 2667 961 2731 papam
985 2644 1026 2711 de
1051 2646 1189 2710 ecelesia
1210 2645 1465 2711 Monasterieusi.

447 2767 530 2839 θήρ.
543 2771 665 2825 membr.
679 2769 769 2841 signo
787 2768 933 2825 poteritis
958 2767 1120 2826 mondum.
1132 2799 1164 2808 -
1176 2770 1322 2824 lustrum.
1341 2767 1536 2824 miscellanea
1554 2769 1631 2825 anni

445 2861 528 2915 1340.
550 2859 700 2929 (Caesetta
718 2859 796 2928 210.)
816 2861 868 2915 Ra.
888 2860 975 2915 2086.

403 3131 531 3200 2879.
562 3135 650 3200 1340
671 3133 856 3201 December
878 3138 910 3200 2.
935 3132 1101 3221 Aoipnoc.

403 3276 597 3342 Benedictus
620 3277 687 3342 XII
719 3277 963 3362 archiepiscopo
989 3275 1171 3344 Coloniensi
1204 3274 1346 3354 mandat,
1381 3278 1531 3360 quatinus
1555 3296 1626 3342 cum

295 3383 468 3449 Lamberto
492 3383 580 3450 dicto
604 3384 809 3469 Schafroyde
834 3383 975 3469 opidano
992 3384 1158 3452 Nussiensi
1183 3389 1215 3449 et
1238 3383 1349 3450 Drude
1373 3384 1443 3450 filia
1466 3384 1627 3467 quondam

296 3490 432 3556 Gerardi
456 3490 567 3556 Drude
591 3490 721 3577 opidani
747 3493 940 3574 Nussiensis,
974 3493 1029 3574 qui
1058 3512 1120 3556 non
1152 3490 1320 3556 credentes
1346 3493 1431 3556 inter
1454 3511 1509 3557 eos
1532 3493 1628 3577 impe-

295 3596 436 3663 dimento
473 3599 600 3682 publice
634 3599 811 3666 honestatis
844 3600 983 3666 existere
1016 3598 1253 3664 matrimonium
1288 3605 1529 3681 contraxerunt,
1564 3598 1627 3665 dis·

295 3712 418 3788 penset,
454 3712 488 3770 ut
520 3705 747 3790 impedimento
781 3706 842 3772 hoc
876 3727 938 3771 non
972 3707 1120 3772 obstante
1153 3707 1185 3770 iu
1218 3705 1399 3771 huiusmodi
1426 3707 1627 3772 matrimonio

295 3813 383 3877 licite
413 3833 576 3878 remanere
604 3815 745 3896 valeant,
779 3814 901 3898 prolem
933 3820 1114 3899 susceptam
1139 3820 1171 3879 et
1194 3812 1432 3898 suscipiendam
1457 3833 1497 3879 ex
1520 3813 1627 3880 huius·

294 3919 381 3984 modi
406 3921 607 3986 matrimonio
632 3921 809 4005 legitimam
834 3920 1046 3987 decernendo.

399 4027 518 4093 Petitio
542 4049 600 4112 pro
625 4037 717 4114 parte
740 4027 852 4094 dilecti
882 4079 888 4092 .
916 4078 923 4093 .
949 4078 956 4093 .
1003 4028 1079 4094 Dat.
1105 4028 1198 4093 Avin.
1224 4028 1291 4092 llll
1322 4047 1423 4094 nonas
1447 4027 1626 4095 decembris

293 4155 323 4199 a.
347 4141 451 4201 sexto.

442 4242 515 4312 Rep.
536 4242 592 4297 128
609 4258 657 4296 nr.
678 4243 746 4307 176;
768 4242 925 4297 1222089.

399 4439 529 4505 2880.
556 4443 641 4505 1341
666 4441 820 4505 Febraur
842 4441 894 4504 13.
923 4438 1087 4525 Avipuou.

401 4582 596 4648 Benedictus
619 4583 685 4647 XII
710 4582 955 4668 archiepiscopo
979 4582 1129 4648 Ianueusi
1156 4588 1188 4647 et
1211 4581 1439 4649 archidiacono
1463 4583 1504 4650 de
1528 4583 1625 4670 Ripa·

294 4690 356 4756 silli
373 4690 568 4757 Astorieusis
591 4711 631 4756 ac
654 4690 826 4757 scolastico
843 4689 878 4755 S.
895 4689 997 4755 Maris
1020 4689 1062 4756 ad
1087 4688 1208 4774 gradus
1223 4691 1367 4776 Magunt.
1385 4691 1464 4757 eccl.
1482 4690 1624 4778 mandat,
