3642 5509
778 487 848 546 1330
867 488 942 547 Juni
961 489 1004 546 17.
1486 490 1540 552 337

309 672 360 741 Ad
393 670 590 740 audientiam
625 672 825 758 apostolatus
861 673 960 738 nostri
990 671 1054 737 fide
1078 671 1178 756 digna
1202 673 1358 739 relatione
1382 677 1539 759 pervenit,

201 782 287 867 quod
317 781 512 848 caurerarius
546 780 700 846 scultetus
732 779 856 844 iudices
888 778 1035 845 consules
1059 786 1091 844 et
1115 799 1280 845 commune
1310 781 1450 847 civitatis
1473 783 1539 849 bla-

200 892 333 975 guntine
357 897 390 954 et
413 887 607 953 adherentes
637 885 757 952 eisdem
782 886 999 969 attendentes,
1033 887 1118 970 qnod
1151 888 1302 952 nonnulle
1330 908 1467 973 persone
1490 911 1540 956 ec·

201 998 381 1064 elesiastioe
409 995 551 1062 civitatis
575 1000 607 1059 et
637 993 775 1059 diocesis
800 994 988 1078 hlaguntine
1024 1002 1136 1060 eontra
1159 996 1375 1061 venerabilem
1408 997 1540 1063 fratrem

201 1111 343 1172 nostrum
367 1103 541 1169 Henrieum
574 1100 850 1187 archiepiscopum
873 1102 1098 1184 Maguntinum
1134 1102 1322 1168 calcaneum
1355 1104 1538 1171 rebellionis

202 1218 372 1279 erexerant
396 1218 427 1276 et
451 1209 605 1276 favebant
628 1210 787 1274 nonnullis
810 1209 997 1294 potentibus
1021 1209 1147 1274 illarum
1172 1210 1312 1294 partium
1337 1211 1424 1276 circa
1447 1232 1540 1277 oocu-

200 1320 364 1406 pationem
388 1317 686 1402 archiepiscopatus
709 1317 890 1399 Magantini
914 1337 954 1381 ac
986 1323 1162 1382 castrorum
1186 1317 1301 1382 iurium
1325 1324 1357 1382 et
1381 1319 1535 1385 bonorum

204 1427 307 1512 ipsius
330 1426 440 1508 eisque
463 1425 496 1488 in
520 1423 683 1508 premissis
713 1423 840 1507 publice
865 1422 1066 1489 adherebant
1090 1422 1240 1506 quodque
1264 1424 1395 1507 quidam
1419 1446 1459 1491 ex
1483 1427 1541 1510 eis,

203 1533 357 1598 videlieet
379 1582 386 1596 .
406 1579 412 1592 .
435 1531 536 1596 abbas
561 1537 593 1596 et
617 1539 794 1596 conventus
817 1531 1002 1595 monasterii
1027 1531 1061 1595 S.
1086 1530 1203 1596 Albani
1227 1530 1295 1596 ord.
1319 1530 1442 1597 Bened.
1467 1553 1539 1599 nec·

202 1660 265 1704 non
290 1639 432 1704 decanus
455 1644 488 1702 et
512 1636 686 1722 capitulum
711 1636 847 1702 ecclesie
872 1636 904 1704 S.
928 1637 1067 1702 Victoris
1092 1644 1184 1702 extra
1208 1658 1313 1703 muros
1336 1639 1542 1723 llaguntinos

203 1745 444 1813 consistentium
475 1743 603 1809 cuidam
631 1745 755 1826 gerenti
780 1763 814 1808 se
839 1742 880 1808 de
904 1743 994 1809 facto
1018 1765 1076 1829 pro
1110 1743 1371 1812 administratore
1405 1747 1542 1812 ecclesie

202 1853 390 1937 Magantine
413 1850 497 1917 adeo
521 1850 684 1934 favebant,
709 1849 793 1934 quod
811 1851 1029 1916 verisimiliter
1046 1851 1228 1936 timebatur,
1254 1853 1339 1935 quod
1361 1852 1424 1938 ipsi
1440 1854 1542 1919 abbas

203 1967 236 2024 et
259 1967 436 2026 conventus
459 1957 580 2023 dictum
604 1959 844 2040 monasterium,
869 1956 954 2040 quod
980 1957 1012 2022 in
1038 1957 1203 2025 cuiusdam
1220 1959 1337 2024 montis
1353 1959 1440 2024 dicte
1464 1960 1542 2025 civi-

204 2068 262 2132 tati
286 2066 383 2133 vicini
408 2086 447 2131 ae
476 2065 742 2149 supereminentis
775 2063 880 2129 eidem
916 2065 1053 2129 culmine
1082 2066 1234 2131 situatum
1265 2073 1324 2150 est,
1357 2067 1542 2152 prefatique

202 2174 343 2240 decanus
367 2179 400 2238 et
424 2171 600 2258 capitulum
624 2170 744 2236 dictam
769 2171 939 2236 ecclesiam
957 2172 991 2236 S.
1008 2171 1149 2238 Victoris
1173 2172 1267 2238 sitam
1290 2193 1386 2258 super
1402 2174 1537 2257 Renum,

203 2302 260 2368 per
284 2301 379 2365 quam
403 2281 535 2364 navigia
566 2278 608 2344 ad
632 2279 753 2344 dietam
780 2279 945 2344 civitatem
971 2278 1086 2344 euncia
1109 2285 1141 2343 ot
1165 2278 1338 2345 redeunoia
1363 2281 1404 2346 ah
1428 2278 1542 2346 eadem

203 2391 371 2455 transitum
404 2388 537 2470 faciunt,
571 2405 696 2452 necnon
728 2391 832 2450 tunes
861 2391 893 2450 et
924 2385 988 2450 alia
1021 2387 1263 2470 propugnacula
1295 2390 1482 2454 monasterii
1507 2395 1539 2454 et

203 2495 340 2562 ecclesie
375 2494 593 2579 predictorum
628 2491 670 2558 ad
706 2493 945 2574 requisitionem
986 2493 1124 2576 predicti
1160 2495 1302 2576 gerentis
1339 2493 1540 2561 administra·

203 2604 322 2667 tionem
355 2599 537 2666 huiusmodi
572 2600 647 2666 viris
672 2600 839 2683 armigeris
863 2607 895 2663 et
927 2599 1146 2664 instrumentis
1180 2600 1304 2666 bellicis
1337 2599 1380 2664 ad
1415 2601 1540 2686 impug-

202 2707 344 2776 nandum
368 2709 534 2774 civitatem
558 2706 693 2772 eandem
723 2706 881 2771 hostiliter
906 2708 1157 2789 communirent3
1198 2707 1405 2790 volentesque
1429 2728 1539 2794 preca·

203 2837 278 2882 vere
311 2816 462 2901 periculis
495 2815 638 2880 civitatis
671 2813 813 2879 eiusdem
838 2834 877 2878 ao
902 2814 1109 2880 ecclesiarum
1141 2821 1174 2880 et
1201 2835 1408 2900 personarum
1438 2816 1540 2881 eccle-

203 2924 403 2990 siasticarum
427 2922 691 2988 monasteriorum
716 2935 747 2986 et
773 2921 890 2986 civium
915 2921 1131 3006 predictorum
1148 2928 1213 2987 tres
1228 2943 1269 2988 ex
1286 2922 1382 2988 dictis
1398 2925 1539 2989 turribus

204 3029 369 3096 diruerunt
392 3050 448 3095 seu
473 3027 556 3094 dirui
582 3029 738 3111 fecerunt,
764 3029 794 3092 in
819 3048 954 3111 quarum
978 3027 1160 3113 diruitione‚
1185 3028 1261 3094 dum
1286 3028 1453 3095 cederetur
1476 3050 1540 3094 una

205 3157 244 3202 ex
270 3136 366 3202 dietis
398 3137 537 3202 turribus
570 3134 649 3201 dicti
678 3135 863 3200 monasterii
897 3143 930 3200 et
955 3137 1042 3201 circa
1065 3135 1206 3201 radicem
1231 3134 1342 3220 ipsius,
1374 3157 1415 3202 ne
1438 3137 1543 3202 subito

206 3242 347 3327 caderet,
382 3243 517 3308 fuissent
546 3243 636 3326 ligna
665 3243 843 3327 supposita,
881 3247 917 3305 ut
949 3249 999 3306 cst
1021 3243 1130 3323 moris,
1167 3248 1199 3308 et
1223 3243 1306 3327 ignis
1329 3242 1488 3308 immissus
1511 3242 1544 3307 in

205 3351 262 3433 eis,
286 3350 393 3418 subito
417 3356 486 3416 orto
511 3356 606 3415 vento
631 3357 740 3434 preter
764 3349 962 3414 voluntatem
997 3349 1178 3414 officialium
1207 3356 1240 3414 et
1269 3348 1387 3415 civium
1419 3349 1544 3435 predic·

205 3464 309 3522 torum
333 3456 515 3522 incendium
539 3457 587 3521 sic
611 3456 765 3538 excrevit,
790 3455 874 3538 quod
893 3463 1001 3539 preter
1025 3458 1149 3522 turrisa
1174 3463 1207 3521 et
1230 3456 1397 3521 cuiusdam
1421 3457 1545 3542 capelle

206 3564 266 3630 sibi
291 3564 503 3629 incumbentis
537 3583 685 3628 oceasum
720 3561 841 3628 dietum
877 3565 1102 3629 monasterium
1136 3563 1199 3629 fuit
1228 3563 1369 3630 eiusdem
1393 3565 1478 3648 ignis
1500 3565 1546 3628 in-

208 3671 322 3739 cendio
357 3671 586 3755 conflagratum
612 3677 645 3735 et
669 3669 752 3753 quod
777 3678 887 3755 preter
916 3670 986 3754 hoc,
1020 3691 1090 3736 cum
1122 3671 1250 3755 quidam
1284 3670 1433 3737 monachi
1466 3670 1545 3736 dieti

206 3778 392 3844 monasterii
424 3798 480 3843 seu
514 3775 687 3862 complices
717 3775 889 3842 eorundem
918 3779 949 3841 in
974 3781 1157 3843 incensores
1181 3777 1259 3843 dieti
1286 3780 1379 3844 turris
1403 3777 1546 3861 aliosque

207 3887 304 3962 cives,
335 3887 390 3969 qui
414 3891 568 3951 venerant
593 3882 635 3949 ad
659 3883 831 3949 videndum
858 3886 952 3950 turris
976 3885 1100 3970 pretate
1124 3885 1257 3967 ruinam,
1291 3887 1429 3970 sagittas
1453 3887 1542 3950 omit·

207 3999 312 4058 terent
344 3992 385 4058 de
415 3992 539 4058 balistis
563 3997 596 4057 et
619 3992 743 4075 aliquos
769 3992 1024 4058 vulneravissent
1047 4000 1080 4057 et
1103 4012 1184 4058 unus
1208 4013 1318 4058 eorum
1342 4013 1383 4058 ex
1413 3993 1545 4076 sagitta·

207 4101 294 4165 tione
319 4099 499 4166 huiusmodi
524 4099 677 4165 existeret
700 4099 920 4184 interemptus,
945 4099 1081 4184 populus
1105 4099 1250 4165 civitatis
1269 4099 1409 4165 eiusdem
1427 4099 1545 4165 exinde

208 4215 384 4273 commotus
419 4207 531 4272 domos
566 4213 598 4271 et
634 4225 777 4270 cameras
812 4205 956 4271 eiusdem
990 4207 1177 4272 monasterii
1212 4207 1453 4272 combussemnt
1480 4227 1544 4272 non

207 4315 329 4397 absquo
361 4313 534 4378 iniectione
568 4332 717 4378 manuum
741 4313 773 4376 in
797 4333 951 4397 personas
983 4313 1211 4378 monachorum
1246 4313 1326 4379 dicti
1359 4315 1544 4379 monasterii

208 4427 328 4486 temere
361 4421 514 4508 violenta,
548 4421 616 4486 sine
649 4419 757 4503 aliqua
791 4426 898 4485 tamon
933 4420 1134 4486 mutilatione
1168 4421 1227 4486 vel·
1247 4421 1467 4486 vulneratione
1501 4422 1546 4506 ip·

208 4548 324 4612 sorum,
359 4527 448 4594 libris
477 4528 676 4614 paramentis
701 4533 733 4592 et
756 4528 848 4592 honis
882 4528 1028 4594 omnibus
1061 4528 1232 4594 mobilibus
1256 4527 1334 4594 dicti
1358 4531 1544 4596 monasterii

209 4634 327 4702 exinde
355 4637 388 4700 in
415 4634 470 4701 illo
499 4634 606 4700 furore
634 4634 744 4720 populi
772 4635 964 4720 asportatis;
1003 4635 1154 4720 quodque
1176 4657 1241 4702 non
1264 4637 1366 4702 solum
1390 4639 1544 4704 ambitum

318 4871 347 4934 a)
369 4871 469 4924 turres
489 4864 523 4922 tn
542 4881 604 4939 rep.

265 4991 385 5042 Vattkan.
400 4991 525 5050 cerasten
540 4990 571 5042 11.
