3642 5509
265 459 319 518 168
834 459 904 516 1328
924 459 987 516 Juli
1005 459 1049 516 21.

265 643 349 709 sicut
372 641 479 709 adbuc
503 641 626 726 existis,
657 642 721 708 tuis
744 642 947 727 exigentibus
974 642 1096 710 meritis
1119 641 1236 730 prelati
1260 642 1418 721 canonici,
1451 641 1494 708 ad
1518 661 1598 728 quos

266 750 409 818 eiusdem
433 749 532 817 officii
557 751 672 817 electio
697 751 888 836 pertinebat,
920 751 1003 817 sicut
1027 749 1134 818 adhuc
1157 751 1307 838 pertinet,
1331 759 1456 818 matura
1479 750 1597 817 delibe-

266 861 390 927 ratione
414 859 593 946 prehabita,
622 879 662 924 ue
686 858 821 943 singulis
844 860 936 925 annis
959 858 1080 924 dietum
1105 858 1306 925 cellararium
1329 880 1388 945 per
1410 860 1598 927 scrutinium

265 967 383 1052 eligere
407 967 571 1034 videretur·
592 968 696 1051 (slot),
730 973 762 1032 te
786 965 828 1032 ad
852 965 973 1032 dictum
1004 965 1146 1032 officinm
1174 967 1342 1052 elegerunt
1365 967 1599 1035 constituerunt

265 1082 298 1144 et
331 1078 428 1143 etiam
462 1075 708 1141 nominaverunt
741 1073 927 1159 dictumque
959 1073 1100 1140 officium
1133 1095 1204 1141 eum
1238 1075 1385 1142 omnibus
1418 1076 1539 1142 iuribus
1566 1080 1599 1140 et

264 1183 491 1270 pertin[entiis]
517 1183 725 1269 proventibus
742 1189 774 1248 et
798 1182 957 1265 oneribus,
982 1182 1098 1266 quibus
1122 1183 1163 1248 ab
1187 1183 1258 1268 ipsa
1282 1183 1421 1250 ecclesia
1436 1185 1598 1250 Bnnnensi

264 1290 437 1377 dependet,
470 1297 583 1376 perte
607 1289 824 1374 obtinendum,
850 1290 1002 1375 quamdiu
1027 1289 1155 1367 vixeris,
1180 1290 1400 1374 contulerunt3
1440 1313 1480 1358 ac
1502 1312 1598 1357 vene-

263 1399 375 1465 rabilis
407 1398 507 1464 frater
539 1405 648 1464 noster
677 1398 836 1464 Henricns
868 1398 1066 1464 Coloniensis
1099 1396 1361 1484 archiepiscopus
1394 1399 1598 1465 collationem

262 1505 444 1574 huiusmodi
472 1504 516 1572 ad
544 1525 672 1592 precum
702 1505 887 1572 instantiam
912 1505 1102 1571 dilectorum
1125 1506 1284 1572 liliorum.
1303 1505 1484 1592 ‚prepositi
1509 1507 1597 1591 eapi-

263 1615 321 1680 tuli
346 1621 379 1680 et
402 1613 629 1680 canonicorum
658 1613 800 1681 eiusdem
829 1615 966 1681 ecclesie
989 1614 1183 1680 auctoritate
1206 1613 1370 1680 ordinaria
1393 1614 1597 1700 approbavit,

263 1729 358 1807 prout
386 1721 419 1786 in
447 1723 633 1806 patentibus
656 1723 772 1788 litteris
800 1722 875 1787 inde
900 1721 1057 1789 confectis
1087 1721 1245 1787 dictorum
1269 1721 1505 1808 archiepiscopi
1529 1742 1598 1808 pre·

262 1830 358 1916 positi
384 1835 416 1896 et
440 1831 573 1916 capituli
605 1831 719 1914 sigillis
754 1831 884 1897 munitis
917 1830 1043 1917 plenius
1076 1830 1266 1896 continetur.
1321 1831 1390 1897 Nos
1412 1831 1511 1916 igitur
1535 1831 1597 1896 tuis

263 1937 550 2024 supplicationibus
574 1938 728 2020 inclinati,
758 1936 842 2021 qnod
867 1957 962 2024 super
985 1936 1047 2004 boc
1070 1937 1193 2003 factum
1216 1943 1275 2020 est,
1299 1942 1404 2004 ratum
1421 1943 1453 2002 et
1469 1943 1596 2022 gratum

262 2045 428 2127 habentes,
461 2044 541 2110 illud
574 2046 768 2112 auctoritate
801 2046 981 2131 apostolica
1014 2065 1055 2111 ex
1088 2051 1176 2112 certa
1208 2046 1344 2111 scientia
1377 2044 1598 2111 confirmamus

263 2159 296 2218 et
328 2153 485 2238 presentis
517 2153 630 2238 scripti
662 2154 841 2239 patrocinio
876 2153 1116 2235 communimus,
1151 2159 1293 2219 tenorem
1323 2151 1481 2218 dictarum
1514 2153 1597 2218 litte·

263 2279 369 2327 rarum
394 2258 435 2326 de
460 2261 557 2326 verbo
581 2260 623 2326 ad
649 2260 780 2327 verbum
812 2261 1015 2347 presentibus
1037 2261 1134 2327 inseri
1158 2259 1326 2342 facientes,
1351 2259 1406 2343 qui
1430 2260 1504 2325 talis
1527 2267 1596 2326 est:

371 2367 529 2433 Henrieus
562 2366 615 2432 dei
647 2367 754 2451 gratia
786 2373 898 2435 sancte
934 2368 1134 2434 coloniensis
1168 2367 1306 2433 ecclesie
1337 2365 1598 2452 archiepiscopus

263 2474 347 2539 sacri
379 2473 507 2559 imperii
535 2495 593 2560 per
626 2475 752 2541 ltaliam
781 2474 1085 2541 archicancellarius
1117 2480 1226 2540 notum
1259 2473 1396 2540 tacimus
1427 2474 1594 2553 universis,

264 2579 351 2664 quod
385 2602 425 2647 ex
458 2589 550 2666 parte
579 2581 766 2648 dilectorum
796 2582 889 2649 nobis
912 2583 945 2647 in
969 2582 1095 2648 Christo
1120 2580 1272 2648 lobannis
1295 2579 1336 2646 de
1359 2581 1597 2665 Sourvenbeym

263 2688 436 2771 scolastici,
470 2687 599 2755 Andree
623 2688 664 2755 de
688 2688 885 2775 Kimperode
914 2691 1064 2771 cantoris,
1099 2687 1264 2773 Reynardi
1299 2687 1340 2754 de
1368 2687 1596 2754 Westerburch

264 2803 296 2860 et
338 2795 486 2861 Gobelini
522 2795 601 2862 dicti
637 2797 744 2864 Grobe
780 2799 1005 2864 canonicorum
1044 2797 1205 2862 seniorum
1245 2796 1382 2862 ecclesie
1418 2795 1597 2862 Bnnnensis

263 2909 371 2968 nostre
394 2902 532 2970 diocesis
555 2906 647 2971 nobis
670 2906 777 2970 extitit
800 2904 963 2971 humiliter
986 2905 1210 2991 supplicatum,
1236 2910 1280 2987 ut,
1305 2923 1376 2969 eum
1400 2903 1473 2991 ipsi,
1504 2908 1598 2988 prout

263 3009 305 3076 ad
338 3011 426 3096 ipsos
457 3016 619 3095 tamquam
653 3013 794 3079 seniores
827 3012 960 3097 capituli
993 3013 1043 3078 sni
1072 3012 1211 3097 pertinet
1234 3010 1275 3076 de
1297 3009 1405 3077 officio
1431 3009 1597 3076 cellerarie

263 3119 295 3182 in
329 3117 418 3184 dieta
450 3118 588 3185 ecclesia
621 3118 796 3185 accedente
830 3117 871 3184 ad
899 3117 962 3185 boc
990 3138 1146 3186 consensu
1175 3118 1308 3203 capituli
1338 3115 1491 3200 eiusdem,
1527 3137 1596 3203 per·

263 3245 373 3291 sonam
391 3224 544 3292 lobannis
568 3225 682 3293 decani
707 3226 843 3292 ecclesie
866 3245 924 3292 sue
944 3224 1090 3311 predicte
1112 3224 1270 3291 honorare
1295 3224 1448 3308 volentes,
1472 3231 1598 3291 matura

263 3331 494 3398 deliberatione
529 3332 707 3417 prehabito,
740 3353 780 3398 ne
812 3332 949 3416 singulis
971 3332 1064 3398 anuis
1092 3331 1292 3398 cellararium
1317 3351 1407 3397 suum
1431 3350 1490 3415 per
1512 3351 1597 3397 scru-

263 3439 374 3504 tinium
408 3439 529 3522 eligere
561 3439 741 3523 videantur,
775 3440 880 3524 ipsum
910 3438 1050 3505 officium
1075 3439 1243 3504 cellarario
1267 3458 1339 3504 eum
1362 3438 1509 3504 omnibns
1532 3440 1597 3505 suis

264 3546 387 3611 iuribus
410 3547 618 3630 proventibus
648 3554 680 3612 et
708 3547 867 3629 oneribus,
899 3546 1014 3630 quibus
1038 3547 1079 3611 ab
1103 3548 1175 3631 ipsa
1199 3547 1337 3612 ecclesia
1359 3545 1522 3612 Bnnnensi
1545 3544 1598 3611 de-

264 3650 394 3737 pendet,
419 3651 523 3717 eidem
547 3652 683 3718 Iohanni
707 3652 831 3718 decano
856 3654 1028 3730 Bnnnensi,
1058 3652 1209 3736 quamdiu
1233 3654 1364 3737 vixerit,
1387 3652 1523 3740 pacifice
1546 3654 1598 3718 ob·

264 3757 428 3823 tinendum
457 3759 650 3825 contulerint
678 3766 711 3825 et
741 3761 844 3846 ipsum
872 3761 905 3826 in
936 3761 1137 3827 cellararium
1165 3761 1302 3827 ecclesie
1324 3761 1505 3827 Bnnnensis
1534 3758 1598 3826 die·

263 3866 333 3942 bus,
358 3865 473 3948 quibus
497 3866 624 3942 vixerit,
649 3886 891 3952 permansurum
916 3867 1056 3952 capitulo
1080 3865 1124 3931 ad
1147 3866 1209 3932 hoc
1232 3867 1354 3952 prolixo
1378 3881 1411 3933 et
1434 3869 1598 3934 canonicis

264 3972 331 4038 suis
364 3975 551 4040 convocatis
584 3974 817 4040 constituerunt
841 3975 1008 4060 elegerunt
1031 3974 1176 4040 lecerunt
1200 3981 1232 4040 et
1255 3974 1499 4040 nominaverunt
1522 3974 1598 4041 viva

264 4099 355 4164 voce,
389 4081 649 4148 constitutionem
682 4080 817 4158 eundem
851 4088 884 4148 et
914 4083 1104 4148 electionem
1135 4088 1298 4165 tamquam
1321 4082 1385 4148 loci
1408 4079 1598 4148 diocesanus

264 4187 457 4254 anctoritate
489 4195 599 4254 nostra
632 4189 811 4274 approbare
841 4196 873 4254 et
900 4188 1071 4255 admittere
1095 4188 1310 4269 dignaremur.
1356 4188 1476 4255 Eorum
1499 4187 1599 4273 igitur

264 4293 553 4380 supplicationibus
585 4295 741 4378 inclinati,
779 4295 858 4362 dieti
891 4295 1026 4380 capituli
1049 4297 1229 4362 Bnnnensis
1253 4295 1503 4362 comoditatibus
1526 4295 1598 4362 soli·

265 4402 329 4466 cite
353 4399 556 4467 intendentes
579 4421 619 4467 ac
635 4402 818 4486 electiones,
843 4423 905 4486 que
928 4423 985 4489 per
1009 4403 1195 4470 scrutinium
1220 4403 1339 4487 inipso
1363 4400 1433 4468 fieri
1456 4408 1597 4488 possent,

266 4527 393 4573 cassare
417 4515 449 4573 et
474 4508 586 4574 tollere
611 4508 788 4595 cupientes,
822 4509 943 4576 dietum
968 4510 1143 4577 Iohannem
1173 4509 1214 4576 ad
1239 4511 1344 4596 ipsum
1368 4509 1511 4576 officinm
1535 4508 1598 4576 cel·

264 4613 381 4680 lurarie
405 4614 604 4682 admittimus
632 4622 665 4682 et
693 4617 952 4683 constitutionem
981 4617 1050 4684 sive
1078 4619 1268 4684 electionem
1292 4617 1324 4682 in
1349 4617 1453 4702 ipsum
1477 4618 1597 4682 tactam

266 4719 318 4788 dei
342 4722 468 4787 nomine
491 4723 640 4789 invocato
664 4725 867 4809 presentibus
890 4725 1116 4810 approbamus,
1141 4724 1332 4791 mandantes
1355 4725 1415 4790 sub
1439 4745 1523 4809 pena
1546 4743 1598 4789 ex·

266 4829 562 4896 communicationis
585 4829 616 4894 in
642 4829 759 4896 virtute
783 4837 894 4898 sancte
918 4830 1105 4898 obediencie
1129 4832 1276 4899 omnibus
1304 4838 1337 4897 et
1359 4832 1495 4916 singulis
1518 4830 1598 4898 dieti
