3642 5509
270 428 323 482 286
776 425 847 482 1329
864 423 1038 482 November
1055 421 1100 480 22.

270 608 345 672 latis
361 615 394 673 et
410 607 598 688 rectoribus,
624 606 774 690 capitulis
797 626 924 689 quoque
949 606 1093 690 collegiis
1116 627 1173 690 per
1197 606 1361 671 ciuitatem
1386 627 1425 672 ac
1449 605 1603 672 diocesim

271 724 304 780 et
328 716 526 799 prouinciam
551 713 772 778 Coloniensem
798 715 989 778 constitutis.

378 821 513 899 Quantis
543 820 757 885 hereticorum
781 826 813 884 et
836 819 1089 885 scismaticorum
1118 840 1291 902 eorumque
1315 822 1476 885 fautorum
1500 841 1605 886 saero-

270 937 383 998 sancta
399 928 546 993 Romana
569 927 707 993 ecclesia
732 927 917 992 molestetur
941 927 1110 992 insultibus
1135 935 1317 1014 quantaque
1341 929 1484 1010 requirat
1505 929 1605 1014 ipsius

270 1060 291 1102 a
314 1035 477 1121 premissis
501 1034 645 1100 defensio
670 1034 828 1119 profluvia
852 1055 1075 1119 expensarum,
1100 1041 1239 1100 restrum
1264 1056 1326 1100 non
1351 1035 1510 1102 credimus
1534 1055 1605 1120 pru-

271 1143 412 1208 dentiam
446 1143 605 1225 ignorare.
653 1141 732 1207 Ourn
763 1143 862 1225 igitur
892 1141 934 1206 ad
965 1163 1063 1207 onera
1093 1162 1303 1227 expensarum
1328 1141 1509 1209 huiusmodi
1532 1162 1606 1228 sup·

270 1250 430 1336 portanda
453 1257 628 1335 preventus
651 1256 757 1315 nostre
782 1270 908 1315 camere
931 1251 994 1316 siut
1018 1250 1128 1330 exiles,
1153 1271 1211 1316 nos
1234 1251 1378 1316 volentes
1403 1251 1500 1316 tantis
1524 1249 1605 1336 peri·

272 1358 362 1440 culis,
393 1364 513 1441 quanta
542 1363 673 1441 possent
696 1378 737 1421 ex
761 1356 891 1422 defectu
917 1376 1129 1442 expensarum
1155 1358 1241 1423 circa
1264 1358 1420 1442 premissa
1443 1358 1605 1440 subsequi,

271 1466 354 1529 sicut
389 1485 459 1530 cum
495 1464 556 1529 deo
591 1484 769 1548 possumus,
805 1463 948 1546 obviare,
985 1463 1217 1529 deliberatione
1252 1465 1422 1550 prehabito
1457 1464 1606 1549 diligenti

271 1591 367 1656 super
391 1572 462 1653 lriis,
492 1571 615 1637 fructus
640 1570 785 1637 redditus
809 1578 842 1636 ct
866 1578 1039 1656 proventus
1063 1573 1156 1656 primi
1181 1573 1255 1636 anni
1281 1573 1418 1636 omniurn
1444 1578 1476 1636 ct
1500 1573 1606 1655 singu-

271 1679 372 1743 lorum
407 1677 631 1744 beneficiorum
666 1679 957 1744 ecclesiasticorum
993 1698 1062 1743 curn
1098 1698 1174 1744 cura
1201 1679 1253 1743 vel
1287 1679 1355 1743 sine
1388 1698 1475 1760 cura,
1509 1679 1605 1744 ctiam

271 1785 465 1869 dignitatum
504 1791 730 1870 personatuum
770 1791 802 1849 ct
843 1784 1018 1849 officiorum
1058 1785 1272 1868 quorumlibet
1304 1785 1605 1868 ecclesiasticorum,

272 1893 478 1958 ecclesiarum
510 1893 771 1958 monasteriorum
802 1893 998 1977 prioratuum
1023 1897 1054 1956 ct
1082 1892 1216 1957 aliorum
1247 1892 1389 1957 locorum
1413 1891 1606 1958 ecclesiasti-

272 2021 390 2082 corum,
425 2008 489 2063 tam
520 2000 710 2064 secularium
736 2018 831 2080 quam
855 1998 1060 2080 regularium,
1090 2005 1310 2082 exemplorum
1335 2005 1368 2063 et
1392 2019 1454 2063 non
1479 2019 1606 2083 exemp-

272 2114 384 2188 torum,
419 2127 481 2189 que
513 2108 546 2170 in
580 2106 713 2171 civitate
741 2126 781 2171 ac
811 2104 932 2171 diocesi
964 2112 996 2170 et
1020 2105 1187 2189 provincia
1211 2111 1328 2170 vacant
1353 2105 1395 2170 ad
1419 2126 1551 2191 presens
1574 2111 1607 2171 et

273 2233 334 2295 quc
358 2233 457 2294 usquc
481 2213 522 2277 ad
549 2213 718 2277 triennium
742 2234 762 2278 a
782 2211 836 2277 die
860 2211 936 2277 date
960 2212 1158 2297 presencium
1184 2211 1433 2297 computandum
1458 2213 1606 2295 qualiter·

273 2341 407 2402 cumque
431 2329 463 2384 et
489 2319 689 2403 ubicumque,
725 2320 821 2385 etiam
856 2319 941 2404 apud
976 2319 1084 2385 sedern
1119 2320 1330 2404 apostolicam
1361 2341 1477 2386 vacare
1508 2321 1608 2386 centi-

272 2428 367 2510 gcrit,
398 2428 494 2492 certis
523 2434 630 2491 tamen
656 2427 803 2491 eeclesiis
827 2427 1029 2492 monasteriis
1054 2425 1266 2510 dignitatibus
1290 2433 1323 2491 ct
1347 2426 1510 2492 beneficiis
1535 2427 1606 2492 sub·

272 2534 401 2618 scriptis
425 2534 602 2619 expressim
626 2533 779 2617 exceptis,
809 2532 1035 2617 percipiendos
1058 2532 1152 2598 modo
1176 2532 1382 2617 infrascripto
1407 2553 1464 2618 pro
1489 2534 1606 2600 nostris

273 2647 305 2706 et
321 2641 457 2706 ecclesie
479 2647 655 2706 memorate
678 2640 787 2706 utilius
808 2639 1035 2724 supportandis
1052 2641 1202 2706 oneribus
1218 2641 1411 2705 auctoritate
1428 2640 1607 2726 apostolica

273 2767 472 2813 reservamus
496 2756 529 2813 ct
551 2746 654 2813 eidem
680 2767 806 2813 camere
830 2747 1106 2832 applicamus...
1155 2747 1308 2813 Volumus
1332 2752 1450 2829 autern,
1476 2747 1607 2831 quodsi

273 2854 357 2920 idem
391 2854 579 2920 beneficium
611 2855 659 2920 bis
682 2855 714 2918 in
739 2874 823 2919 anno
847 2874 964 2919 vacare
995 2853 1172 2937 contingat,
1206 2853 1331 2920 nonnisi
1360 2854 1459 2920 semel
1482 2855 1606 2920 fructus

273 2962 356 3026 illius
379 2983 436 3047 pro
461 2961 549 3027 dieta
573 2983 702 3028 camera
725 2964 916 3043 exigantur.
937 3011 944 3025 .
962 3012 970 3026 .
988 2961 1137 3045 quodque
1162 2961 1298 3046 predicti
1323 2963 1445 3027 fructus
1460 2960 1607 3027 redditus

273 3077 305 3133 et
334 3076 507 3153 proventus
535 3070 625 3134 iuxta
655 3070 852 3135 taxationem
883 3069 1008 3134 decime
1036 3069 1259 3154 persolvantur
1283 3077 1315 3133 et
1339 3090 1358 3134 a
1383 3068 1607 3135 collectoribus

273 3175 469 3260 recipiantur
492 3175 625 3258 eisdem,
661 3183 696 3241 ut
719 3177 844 3241 seilicet
867 3196 1031 3258 summam,
1064 3197 1122 3260 pro
1153 3195 1217 3259 qua
1241 3175 1488 3259 unumquodque
1512 3177 1606 3242 bene·

271 3285 414 3349 liciorum
439 3285 578 3368 ipsorum
601 3286 631 3349 in
657 3283 781 3349 decime
805 3283 962 3349 solutione
987 3289 1126 3365 taxatur,
1155 3283 1288 3366 exigant
1312 3291 1344 3348 et
1367 3283 1536 3368 recipiant,
1561 3290 1606 3348 to-

272 3393 328 3456 tali
352 3391 479 3457 residuo
504 3391 661 3456 beneficia
685 3389 866 3456 huiusmodi
892 3391 1110 3455 obtinentibus
1133 3409 1327 3472 remansuro,
1351 3391 1412 3456 nisi
1437 3390 1519 3455 ferte
1544 3391 1606 3456 col-

271 3499 408 3563 lectores
432 3497 569 3583 predicti
593 3497 755 3563 residuum
781 3497 960 3562 huiusmodi
985 3518 1044 3582 pro
1060 3498 1151 3562 nobis
1167 3504 1199 3562 et
1216 3504 1324 3564 nostra
1342 3517 1469 3563 camera
1487 3498 1607 3564 rcllent

271 3606 438 3691 percipere
462 3613 493 3669 et
518 3605 637 3669 babere
670 3609 702 3668 et
733 3605 952 3670 obtinentibus
988 3604 1144 3670 beneficia
1179 3604 1249 3690 ipsa
1285 3626 1342 3690 pro
1378 3604 1606 3690 supportandis

272 3733 379 3778 eorum
403 3713 551 3778 oneribus
575 3717 608 3776 et
637 3710 870 3776 sustentatione
903 3711 1054 3777 habenda
1086 3732 1240 3800 surnmarn
1269 3734 1326 3797 pro
1357 3733 1420 3796 qua
1450 3711 1606 3778 beneficia

271 3822 342 3905 ipsa
365 3826 519 3884 taxantur
549 3820 582 3882 in
606 3817 742 3900 decima,
774 3838 949 3883 remanere.
997 3820 1065 3886 Nos
1088 3820 1172 3884 enirn
1197 3818 1395 3904 percipiendi
1420 3819 1605 3884 utrumlibet

271 3927 498 4012 predictorum,
525 3925 677 3992 videlicet
701 3926 876 3991 taxationis
892 3925 943 3990 vel
962 3925 1090 4002 residui,
1117 3925 1245 3991 eosdem
1271 3926 1461 3992 collectores
1485 3925 1605 3992 babere

272 4035 416 4099 volumus
445 4034 618 4117 optionem.
665 4033 715 4096 Dc
746 4032 909 4097 beneficiis
939 4039 1045 4096 autern
1074 4053 1137 4099 non
1166 4032 1286 4098 taxatis
1310 4033 1353 4099 ad
1377 4032 1534 4099 decimam
1558 4035 1606 4100 sic

271 4141 416 4206 volumus
439 4139 589 4222 ordinari,
624 4139 709 4222 quod
743 4138 900 4204 medietas
934 4139 1093 4203 fructuum
1127 4139 1251 4204 illorum
1283 4139 1325 4205 ad
1350 4160 1509 4206 cameram
1534 4160 1605 4225 prc-

271 4248 391 4313 dietam
416 4256 449 4312 et
472 4247 535 4312 alia
552 4245 593 4311 ad
611 4247 792 4311 obtinentes
816 4244 905 4310 dicta
930 4244 1085 4310 beneficia
1109 4244 1228 4311 debeat
1253 4267 1427 4329 remancre,
1452 4246 1499 4313 ita
1519 4246 1605 4330 quod

271 4353 423 4438 quicquid
447 4354 526 4419 dicti
551 4354 739 4419 collectores
761 4353 927 4436 clegerint,
953 4352 1177 4418 beneficiorum
1194 4355 1333 4438 ipsorum
1350 4375 1448 4421 onera
1464 4356 1606 4422 debeant

271 4463 452 4528 obtinentes
475 4463 546 4547 ipsa
570 4460 726 4527 beneficia
750 4460 791 4526 de
815 4466 918 4545 parte,
943 4480 1037 4543 quam
1062 4461 1121 4525 sibi
1148 4461 1337 4528 collectores
1360 4461 1533 4546 dimittent,
1558 4469 1604 4528 to·

270 4569 380 4634 taliter
412 4575 613 4654 supportare,
649 4569 710 4635 nisi
740 4568 822 4634 forte
855 4567 916 4653 ipsi
953 4568 1135 4634 obtinentes
1170 4567 1258 4634 dicta
1293 4569 1450 4636 beneficia
1485 4570 1606 4637 vollent

271 4673 376 4740 dictos
408 4675 530 4741 fruetus
569 4674 714 4741 redditus
748 4682 780 4740 et
811 4681 986 4760 proventus
1025 4677 1152 4740 omnino
1186 4674 1347 4742 dimittere
1381 4677 1606 4743 collectoribus

270 4783 364 4872 ipsis;
406 4802 468 4866 quo
493 4804 570 4849 casu
599 4783 659 4870 ipsi
690 4783 879 4849 collectores
913 4780 1054 4848 habeant
1089 4781 1268 4848 huiusmodi
1301 4783 1465 4850 beneficiis
1498 4784 1605 4867 quoad
