3642 5509
746 502 814 557 132Ιῖ
832 501 956 573 August
973 503 998 557 5.
1511 503 1546 557 59

210 683 267 750 siis
300 681 462 766 quoddam
500 682 690 748 beneficium
724 683 979 748 ecclesiasticum
1014 682 1183 749 Bilrebelre
1214 682 1333 748 ibidem
1368 683 1544 766 vulgariter

211 797 427 874 nuncupatum
452 790 584 866 obtinet,
609 809 752 874 proquo
777 789 881 855 officio
906 789 962 854 diu
986 791 1018 854 in
1032 790 1177 854 Romana
1201 791 1299 869 curia,
1324 801 1358 854 nt
1381 792 1544 869 asseritur,

211 897 361 982 litigavit,
396 904 429 962 et
460 897 521 962 sibi
553 896 595 962 de
618 897 787 963 Werdensi
812 897 1011 963 coloniensis
1044 896 1182 962 diocesis
1214 917 1315 981 nuper
1347 905 1380 961 et
1413 897 1544 961 Halber-

210 1003 352 1070 stadensi
384 1004 625 1069 canonicatibus
658 1009 690 1068 et
729 1003 902 1088 prebendis
937 1024 976 1069 ac
1006 1003 1148 1070 eiusdem
1182 1003 1462 1069 Halberstadensis
1495 1024 1544 1068 ec-

211 1111 380 1176 clesiarum
404 1109 563 1175 decanatu
588 1131 645 1195 per
670 1109 814 1176 diversas
839 1117 965 1177 nostras
992 1161 999 1176 .
1024 1161 1031 1176 .
1057 1112 1182 1176 litteras
1206 1110 1354 1176 duximus
1378 1109 1545 1195 providen-

211 1217 286 1283 dum
401 1216 442 1282 de
475 1217 590 1299 quibus
623 1215 752 1299 quidem
784 1218 1028 1284 canonicatibus
1055 1225 1088 1283 et
1121 1216 1293 1304 prebendis
1322 1237 1361 1282 ac
1385 1217 1544 1282 decanatu

211 1323 368 1390 dictarum
405 1322 590 1390 Wcrdensis
626 1329 658 1389 et
695 1323 977 1390 Halberstadensis
1016 1325 1222 1390 ecclesiarum
1262 1325 1348 1388 idem
1388 1324 1545 1389 Henricus

212 1430 352 1496 nondum
377 1429 510 1512 aliquid,
543 1436 578 1495 ut
602 1429 729 1512 dicitnr,
764 1432 908 1515 percepit
932 1450 991 1495 nec
1015 1432 1154 1516 ipsorum
1180 1431 1377 1516 corporalem
1402 1438 1450 1495 est
1475 1451 1544 1514 pos·

210 1539 383 1604 sessionem
417 1535 555 1621 adeptus
588 1544 621 1602 et
649 1538 681 1601 in
714 1536 861 1622 predicta
891 1537 1135 1603 Monosteriensi
1159 1557 1198 1603 ac
1223 1538 1384 1604 Bunnensi
1401 1587 1408 1602 .
1428 1586 1461 1603 ..
1486 1538 1545 1604 sub

211 1644 438 1731 expectatione
470 1641 705 1728 prebendarum
734 1646 929 1708 anctoritate
958 1645 1136 1729 apostolica
1158 1646 1191 1709 in
1216 1645 1404 1710 canonicum
1427 1651 1477 1710 est
1499 1665 1545 1709 re·

211 1759 335 1837 ceptus,
371 1770 467 1836 super
499 1770 562 1832 qua
594 1749 759 1834 prebenda
782 1750 926 1816 eiusdem
950 1751 1087 1816 ecclesie
1110 1751 1369 1816 Monasteriensis
1401 1750 1545 1816 indicta

170 1855 173 1860 ’
211 1857 299 1924 cuna
333 1858 475 1922 noscitur
506 1857 643 1940 litigare.
692 1857 846 1923 Volumus
878 1864 996 1939 antem,
1032 1857 1117 1940 quod
1149 1857 1235 1922 idem
1259 1857 1426 1938 Henricus,
1460 1866 1543 1943 post-

211 1986 307 2050 quam
341 1965 499 2050 preiatom
533 1965 768 2049 preposituram
803 1964 900 2030 fuerit
930 1964 1064 2049 pacifice
1087 1970 1262 2047 assecutus,
1296 1963 1368 2044 iuri,
1401 1963 1486 2047 quod
1511 1965 1543 2028 in

211 2071 298 2138 dicto
327 2072 487 2137 decanatu
511 2091 551 2136 ex
581 2071 764 2156 provisione
794 2078 903 2137 nostra
932 2071 1061 2156 prefata
1090 2071 1150 2136 sibi
1181 2070 1345 2155 competit,
1378 2071 1544 2136 renunciet

210 2199 267 2246 scu
299 2181 398 2261 illum,
431 2179 459 2244 si
491 2184 566 2243 tnnc
600 2198 671 2243 eum
705 2177 802 2242 inerit
835 2178 969 2263 pacifice
999 2186 1165 2244 assecutus
1204 2198 1328 2243 necnon
1351 2177 1379 2244 si
1404 2178 1544 2263 preposi-

210 2293 314 2351 turam
346 2289 461 2371 ipsam,
494 2286 677 2370 prinsquam
711 2284 831 2351 dictum
861 2284 1054 2350 decanatum
1085 2283 1221 2369 pacifice
1245 2292 1442 2368 assequatur,
1475 2305 1544 2369 pre-

210 2393 314 2458 fatum
342 2392 480 2459 officinm
506 2441 566 2458 ...
592 2393 720 2458 omnino
749 2391 968 2458 dimittat...
1017 2393 1091 2458 Dat.
1117 2392 1211 2458 Avin.
1235 2411 1337 2458 nonas
1360 2392 1489 2475 augusti
1513 2414 1542 2458 a.

211 2499 391 2566 undecimo.

372 2625 444 2696 1209.
463 2625 502 2678 aa
520 2623 544 2694 f.
564 2623 623 2678 aas
641 2639 689 2679 nr.
712 2623 794 2679 saca.

318 2930 439 2997 124⁶.
472 2935 558 2997 1327
583 2930 715 3020 Aupust
739 2935 770 2999 5.
795 2932 961 3020 Avipnon.

319 3088 486 3155 Iohannes
511 3091 622 3154 XXII
646 3092 753 3157 tribus
777 3091 1011 3156 executoribus
1034 3091 1185 3170 mundat,
1214 3090 1373 3173 quatinus
1396 3090 1543 3153 Henrico

210 3196 251 3261 de
284 3196 413 3262 luliaco
445 3199 673 3264 commendent
706 3199 857 3284 officium
889 3201 926 3262 in
959 3197 1134 3262 Bilrebelee
1166 3217 1235 3261 unu
1269 3217 1344 3261 cum
1376 3196 1543 3261 decanatu

211 3302 344 3368 ecclesie
368 3303 665 3370 Halberstadensis
688 3304 740 3371 uel
768 3325 838 3370 unu
868 3325 944 3371 cum
968 3303 1191 3388 prepositura
1214 3301 1347 3367 ecclesie
1370 3302 1406 3367 S.
1433 3304 1543 3368 Morte

210 3408 257 3474 ud
278 3411 407 3496 quadus
432 3409 638 3478 Coloniensia
658 3412 909 3497 possidendum.

318 3581 489 3666 [lohannes
514 3583 624 3668 XXII]
648 3585 826 3652 Bnnnensis
849 3585 960 3650 Colon.
985 3582 1069 3650 dioc.
1094 3592 1126 3650 et
1149 3586 1183 3651 S.
1200 3586 1345 3652 Severini
1371 3585 1543 3670 prepositis

210 3708 250 3754 ac
273 3687 474 3756 thesaurario
498 3691 532 3758 S.
549 3691 681 3777 Georgii
705 3691 815 3758 (lolon.
840 3692 920 3759 eccl.

314 3797 458 3882 Exigunt
487 3801 602 3865 merita
628 3799 799 3885 probitatis
827 3847 835 3865 .
864 3851 869 3864 .
898 3801 1029 3867 Henrici
1057 3800 1099 3866 de
1122 3802 1245 3867 luliaco
1269 3800 1383 3867 decani
1406 3799 1542 3866 ecclesie

211 3903 491 3972 Halberstadensis
611 3907 698 3974 Sane
731 3905 850 3974 dudum
879 3910 1185 3976 ...canonicatum
1215 3916 1247 3974 et
1275 3905 1471 3994 prebendam
1503 3928 1543 3973 ac

210 4008 402 4076 decanatum
438 4013 574 4080 ecclesie
607 4013 889 4080 Halberstadensis
924 4022 1076 4081 vacantes
1110 4016 1171 4082 sibi
1266 4017 1458 4081 contulimus

210 4137 272 4183 non
305 4119 454 4185 obstante
486 4122 570 4185 inter
603 4129 722 4204 cetera,
755 4121 839 4204 quod
870 4121 912 4186 de
936 4121 1042 4188 officio
1066 4125 1098 4187 in
1123 4123 1294 4189 Bilrebeke
1317 4121 1454 4188 ecclesie
1478 4121 1542 4187 llo-

211 4226 417 4291 nastcriensis
451 4228 611 4311 litigaret,
654 4248 693 4293 ac
728 4229 895 4312 voluimus,
932 4229 1017 4312 quod
1055 4228 1133 4295 dicti
1168 4230 1333 4309 Henricil,
1373 4235 1541 4314 postquam

211 4329 391 4398 huiusmodi
415 4332 606 4399 decanatum
631 4335 744 4400 luisset
767 4335 901 4421 pacifice
925 4344 1100 4416 assecutus,
1125 4337 1174 4402 ius
1201 4337 1314 4402 ...in
1338 4336 1447 4402 officio
1471 4356 1541 4421 pre·

210 4437 309 4505 libato
339 4440 459 4506 viribus
492 4449 683 4508 vacuaretur
714 4463 752 4508 eo
785 4443 855 4527 ipso
873 4491 879 4505 .
900 4492 934 4509 ..
967 4444 1016 4508 Ac
1049 4443 1250 4528 postmodum
1275 4444 1316 4508 de
1339 4443 1541 4529 prepositura

210 4547 347 4613 ecclesie
371 4547 404 4613 S.
425 4548 523 4614 llarie
552 4547 595 4613 ad
622 4548 743 4632 gradus
773 4550 973 4617 Coloniensis
987 4599 995 4615 .
1009 4599 1039 4615 ..
1058 4549 1160 4616 eidem
1189 4553 1330 4617 Henrieo
1344 4601 1351 4616 .
1366 4603 1373 4616 .
1388 4600 1395 4615 .
1413 4551 1541 4616 manda·

211 4655 313 4719 vimus
337 4654 510 4738 provideri,
534 4675 596 4720 non
620 4657 768 4722 obstante
785 4657 867 4722 inter
884 4665 1003 4739 cetera,
1029 4657 1113 4740 qnod
1137 4658 1223 4724 idem
1241 4658 1398 4724 chricus
1421 4657 1541 4724 dictam

360 4833 390 4900 s)
410 4833 509 4888 dictus
528 4834 677 4890 chricus
697 4833 732 4889 in
750 4850 811 4906 rep.
918 4863 923 4871 ·
