3642 5509
256 349 312 408 204
774 358 843 414 1329
862 358 980 415 Januar
999 359 1041 416 15.

365 534 489 602 luae.
515 538 603 601 1329
628 539 767 604 Jaoaor
791 541 843 606 15.
880 538 1044 628 Aoipooo.

364 677 535 762 [lohannes
555 679 666 764 XXII]
692 679 831 748 Henrioo
857 682 1101 769 arehiepisoopo
1125 683 1315 750 Coloniensi.

363 783 447 862 Quia
470 804 547 870 sepe
570 786 655 851 labia
675 835 683 850 .
702 836 709 852 .
728 836 735 851 .
753 787 838 854 Sane
863 788 960 871 quia.
979 837 985 849 .
1004 838 1011 854 .
1038 791 1194 856 Henrious
1211 789 1251 855 de
1268 789 1392 854 Iuliano
1407 783 1592 872 prepositus

256 890 394 957 ecclesie
418 891 451 958 S.
477 892 577 957 Marie
600 893 642 958 ad
666 892 787 976 gradus
810 895 1010 962 Coloniensis
1034 897 1147 961 timere
1169 916 1205 961 se
1229 895 1355 977 asserit,
1378 891 1466 976 qnod
1489 890 1590 972 aliqui

256 997 305 1062 sui
329 997 424 1062 emuli
449 998 507 1063 tibi
531 999 672 1063 oblocuti
698 998 815 1064 fuerint
839 1008 951 1066 contra
974 1020 1056 1081 enm,
1080 1000 1316 1066 fraternitatem
1339 1007 1427 1064 tuam
1444 998 1592 1065 volumus

255 1124 320 1169 non
342 1104 453 1186 latere,
487 1102 573 1186 quod
606 1107 806 1189 experientia
838 1113 928 1171 oerta
960 1105 1149 1173 didiscimus
1171 1109 1205 1187 (l)
1232 1106 1368 1172 eundem
1392 1104 1590 1192 prepositum

257 1210 413 1276 haetenus
442 1210 487 1275 tui
516 1218 549 1276 et
578 1219 701 1276 tuorum
727 1212 855 1278 honoris
883 1218 916 1278 et
940 1211 1098 1279 commodi
1122 1212 1207 1299 apud
1231 1235 1290 1280 uos
1313 1213 1488 1279 zelatorem
1511 1209 1591 1276 exti-

255 1318 333 1383 tisse
356 1315 528 1383 seeundum
552 1338 611 1383 nee
635 1319 827 1384 eontrarium
851 1321 996 1385 novimus
1019 1321 1050 1384 in
1075 1319 1198 1387 eodem.
1231 1319 1339 1398 Quare
1354 1317 1591 1385 fraternitatem

255 1444 406 1508 rogamus
429 1423 576 1506 eandem,
611 1426 760 1508 quatinus
788 1427 854 1492 suls
877 1425 1113 1495 detractorium
1140 1435 1196 1492 aut
1221 1427 1334 1492 emulis
1357 1424 1503 1491 auditum
1526 1443 1592 1489 non

255 1531 481 1598 accommodes
504 1533 587 1598 inter
610 1531 672 1598 heo
695 1539 787 1617 parte
816 1583 823 1597 .
853 1582 861 1599 .
890 1580 897 1595 .
953 1534 1027 1599 Dat.
1052 1534 1146 1600 Ario.
1171 1534 1285 1599 XVlll
1307 1533 1354 1598 kl.
1379 1531 1536 1598 februarii
1560 1550 1590 1597 a.

255 1636 494 1704 terciodecimo.

417 1762 490 1832 Bep.
510 1766 563 1818 115
578 1777 626 1832 po.
646 1763 665 1816 1
678 1761 704 1832 f.
723 1764 760 1818 94
777 1778 825 1818 nr.
844 1765 922 1832 533,·
939 1765 990 1819 Ra.
1011 1765 1089 1819 1119.

360 2009 503 2078 *louet
534 2014 621 2077 1329
644 2014 783 2079 Jaooor
806 2017 860 2079 21.
888 2012 1052 2100 Avipaoo.

362 2151 523 2218 Iohannes
546 2152 645 2219 XXII
673 2154 783 2221 abbati
808 2153 1014 2220 Bellireditus
1043 2153 1145 2220 Leod.
1171 2153 1253 2221 dioo.
1289 2161 1323 2219 et
1357 2154 1390 2221 S.
1415 2151 1530 2219 Ornoio
1553 2171 1594 2218 oe

256 2259 290 2325 S.
315 2259 468 2325 Iohannis
490 2259 591 2326 Leod.
617 2260 748 2328 deeanis
776 2262 985 2329 ecelesiarum
1014 2261 1157 2344 mandat,
1189 2263 1343 2345 quatinus
1368 2280 1503 2326 oausam
1526 2258 1595 2324 litis

256 2367 341 2432 inter
373 2364 530 2432 deoauum
555 2374 588 2433 et
616 2369 790 2452 capitulum
814 2369 893 2434 eool.
919 2369 953 2434 S.
980 2369 1126 2434 Severini
1150 2369 1260 2435 Oolon.
1290 2388 1331 2434 ex
1353 2388 1420 2433 nna
1443 2373 1538 2453 parte
1561 2371 1595 2430 et

256 2472 431 2539 Iohannem
456 2472 577 2539 dietum
602 2473 692 2557 Svaf,
722 2477 775 2558 qui
806 2496 863 2560 pro
887 2476 1058 2542 seolostioo
1082 2475 1162 2541 eoel.
1188 2475 1222 2540 S.
1246 2475 1394 2541 Severini
1419 2473 1534 2540 Golon.
1558 2491 1594 2538 se

255 2581 349 2664 gerit,
374 2601 415 2646 ex
439 2580 542 2646 altera
565 2587 677 2646 exorte
700 2581 834 2648 audiant
850 2589 882 2646 et
898 2583 1092 2647 anctoritate
1113 2581 1292 2667 apostoliea
1314 2579 1471 2646 deoidant
1491 2579 1593 2645 litem.

363 2687 438 2755 Dat.
463 2687 557 2752 Avin.
581 2687 648 2752 Xll
672 2687 717 2752 kl.
742 2687 893 2753 februarii
919 2709 951 2772 p.
976 2709 1006 2753 n.
1031 2709 1061 2752 a.
1085 2686 1319 2754 tertiodecimo.

416 2828 466 2884 Or.
486 2830 610 2884 membr.
628 2828 753 2897 plumbo
774 2827 831 2882 del.
858 2829 896 2883 In
917 2827 1005 2897 plico
1028 2829 1070 2883 ad
1089 2829 1201 2884 dextra
1214 2827 1270 2936 1)ἔο
1275 2811 1419 2937 (ᾗῦῧῗὲὲῡ
1432 2827 1595 2883 Iadorso:

415 2954 622 3010 Theodorious
642 2954 680 3009 de
699 2953 787 3023 Reys.
808 2981 841 2992 -
862 2953 950 3008 Koloe.
968 2953 1058 3009 Areia
1077 2955 1145 3010 ecel.
1166 2953 1197 3010 S.
1216 2950 1365 3010 Severini.
1383 2968 1433 3006 nr.
1453 2953 1499 3006 17.

360 3217 478 3285 loon.
510 3217 598 3281 1329
621 3189 761 3282 Jciaoar
783 3217 837 3280 23.
862 3213 1026 3301 Aoipaoo.

362 3357 521 3424 lohannes
545 3356 645 3421 XXII
670 3357 809 3421 Henrioo
826 3356 929 3422 eleeto
946 3357 1134 3439 MaguntIno
1158 3357 1297 3442 palleum
1322 3376 1381 3442 pro
1407 3357 1478 3422 eins
1502 3363 1597 3443 parte

253 3485 313 3550 per
336 3464 511 3529 Henrioum
540 3462 582 3528 de
611 3461 763 3548 Spanhen
798 3463 984 3528 eanonioum
1011 3463 1231 3546 Magantinum
1264 3462 1410 3529 eiusdem
1443 3465 1595 3529 nunoinm

254 3570 450 3657 postulatum
484 3568 628 3635 destinat
660 3588 718 3652 per
751 3568 967 3634 Hermannum
998 3567 1040 3634 de
1062 3571 1205 3635 Munreal
1238 3569 1477 3636 thesaurarium
1511 3571 1596 3635 Bun·

253 3675 363 3742 nensis
387 3673 495 3740 Oolon.
522 3674 607 3739 dioc.
638 3679 671 3739 et
700 3673 872 3739 Henrioum
902 3673 1023 3740 dietum
1054 3675 1095 3740 de
1118 3675 1311 3760 Dollindorp
1340 3677 1535 3742 canonicum
1559 3675 1595 3739 B.

254 3783 358 3848 Marie
380 3779 424 3845 ad
447 3780 569 3864 gradus
593 3779 703 3845 Goion.
729 3781 947 3860 eeclesiarum,
972 3788 1005 3845 et
1028 3781 1132 3847 eidem
1156 3802 1214 3866 per
1237 3781 1522 3867 arehiepiscopum
1538 3780 1596 3847 Go

252 3889 430 3954 loniensem
454 3893 487 3952 et
510 3886 794 3953 Monasteriensem
819 3893 852 3952 et
875 3887 1088 3954 Leodiensem
1112 3888 1354 3971 assignandum.

363 3993 441 4058 Com
473 3994 613 4078 palleum
646 3992 772 4076 insigne
801 4040 808 4056 .
838 4041 845 4057 .
876 4041 883 4056 .
931 3992 1007 4059 Dat.
1032 3994 1126 4059 Avin.
1157 3994 1202 4059 kl.
1235 3994 1391 4061 februarii
1424 4016 1456 4061 a.
1486 3994 1596 4063 tertio-

255 4100 392 4166 deoimo.

442 4203 514 4274 Rep.
534 4204 612 4273 892⁰.
632 4203 691 4258 262
707 4217 755 4256 or.
775 4203 852 4268 680;
870 4203 923 4258 Re.
944 4203 1025 4258 1123.

360 4440 485 4508 19112.
516 4444 602 4508 1329
626 4444 767 4508 Jaaaor
790 4442 843 4504 23.
873 4436 1038 4525 Aoipooo.

362 4581 523 4650 Iohannes
539 4584 640 4649 XXII
664 4579 908 4665 arehiepisoopo
932 4580 1113 4647 Coloniensi
1136 4587 1169 4647 et
1184 4583 1433 4653 Menanteriensi
1457 4609 1501 4655 ao
1515 4588 1597 4655 Leo

255 4690 358 4760 diensi
385 4690 546 4775 episeopis
569 4689 713 4768 nunciat,
738 4684 825 4769 quod
846 4684 926 4770 ipsis
948 4684 1085 4768 palleum
1101 4706 1159 4771 per
1174 4687 1350 4756 Henrieum
1368 4691 1410 4759 de
1426 4693 1598 4780 Spainhen
