3642 5509
267 403 321 462 ³44
818 407 889 466 1330
907 409 969 466 Jull
989 409 1031 464 23.

266 589 413 673 negociis
436 589 515 674 ipsis
539 589 633 654 aliter
658 587 823 673 disposito,
848 592 935 658 circa
959 592 1021 658 hoe
1046 591 1195 659 duximus
1212 591 1321 658 taliter
1336 591 1602 679 respondendnm,

268 696 353 778 quod
371 697 455 762 infra
472 700 620 763 octabam
639 700 724 764 beati
739 700 828 765 Petri
845 701 887 764 ad
901 702 1029 766 uinculo
1045 702 1223 787 proximam
1241 701 1292 766 rel
1309 701 1392 784 quod
1410 701 1453 766 ad
1465 702 1603 785 aliquem

266 804 372 869 locum
396 811 462 870 tam
478 807 571 872 robis
595 808 734 872 vicinum
760 829 856 891 quam
880 810 974 876 nobis
999 809 1164 874 nobiscum
1188 808 1274 873 intra
1296 808 1415 878 dietum
1439 811 1603 874 terminum

269 913 418 997 poteritis
442 916 614 980 convenire
638 935 696 980 uos
720 915 818 980 dante
835 916 964 982 domino
983 915 1193 1002 personaliter
1211 917 1438 982 transferemus
1455 917 1506 981 vel
1522 915 1604 981 inira

268 1022 405 1087 eundem
438 1024 607 1088 terminum
641 1023 776 1090 nuncios
808 1025 957 1090 solennes
985 1034 1110 1091 nostros
1140 1024 1305 1090 vobiscum
1333 1021 1503 1106 habebitis,
1533 1043 1602 1087 cum

267 1130 383 1211 quibus
417 1129 458 1194 de
492 1132 637 1214 negociis
669 1132 795 1216 imperii
825 1139 857 1197 et
886 1134 1003 1198 nostris
1028 1133 1174 1217 poteritis
1198 1137 1348 1215 tanquam
1374 1151 1444 1195 curn
1468 1150 1604 1216 persona

267 1243 377 1300 nostra
400 1239 531 1323 propria
554 1239 586 1302 in
611 1239 757 1304 omnibns
781 1239 939 1305 ordinare.
987 1237 1081 1306 Unde
1103 1237 1275 1304 secundum
1301 1237 1362 1302 hoe
1386 1237 1457 1303 aliis
1480 1236 1603 1322 imperii

267 1342 426 1425 fidelibus,
460 1345 575 1427 quibus
608 1345 761 1431 expedire
784 1345 942 1429 videritis,
977 1348 1102 1432 aperire
1127 1345 1255 1428 curetis,
1289 1343 1329 1409 de
1353 1345 1470 1410 nostris
1494 1352 1527 1410 et
1549 1345 1603 1408 irn-

267 1449 357 1535 perii¹
381 1451 526 1535 negociis
549 1452 655 1518 medio
688 1474 746 1538 pro
776 1456 898 1519 meliori
924 1461 1067 1540 tempore
1091 1452 1280 1539 disponatis,
1311 1453 1342 1516 iu
1369 1450 1544 1516 devocione
1572 1457 1604 1516 et

268 1560 454 1624 constancia
477 1559 590 1643 solitis,
625 1563 813 1647 postpositis
837 1563 1088 1645 quibuscumque
1122 1559 1352 1642 occidentibus
1385 1559 1603 1644 persistentes,

268 1665 309 1731 de
332 1668 448 1732 nostris
473 1667 505 1732 in
530 1668 687 1751 omnibus,
712 1689 773 1752 que
796 1670 880 1735 sacri
904 1670 1031 1754 imperii
1056 1691 1095 1734 ac
1119 1667 1217 1733 nostri
1242 1667 1394 1731 honorem
1418 1665 1604 1751 respiciant,

268 1773 401 1840 consilio
425 1780 458 1840 et
483 1774 707 1842 consolacione
731 1777 851 1843 contisi.
899 1778 1017 1842 Datum
1043 1777 1236 1859 Lucenburg
1259 1775 1290 1839 4.
1315 1773 1393 1840 iulii.

427 1900 499 1969 Bep.
520 1901 573 1953 116
594 1899 619 1970 f.
640 1901 686 1954 72¹
708 1917 756 1955 nr.
777 1903 851 1966 335,·
890 1902 942 1957 liz.
966 1917 1013 1956 nr.
1034 1903 1115 1956 1386.

376 2187 497 2256 1922.
532 2193 620 2256 1330
643 2191 720 2259 Joti
743 2193 797 2257 23,
822 2191 987 2280 Aolpooo.

376 2331 549 2417 [lohannes
571 2333 682 2418 XXII]
707 2336 802 2401 Petro
827 2336 975 2418 Arquerii
1001 2333 1124 2402 decano
1150 2334 1412 2420 Rothomagensi.

375 2440 459 2519 Quia
487 2442 679 2509 venerabilis
711 2443 812 2509 trater
846 2451 953 2510 noster
990 2445 1149 2510 Henricus
1182 2443 1443 2528 archiepiscopus
1473 2443 1604 2526 Magon-

269 2549 354 2613 tinus
377 2568 416 2613 ao
447 2547 582 2614 dilectus
606 2549 689 2615 lilius
718 2599 726 2614 .
756 2599 763 2615 .
793 2550 934 2618 decanus
968 2551 1106 2617 ecclesie
1130 2551 1309 2617 Bunnensis
1332 2570 1456 2615 necnon
1480 2550 1604 2615 nobiles

270 2655 331 2721 viri
357 2704 363 2720 .
389 2703 397 2720 .
423 2654 489 2720 dux
520 2656 700 2723 Brabancie
728 2665 793 2724 et.
821 2708 828 2723 .
854 2679 961 2724 eomes
996 2659 1037 2724 de
1067 2658 1276 2740 Winemburg
1310 2659 1410 2722 teneri
1443 2656 1603 2740 quondam

271 2761 448 2828 Benedicto
472 2762 596 2828 Rotarii
621 2765 684 2829 ciri
710 2765 849 2847 Astensi,
886 2768 939 2848 qui
973 2766 1080 2830 omnia
1112 2766 1198 2831 bons
1229 2785 1288 2830 suo
1320 2765 1452 2830 mobilia
1481 2784 1603 2829 necnon

271 2869 384 2934 debita
406 2875 439 2934 et
462 2867 585 2934 credita
616 2871 709 2937 nobis
733 2881 766 2936 et
789 2873 924 2938 ecclesie
949 2873 1092 2938 Romane
1122 2872 1213 2938 dedit
1237 2876 1268 2937 et
1292 2872 1398 2954 cessit,
1422 2872 1454 2935 in
1479 2871 1604 2954 magnis

271 2976 407 3063 pecunie
431 2978 664 3060 quantitatibus
688 2978 877 3045 dicebantur
901 2980 1036 3062 astricti,
1063 3001 1102 3044 an
1126 2979 1214 3065 ipsos
1238 2978 1279 3044 ad
1299 2977 1427 3045 easdem
1452 2979 1605 3062 pecunias

270 3083 362 3150 nobis
386 3090 418 3149 et
442 3084 579 3150 ecclesie
603 3093 777 3152 memorate
800 3087 972 3154 solvendas
997 3088 1187 3172 compellere
1211 3087 1343 3168 habeas,
1368 3085 1538 3150 cerciorari
1563 3083 1603 3149 de

269 3198 379 3257 nostro
402 3192 608 3276 beneplacito
632 3194 770 3278 peciisti.
817 3197 885 3262 Nos
901 3197 1012 3278 itaque
1036 3195 1199 3280 premissis
1223 3192 1410 3277 diligentius
1434 3191 1604 3257 intellectis

270 3306 303 3364 te
335 3297 543 3384 supersedere
578 3299 676 3364 certis
708 3301 1029 3382 (considerationibus,
1065 3321 1126 3383 que
1155 3299 1198 3365 ad
1226 3301 1258 3366 id
1288 3299 1519 3365 rationabiliter
1545 3319 1603 3364 nos

269 3405 435 3486 inducunt,
461 3405 713 3491 acompulsione
738 3406 919 3474 huiusmodi
945 3408 1088 3474 volumus
1112 3407 1218 3490 quoad
1242 3427 1384 3492 presens.
1415 3407 1490 3470 Dat.
1508 3405 1601 3470 huin.

270 3512 302 3576 X
325 3511 370 3576 kl.
395 3512 523 3594 angusti
547 3533 576 3577 a.
602 3512 854 3594 quartodecimo.

431 3644 507 3711 uoq.
528 3644 583 3696 115
597 3657 647 3711 pa.
668 3644 827 3714 IIf.122'
845 3661 893 3700 nr.
914 3647 995 3700 1709.

376 3903 515 3972 *1923
547 3907 634 3971 1330
656 3906 733 3972 Jott
756 3909 810 3969 24.
835 3905 1000 3992 Aoipnort.

376 4047 547 4131 [lohannes
569 4049 679 4134 XXII]
704 4049 909 4134 Heynderico
933 4050 966 4115 S.
992 4051 1138 4117 Severini
1164 4051 1274 4118 Colon.
1299 4055 1461 4138 preposito
1486 4059 1518 4118 et
1542 4053 1604 4118 Go-

272 4152 420 4220 descalco
450 4155 491 4220 de
515 4155 683 4240 Barbergh
715 4156 885 4222 scolastico
917 4158 1096 4224 Bunnensis
1126 4159 1237 4225 Colon.
1269 4159 1352 4226 dioc.
1384 4161 1602 4226 ecclesiarum.

379 4261 507 4327 Pridem
531 4263 744 4346 attendentes,
776 4264 863 4346 quod
886 4265 1071 4332 sexenualis
1095 4265 1220 4333 decima
1244 4287 1301 4352 per
1324 4267 1366 4332 fe.
1391 4288 1434 4333 re.
1461 4268 1603 4334 Clemen-

270 4375 336 4434 tem
360 4391 476 4454 papam
501 4371 555 4436 V.
574 4372 749 4456 .imp0sita
772 4374 804 4436 in
829 4373 961 4438 consilio
987 4373 1239 4439 Viennensi...
1266 4395 1327 4459 que
1351 4377 1383 4440 in
1408 4377 1541 4442 civitate
1563 4397 1602 4441 ac

272 4475 393 4541 diocesi
417 4483 449 4541 et
473 4477 639 4563 provincia
663 4477 844 4544 Coloniensi
869 4479 952 4544 sicut
982 4481 1013 4544 in
1039 4479 1175 4548 diuersis
1199 4482 1272 4548 aliis
1295 4483 1439 4567 partibus
1463 4483 1602 4548 nondum

271 4582 424 4648 extiterat
447 4585 618 4669 persoluta,
647 4633 654 4649 .
682 4634 689 4650 .
717 4634 724 4650 .
751 4587 843 4652 nobis
867 4591 900 4651 et
924 4585 1029 4651 cidem
1053 4588 1190 4653 ecclesie
1214 4589 1381 4674 [Romane]
1410 4592 1603 4657 noscebatur

272 4691 409 4755 existere
433 4690 601 4776 plurimum
627 4700 795 4778 oportuna,
823 4742 882 4758 ...
909 4693 1154 4780 archiepiscopo
1178 4695 1359 4762 Coloniensi
1385 4699 1516 4779 eiusque
1539 4697 1602 4764 sul-

271 4799 460 4883 fraganeis.
481 4849 488 4864 .
506 4847 513 4865 .
532 4800 643 4866 electis
661 4849 668 4864 .
687 4851 693 4866 .
713 4852 720 4866 .
738 4802 910 4867 abbatibus
928 4851 934 4865 .
954 4851 961 4866 .
980 4848 986 4864 .
1006 4804 1184 4885 ceterisque
1205 4805 1351 4888 personis
1374 4805 1603 4871 ecclesiasticis
