<?xml version="1.0" encoding="UTF-8"?>
<!DOCTYPE html PUBLIC "-//W3C//DTD XHTML 1.0 Transitional//EN"
    "http://www.w3.org/TR/xhtml1/DTD/xhtml1-transitional.dtd">
<html xmlns="http://www.w3.org/1999/xhtml" xml:lang="en" lang="en">
 <head>
  <title>
</title>
<meta http-equiv="Content-Type" content="text/html;charset=utf-8" />
  <meta name='ocr-system' content='tesseract 3.04.00' />
  <meta name='ocr-capabilities' content='ocr_page ocr_carea ocr_par ocr_line ocrx_word'/>
</head>
<body>
  <div class='ocr_page' id='page_1' title='image "./urkundenundrege00thimgoog_0335.png"; bbox 0 0 3642 5509; ppageno 0'>
   <div class='ocr_carea' id='block_1_1' title="bbox 279 461 1086 522">
    <p class='ocr_par' dir='ltr' id='par_1_1' title="bbox 279 461 1086 522">
     <span class='ocr_line' id='line_1_1' title="bbox 279 461 1086 522; baseline -0.009 0"><span class='ocrx_word' id='word_1_1' title='bbox 279 465 333 522; x_wconf 78' lang='lat'>806</span> <span class='ocrx_word' id='word_1_2' title='bbox 800 463 870 518; x_wconf 82' lang='grc'><em>1330</em></span> <span class='ocrx_word' id='word_1_3' title='bbox 887 461 1024 516; x_wconf 82' lang='lat' dir='ltr'>Februar</span> <span class='ocrx_word' id='word_1_4' title='bbox 1043 461 1086 516; x_wconf 87' lang='lat'>13.</span> 
     </span>
    </p>
   </div>
   <div class='ocr_carea' id='block_1_2' title="bbox 280 637 1613 1152">
    <p class='ocr_par' dir='ltr' id='par_1_2' title="bbox 280 637 1613 1152">
     <span class='ocr_line' id='line_1_2' title="bbox 280 637 1611 727; baseline -0.005 -17"><span class='ocrx_word' id='word_1_5' title='bbox 280 644 479 727; x_wconf 82' lang='lat' dir='ltr'><strong>mandamus,</strong></span> <span class='ocrx_word' id='word_1_6' title='bbox 503 644 704 727; x_wconf 90' lang='lat' dir='ltr'>quatinus..</span> <span class='ocrx_word' id='word_1_7' title='bbox 723 691 730 707; x_wconf 92' lang='lat'><strong>.</strong></span> <span class='ocrx_word' id='word_1_8' title='bbox 747 641 852 708; x_wconf 89' lang='lat' dir='ltr'>eidem</span> <span class='ocrx_word' id='word_1_9' title='bbox 876 641 1032 708; x_wconf 91' lang='lat' dir='ltr'>canonico</span> <span class='ocrx_word' id='word_1_10' title='bbox 1057 639 1142 725; x_wconf 90' lang='lat' dir='ltr'>apud</span> <span class='ocrx_word' id='word_1_11' title='bbox 1167 637 1287 705; x_wconf 89' lang='lat' dir='ltr'>dictam</span> <span class='ocrx_word' id='word_1_12' title='bbox 1304 639 1413 706; x_wconf 92' lang='lat' dir='ltr'>sedem</span> <span class='ocrx_word' id='word_1_13' title='bbox 1431 637 1611 705; x_wconf 91' lang='lat' dir='ltr'>huiusmodi</span> 
     </span>
     <span class='ocr_line' id='line_1_3' title="bbox 281 745 1613 834; baseline -0.006 -16"><span class='ocrx_word' id='word_1_14' title='bbox 281 751 388 819; x_wconf 90' lang='lat' dir='ltr'>studio</span> <span class='ocrx_word' id='word_1_15' title='bbox 411 752 568 817; x_wconf 81' lang='lat' dir='ltr'>insistenti</span> <span class='ocrx_word' id='word_1_16' title='bbox 593 750 723 815; x_wconf 87' lang='lat' dir='ltr'>faciatis</span> <span class='ocrx_word' id='word_1_17' title='bbox 746 749 871 814; x_wconf 85' lang='lat' dir='ltr'>fructus</span> <span class='ocrx_word' id='word_1_18' title='bbox 897 796 957 813; x_wconf 89' lang='lat'>...</span> <span class='ocrx_word' id='word_1_19' title='bbox 981 747 1155 834; x_wconf 89' lang='lat' dir='ltr'>prebende,</span> <span class='ocrx_word' id='word_1_20' title='bbox 1180 766 1259 829; x_wconf 89' lang='lat' dir='ltr'>quos</span> <span class='ocrx_word' id='word_1_21' title='bbox 1282 747 1314 811; x_wconf 89' lang='lat' dir='ltr'>in</span> <span class='ocrx_word' id='word_1_22' title='bbox 1339 745 1451 811; x_wconf 88' lang='lat' dir='ltr'>cadem</span> <span class='ocrx_word' id='word_1_23' title='bbox 1476 747 1613 812; x_wconf 87' lang='lat' dir='ltr'>eeclesia</span> 
     </span>
     <span class='ocr_line' id='line_1_4' title="bbox 282 852 1613 938; baseline -0.005 -14"><span class='ocrx_word' id='word_1_24' title='bbox 282 860 415 936; x_wconf 88' lang='lat' dir='ltr'>obtinet,</span> <span class='ocrx_word' id='word_1_25' title='bbox 440 856 612 923; x_wconf 78' lang='lat' dir='ltr'>cotidianis</span> <span class='ocrx_word' id='word_1_26' title='bbox 628 855 907 922; x_wconf 86' lang='lat' dir='ltr'>distributionibus</span> <span class='ocrx_word' id='word_1_27' title='bbox 925 854 1093 919; x_wconf 81' lang='lat' dir='ltr'>dumtaxat</span> <span class='ocrx_word' id='word_1_28' title='bbox 1110 853 1265 938; x_wconf 88' lang='lat' dir='ltr'>exceptis,</span> <span class='ocrx_word' id='word_1_29' title='bbox 1289 853 1380 918; x_wconf 79' lang='lat' dir='ltr'>iuxta</span> <span class='ocrx_word' id='word_1_30' title='bbox 1396 852 1613 938; x_wconf 90' lang='lat' dir='ltr'>predictarum</span> 
     </span>
     <span class='ocr_line' id='line_1_5' title="bbox 282 960 1611 1048; baseline -0.008 -17"><span class='ocrx_word' id='word_1_31' title='bbox 282 966 540 1031; x_wconf 82' lang='lat' dir='ltr'>constitutionum</span> <span class='ocrx_word' id='word_1_32' title='bbox 565 973 692 1030; x_wconf 88' lang='lat' dir='ltr'>tenores</span> <span class='ocrx_word' id='word_1_33' title='bbox 715 983 772 1048; x_wconf 89' lang='lat' dir='ltr'>per·</span> <span class='ocrx_word' id='word_1_34' title='bbox 795 961 879 1027; x_wconf 88' lang='lat' dir='ltr'>idem</span> <span class='ocrx_word' id='word_1_35' title='bbox 906 961 1157 1045; x_wconf 85' lang='lat' dir='ltr'>quinquennium</span> <span class='ocrx_word' id='word_1_36' title='bbox 1181 961 1306 1042; x_wconf 82' lang='lat' dir='ltr'>integre</span> <span class='ocrx_word' id='word_1_37' title='bbox 1329 960 1512 1044; x_wconf 86' lang='lat' dir='ltr'>ministrari,</span> <span class='ocrx_word' id='word_1_38' title='bbox 1538 1009 1546 1025; x_wconf 88' lang='lat'><strong>.</strong></span> <span class='ocrx_word' id='word_1_39' title='bbox 1572 1009 1579 1025; x_wconf 93' lang='lat'><strong>.</strong></span> <span class='ocrx_word' id='word_1_40' title='bbox 1604 1009 1611 1021; x_wconf 90' lang='lat'>.</span> 
     </span>
     <span class='ocr_line' id='line_1_6' title="bbox 282 1067 1083 1152; baseline -0.006 -15"><span class='ocrx_word' id='word_1_41' title='bbox 282 1072 355 1137; x_wconf 88' lang='lat' dir='ltr'>Dat.</span> <span class='ocrx_word' id='word_1_42' title='bbox 381 1072 476 1138; x_wconf 84' lang='lat' dir='ltr'>Avia.</span> <span class='ocrx_word' id='word_1_43' title='bbox 501 1071 573 1136; x_wconf 90' lang='lat' dir='ltr'>idus</span> <span class='ocrx_word' id='word_1_44' title='bbox 597 1070 749 1136; x_wconf 87' lang='lat' dir='ltr'>februarii</span> <span class='ocrx_word' id='word_1_45' title='bbox 775 1091 805 1135; x_wconf 89' lang='lat' dir='ltr'>a.</span> <span class='ocrx_word' id='word_1_46' title='bbox 830 1067 1083 1152; x_wconf 89' lang='lat' dir='ltr'>quartodecimo.</span> 
     </span>
    </p>
   </div>
   <div class='ocr_carea' id='block_1_3' title="bbox 431 1211 706 1282">
    <p class='ocr_par' dir='ltr' id='par_1_3' title="bbox 431 1211 706 1282">
     <span class='ocr_line' id='line_1_7' title="bbox 431 1211 706 1282; baseline -0.004 -17"><span class='ocrx_word' id='word_1_47' title='bbox 431 1213 502 1282; x_wconf 73' lang='lat' dir='ltr'>Req.</span> <span class='ocrx_word' id='word_1_48' title='bbox 520 1213 560 1265; x_wconf 84' lang='lat'>93</span> <span class='ocrx_word' id='word_1_49' title='bbox 577 1226 626 1265; x_wconf 80' lang='lat' dir='ltr'>ar.</span> <span class='ocrx_word' id='word_1_50' title='bbox 645 1211 706 1264; x_wconf 81' lang='lat'><strong><em>721.</em></strong></span> 
     </span>
    </p>
   </div>
   <div class='ocr_carea' id='block_1_4' title="bbox 388 1386 1109 1474">
    <p class='ocr_par' dir='ltr' id='par_1_4' title="bbox 388 1386 1109 1474">
     <span class='ocr_line' id='line_1_8' title="bbox 388 1386 1109 1474; baseline -0.006 -18"><span class='ocrx_word' id='word_1_51' title='bbox 388 1390 511 1457; x_wconf 74' lang='lat'>1842.</span> <span class='ocrx_word' id='word_1_52' title='bbox 538 1392 626 1455; x_wconf 88' lang='grc'><em>1330</em></span> <span class='ocrx_word' id='word_1_53' title='bbox 650 1391 804 1454; x_wconf 82' lang='lat' dir='ltr'>Februar</span> <span class='ocrx_word' id='word_1_54' title='bbox 831 1391 881 1454; x_wconf 83' lang='lat'>13.</span> <span class='ocrx_word' id='word_1_55' title='bbox 920 1386 1109 1474; x_wconf 80' lang='lat' dir='ltr'>(Aviqaoa.)</span> 
     </span>
    </p>
   </div>
   <div class='ocr_carea' id='block_1_5' title="bbox 280 1529 1617 3964">
    <p class='ocr_par' dir='ltr' id='par_1_5' title="bbox 282 1529 1614 1722">
     <span class='ocr_line' id='line_1_9' title="bbox 388 1529 1614 1617; baseline -0.002 -19"><span class='ocrx_word' id='word_1_56' title='bbox 388 1533 559 1617; x_wconf 84' lang='lat' dir='ltr'>[lohannes</span> <span class='ocrx_word' id='word_1_57' title='bbox 583 1531 694 1615; x_wconf 87' lang='lat' dir='ltr'>XXII]</span> <span class='ocrx_word' id='word_1_58' title='bbox 720 1529 901 1596; x_wconf 89' lang='lat' dir='ltr'>Henderico</span> <span class='ocrx_word' id='word_1_59' title='bbox 926 1530 1089 1615; x_wconf 87' lang='lat' dir='ltr'>preposito</span> <span class='ocrx_word' id='word_1_60' title='bbox 1114 1529 1147 1594; x_wconf 91' lang='lat' dir='ltr'>S.</span> <span class='ocrx_word' id='word_1_61' title='bbox 1167 1529 1335 1614; x_wconf 72' lang='lat' dir='ltr'>Severilai]</span> <span class='ocrx_word' id='word_1_62' title='bbox 1360 1530 1558 1596; x_wconf 68' lang='lat' dir='ltr'>coloniensis</span> <span class='ocrx_word' id='word_1_63' title='bbox 1582 1538 1614 1595; x_wconf 94' lang='lat' dir='ltr'>et</span> 
     </span>
     <span class='ocr_line' id='line_1_10' title="bbox 282 1636 1612 1722; baseline -0.004 -15"><span class='ocrx_word' id='word_1_64' title='bbox 282 1640 482 1708; x_wconf 87' lang='lat' dir='ltr'>Godescalco</span> <span class='ocrx_word' id='word_1_65' title='bbox 506 1639 547 1704; x_wconf 90' lang='lat' dir='ltr'>de</span> <span class='ocrx_word' id='word_1_66' title='bbox 564 1637 730 1722; x_wconf 86' lang='lat' dir='ltr'>Barbergb</span> <span class='ocrx_word' id='word_1_67' title='bbox 754 1638 925 1703; x_wconf 87' lang='lat' dir='ltr'>scolastico</span> <span class='ocrx_word' id='word_1_68' title='bbox 950 1637 1128 1702; x_wconf 90' lang='lat' dir='ltr'>Buunensis</span> <span class='ocrx_word' id='word_1_69' title='bbox 1152 1636 1261 1702; x_wconf 79' lang='lat' dir='ltr'>Gelon.</span> <span class='ocrx_word' id='word_1_70' title='bbox 1286 1636 1369 1703; x_wconf 89' lang='lat' dir='ltr'>dioc.</span> <span class='ocrx_word' id='word_1_71' title='bbox 1395 1637 1612 1702; x_wconf 89' lang='lat' dir='ltr'>ecclesiarum.</span> 
     </span>
    </p>

    <p class='ocr_par' dir='ltr' id='par_1_6' title="bbox 280 1743 1617 3964">
     <span class='ocr_line' id='line_1_11' title="bbox 388 1743 1613 1831; baseline -0.003 -18"><span class='ocrx_word' id='word_1_72' title='bbox 388 1747 499 1831; x_wconf 90' lang='lat' dir='ltr'>Nuper</span> <span class='ocrx_word' id='word_1_73' title='bbox 523 1745 566 1810; x_wconf 91' lang='lat' dir='ltr'>ad</span> <span class='ocrx_word' id='word_1_74' title='bbox 591 1746 743 1810; x_wconf 80' lang='lat' dir='ltr'>noticiam</span> <span class='ocrx_word' id='word_1_75' title='bbox 768 1751 909 1810; x_wconf 88' lang='lat' dir='ltr'>nostram</span> <span class='ocrx_word' id='word_1_76' title='bbox 1016 1743 1232 1810; x_wconf 90' lang='lat' dir='ltr'>deducto...</span> <span class='ocrx_word' id='word_1_77' title='bbox 1257 1743 1298 1808; x_wconf 88' lang='lat' dir='ltr'>ad</span> <span class='ocrx_word' id='word_1_78' title='bbox 1323 1743 1613 1810; x_wconf 83' lang='lat' dir='ltr'>commendatorem</span> 
     </span>
     <span class='ocr_line' id='line_1_12' title="bbox 282 1850 1613 1935; baseline -0.002 -16"><span class='ocrx_word' id='word_1_79' title='bbox 282 1853 395 1920; x_wconf 90' lang='lat' dir='ltr'>domus</span> <span class='ocrx_word' id='word_1_80' title='bbox 408 1854 444 1918; x_wconf 90' lang='lat' dir='ltr'>B.</span> <span class='ocrx_word' id='word_1_81' title='bbox 457 1853 556 1918; x_wconf 86' lang='lat' dir='ltr'>Mario</span> <span class='ocrx_word' id='word_1_82' title='bbox 568 1852 837 1917; x_wconf 89' lang='lat' dir='ltr'>Theotonicorum</span> <span class='ocrx_word' id='word_1_83' title='bbox 852 1850 1052 1917; x_wconf 82' lang='lat' dir='ltr'>Coloniensis</span> <span class='ocrx_word' id='word_1_84' title='bbox 1065 1851 1271 1935; x_wconf 86' lang='lat' dir='ltr'>recipientem</span> <span class='ocrx_word' id='word_1_85' title='bbox 1286 1852 1412 1916; x_wconf 88' lang='lat' dir='ltr'>nomine</span> <span class='ocrx_word' id='word_1_86' title='bbox 1427 1851 1477 1916; x_wconf 93' lang='lat' dir='ltr'>sui</span> <span class='ocrx_word' id='word_1_87' title='bbox 1492 1851 1613 1918; x_wconf 89' lang='lat' dir='ltr'>ordinis</span> 
     </span>
     <span class='ocr_line' id='line_1_13' title="bbox 280 1955 1612 2041; baseline -0.003 -15"><span class='ocrx_word' id='word_1_88' title='bbox 280 1960 429 2026; x_wconf 89' lang='lat' dir='ltr'>undecim</span> <span class='ocrx_word' id='word_1_89' title='bbox 453 1958 602 2024; x_wconf 87' lang='lat' dir='ltr'>marchas</span> <span class='ocrx_word' id='word_1_90' title='bbox 625 1959 694 2024; x_wconf 90' lang='lat' dir='ltr'>auri</span> <span class='ocrx_word' id='word_1_91' title='bbox 718 1977 789 2023; x_wconf 91' lang='lat' dir='ltr'>eum</span> <span class='ocrx_word' id='word_1_92' title='bbox 814 1955 949 2022; x_wconf 91' lang='lat' dir='ltr'>dimidia</span> <span class='ocrx_word' id='word_1_93' title='bbox 972 1957 1015 2023; x_wconf 92' lang='lat' dir='ltr'>ad</span> <span class='ocrx_word' id='word_1_94' title='bbox 1039 1956 1163 2041; x_wconf 87' lang='lat' dir='ltr'>pondus</span> <span class='ocrx_word' id='word_1_95' title='bbox 1180 1957 1370 2023; x_wconf 81' lang='lat' dir='ltr'>Coloniense</span> <span class='ocrx_word' id='word_1_96' title='bbox 1387 1956 1429 2022; x_wconf 88' lang='lat' dir='ltr'>ad</span> <span class='ocrx_word' id='word_1_97' title='bbox 1454 1978 1612 2023; x_wconf 88' lang='lat' dir='ltr'>cameram</span> 
     </span>
     <span class='ocr_line' id='line_1_14' title="bbox 282 2062 1613 2151; baseline -0.002 -19"><span class='ocrx_word' id='word_1_98' title='bbox 282 2074 422 2132; x_wconf 91' lang='lat' dir='ltr'>nostram</span> <span class='ocrx_word' id='word_1_99' title='bbox 447 2072 632 2151; x_wconf 86' lang='lat' dir='ltr'>spectantes</span> <span class='ocrx_word' id='word_1_100' title='bbox 653 2065 715 2130; x_wconf 89' lang='lat' dir='ltr'>sibi</span> <span class='ocrx_word' id='word_1_101' title='bbox 740 2085 797 2151; x_wconf 93' lang='lat' dir='ltr'>per</span> <span class='ocrx_word' id='word_1_102' title='bbox 820 2063 1057 2129; x_wconf 87' lang='lat' dir='ltr'>Theodericum</span> <span class='ocrx_word' id='word_1_103' title='bbox 1082 2062 1123 2128; x_wconf 91' lang='lat' dir='ltr'>de</span> <span class='ocrx_word' id='word_1_104' title='bbox 1147 2063 1290 2146; x_wconf 89' lang='lat' dir='ltr'>Polonia,</span> <span class='ocrx_word' id='word_1_105' title='bbox 1321 2065 1375 2147; x_wconf 91' lang='lat' dir='ltr'>qui</span> <span class='ocrx_word' id='word_1_106' title='bbox 1399 2083 1433 2128; x_wconf 92' lang='lat' dir='ltr'>se</span> <span class='ocrx_word' id='word_1_107' title='bbox 1457 2063 1537 2129; x_wconf 85' lang='lat' dir='ltr'>facit</span> <span class='ocrx_word' id='word_1_108' title='bbox 1560 2085 1613 2129; x_wconf 92' lang='lat' dir='ltr'>uo·</span> 
     </span>
     <span class='ocr_line' id='line_1_15' title="bbox 282 2169 1614 2257; baseline -0.002 -18"><span class='ocrx_word' id='word_1_109' title='bbox 282 2175 396 2239; x_wconf 91' lang='lat' dir='ltr'>minari</span> <span class='ocrx_word' id='word_1_110' title='bbox 429 2173 561 2237; x_wconf 78' lang='lat' dir='ltr'>fratrem</span> <span class='ocrx_word' id='word_1_111' title='bbox 585 2171 760 2237; x_wconf 92' lang='lat' dir='ltr'>lohauncm</span> <span class='ocrx_word' id='word_1_112' title='bbox 784 2171 826 2236; x_wconf 91' lang='lat' dir='ltr'>de</span> <span class='ocrx_word' id='word_1_113' title='bbox 849 2171 993 2254; x_wconf 90' lang='lat' dir='ltr'>Polouia,</span> <span class='ocrx_word' id='word_1_114' title='bbox 1028 2171 1106 2235; x_wconf 91' lang='lat' dir='ltr'>dicti</span> <span class='ocrx_word' id='word_1_115' title='bbox 1140 2169 1261 2238; x_wconf 88' lang='lat' dir='ltr'>ordinis</span> <span class='ocrx_word' id='word_1_116' title='bbox 1290 2170 1514 2256; x_wconf 88' lang='lat' dir='ltr'>presentat[as]</span> <span class='ocrx_word' id='word_1_117' title='bbox 1545 2192 1614 2257; x_wconf 90' lang='lat' dir='ltr'>per·</span> 
     </span>
     <span class='ocr_line' id='line_1_16' title="bbox 283 2277 1614 2363; baseline -0.002 -16"><span class='ocrx_word' id='word_1_118' title='bbox 283 2281 434 2347; x_wconf 79' lang='lat' dir='ltr'>venisse⁸</span> <span class='ocrx_word' id='word_1_119' title='bbox 451 2328 458 2343; x_wconf 90' lang='lat'><strong>.</strong></span> <span class='ocrx_word' id='word_1_120' title='bbox 477 2327 485 2343; x_wconf 89' lang='lat'><strong>.</strong></span> <span class='ocrx_word' id='word_1_121' title='bbox 502 2328 509 2341; x_wconf 91' lang='lat'><strong>.</strong></span> <span class='ocrx_word' id='word_1_122' title='bbox 527 2299 586 2344; x_wconf 87' lang='lat' dir='ltr'>nos</span> <span class='ocrx_word' id='word_1_123' title='bbox 604 2329 611 2343; x_wconf 93' lang='lat'><strong>.</strong></span> <span class='ocrx_word' id='word_1_124' title='bbox 630 2328 637 2343; x_wconf 91' lang='lat'><strong>.</strong></span> <span class='ocrx_word' id='word_1_125' title='bbox 662 2279 803 2343; x_wconf 89' lang='lat' dir='ltr'>Henrico</span> <span class='ocrx_word' id='word_1_126' title='bbox 828 2279 1028 2363; x_wconf 87' lang='lat' dir='ltr'>procuratori</span> <span class='ocrx_word' id='word_1_127' title='bbox 1056 2277 1134 2342; x_wconf 86' lang='lat' dir='ltr'>dicti</span> <span class='ocrx_word' id='word_1_128' title='bbox 1159 2277 1281 2342; x_wconf 91' lang='lat' dir='ltr'>ordinis</span> <span class='ocrx_word' id='word_1_129' title='bbox 1307 2277 1339 2342; x_wconf 90' lang='lat' dir='ltr'>in</span> <span class='ocrx_word' id='word_1_130' title='bbox 1355 2277 1501 2344; x_wconf 89' lang='lat' dir='ltr'>Romana</span> <span class='ocrx_word' id='word_1_131' title='bbox 1526 2279 1614 2344; x_wconf 90' lang='lat' dir='ltr'>curia</span> 
     </span>
     <span class='ocr_line' id='line_1_17' title="bbox 282 2383 1614 2471; baseline -0.001 -20"><span class='ocrx_word' id='word_1_132' title='bbox 282 2389 315 2452; x_wconf 86' lang='lat' dir='ltr'>in</span> <span class='ocrx_word' id='word_1_133' title='bbox 339 2393 448 2452; x_wconf 89' lang='lat' dir='ltr'>nostra</span> <span class='ocrx_word' id='word_1_134' title='bbox 480 2386 643 2471; x_wconf 89' lang='lat' dir='ltr'>presentia</span> <span class='ocrx_word' id='word_1_135' title='bbox 676 2385 849 2449; x_wconf 86' lang='lat' dir='ltr'>constituto</span> <span class='ocrx_word' id='word_1_136' title='bbox 882 2403 1034 2469; x_wconf 82' lang='lat' dir='ltr'>expresse</span> <span class='ocrx_word' id='word_1_137' title='bbox 1066 2383 1300 2466; x_wconf 88' lang='lat' dir='ltr'>mandavimus,</span> <span class='ocrx_word' id='word_1_138' title='bbox 1335 2390 1370 2448; x_wconf 92' lang='lat' dir='ltr'>ut</span> <span class='ocrx_word' id='word_1_139' title='bbox 1395 2384 1559 2450; x_wconf 88' lang='lat' dir='ltr'>ordinaret</span> <span class='ocrx_word' id='word_1_140' title='bbox 1582 2391 1614 2450; x_wconf 91' lang='lat' dir='ltr'>et</span> 
     </span>
     <span class='ocr_line' id='line_1_18' title="bbox 282 2489 1614 2577; baseline -0.002 -18"><span class='ocrx_word' id='word_1_141' title='bbox 282 2495 404 2559; x_wconf 82' lang='lat' dir='ltr'>laceret</span> <span class='ocrx_word' id='word_1_142' title='bbox 427 2491 546 2558; x_wconf 91' lang='lat' dir='ltr'>dictam</span> <span class='ocrx_word' id='word_1_143' title='bbox 571 2492 739 2577; x_wconf 90' lang='lat' dir='ltr'>pecuniam</span> <span class='ocrx_word' id='word_1_144' title='bbox 764 2491 868 2557; x_wconf 90' lang='lat' dir='ltr'>eidem</span> <span class='ocrx_word' id='word_1_145' title='bbox 893 2511 1019 2556; x_wconf 90' lang='lat' dir='ltr'>camere</span> <span class='ocrx_word' id='word_1_146' title='bbox 1043 2489 1242 2573; x_wconf 87' lang='lat' dir='ltr'>integraliter</span> <span class='ocrx_word' id='word_1_147' title='bbox 1257 2491 1446 2575; x_wconf 86' lang='lat' dir='ltr'>presentari.</span> <span class='ocrx_word' id='word_1_148' title='bbox 1480 2491 1522 2556; x_wconf 84' lang='lat' dir='ltr'>Et</span> <span class='ocrx_word' id='word_1_149' title='bbox 1539 2493 1614 2557; x_wconf 90' lang='lat' dir='ltr'>licet</span> 
     </span>
     <span class='ocr_line' id='line_1_19' title="bbox 282 2596 1613 2684; baseline -0.002 -19"><span class='ocrx_word' id='word_1_150' title='bbox 282 2598 368 2665; x_wconf 88' lang='lat' dir='ltr'>idem</span> <span class='ocrx_word' id='word_1_151' title='bbox 393 2599 634 2665; x_wconf 89' lang='lat' dir='ltr'>commendator</span> <span class='ocrx_word' id='word_1_152' title='bbox 657 2618 766 2684; x_wconf 87' lang='lat' dir='ltr'>per..</span> <span class='ocrx_word' id='word_1_153' title='bbox 789 2598 939 2663; x_wconf 84' lang='lat' dir='ltr'>Gasberti</span> <span class='ocrx_word' id='word_1_154' title='bbox 964 2596 1198 2682; x_wconf 89' lang='lat' dir='ltr'>archiepiscopi</span> <span class='ocrx_word' id='word_1_155' title='bbox 1223 2597 1421 2663; x_wconf 84' lang='lat' dir='ltr'>Arelatensis</span> <span class='ocrx_word' id='word_1_156' title='bbox 1446 2598 1613 2664; x_wconf 88' lang='lat' dir='ltr'>camerarii</span> 
     </span>
     <span class='ocr_line' id='line_1_20' title="bbox 283 2703 1614 2791; baseline -0.002 -18"><span class='ocrx_word' id='word_1_157' title='bbox 283 2708 382 2773; x_wconf 87' lang='lat' dir='ltr'>nostri</span> <span class='ocrx_word' id='word_1_158' title='bbox 407 2714 439 2773; x_wconf 89' lang='lat' dir='ltr'>et</span> <span class='ocrx_word' id='word_1_159' title='bbox 463 2705 542 2771; x_wconf 90' lang='lat' dir='ltr'>dicti</span> <span class='ocrx_word' id='word_1_160' title='bbox 566 2706 782 2791; x_wconf 87' lang='lat' dir='ltr'>procuratoris</span> <span class='ocrx_word' id='word_1_161' title='bbox 805 2705 940 2787; x_wconf 87' lang='lat' dir='ltr'>litteras,</span> <span class='ocrx_word' id='word_1_162' title='bbox 970 2704 1054 2787; x_wconf 91' lang='lat' dir='ltr'>quod</span> <span class='ocrx_word' id='word_1_163' title='bbox 1085 2703 1265 2769; x_wconf 88' lang='lat' dir='ltr'>huiusmodi</span> <span class='ocrx_word' id='word_1_164' title='bbox 1288 2706 1456 2790; x_wconf 89' lang='lat' dir='ltr'>pecuniam</span> <span class='ocrx_word' id='word_1_165' title='bbox 1481 2705 1614 2772; x_wconf 89' lang='lat' dir='ltr'>deberet</span> 
     </span>
     <span class='ocr_line' id='line_1_21' title="bbox 284 2811 1613 2899; baseline -0.002 -20"><span class='ocrx_word' id='word_1_166' title='bbox 284 2813 371 2879; x_wconf 90' lang='lat' dir='ltr'>dicte</span> <span class='ocrx_word' id='word_1_167' title='bbox 404 2833 530 2880; x_wconf 90' lang='lat' dir='ltr'>camere</span> <span class='ocrx_word' id='word_1_168' title='bbox 561 2819 757 2899; x_wconf 86' lang='lat' dir='ltr'>presentare,</span> <span class='ocrx_word' id='word_1_169' title='bbox 793 2813 889 2878; x_wconf 85' lang='lat' dir='ltr'>fuerit</span> <span class='ocrx_word' id='word_1_170' title='bbox 922 2812 1105 2897; x_wconf 90' lang='lat' dir='ltr'>specialiter</span> <span class='ocrx_word' id='word_1_171' title='bbox 1136 2813 1317 2895; x_wconf 86' lang='lat' dir='ltr'>requisitus,</span> <span class='ocrx_word' id='word_1_172' title='bbox 1352 2811 1422 2897; x_wconf 91' lang='lat' dir='ltr'>ipse</span> <span class='ocrx_word' id='word_1_173' title='bbox 1449 2821 1555 2878; x_wconf 88' lang='lat' dir='ltr'>tamen</span> <span class='ocrx_word' id='word_1_174' title='bbox 1579 2814 1613 2877; x_wconf 93' lang='lat' dir='ltr'>id</span> 
     </span>
     <span class='ocr_line' id='line_1_22' title="bbox 283 2918 1614 3004; baseline 0 -18"><span class='ocrx_word' id='word_1_175' title='bbox 283 2921 391 2987; x_wconf 86' lang='lat' dir='ltr'>lacere</span> <span class='ocrx_word' id='word_1_176' title='bbox 419 2941 483 2986; x_wconf 92' lang='lat' dir='ltr'>non</span> <span class='ocrx_word' id='word_1_177' title='bbox 514 2922 648 2986; x_wconf 88' lang='lat' dir='ltr'>curavit.</span> <span class='ocrx_word' id='word_1_178' title='bbox 695 2920 763 2988; x_wconf 90' lang='lat' dir='ltr'>Nos</span> <span class='ocrx_word' id='word_1_179' title='bbox 792 2940 868 2985; x_wconf 87' lang='lat' dir='ltr'>vero</span> <span class='ocrx_word' id='word_1_180' title='bbox 983 2918 1169 2984; x_wconf 86' lang='lat' dir='ltr'>discretioni</span> <span class='ocrx_word' id='word_1_181' title='bbox 1193 2926 1299 2984; x_wconf 90' lang='lat' dir='ltr'>vestre</span> <span class='ocrx_word' id='word_1_182' title='bbox 1417 2918 1614 3004; x_wconf 86' lang='lat' dir='ltr'>mandamus,</span> 
     </span>
     <span class='ocr_line' id='line_1_23' title="bbox 284 3026 1614 3112; baseline -0.001 -19"><span class='ocrx_word' id='word_1_183' title='bbox 284 3029 457 3111; x_wconf 89' lang='lat' dir='ltr'>quatinus.</span> <span class='ocrx_word' id='word_1_184' title='bbox 477 3076 484 3092; x_wconf 93' lang='lat'><strong><em>.</em></strong></span> <span class='ocrx_word' id='word_1_185' title='bbox 503 3076 510 3091; x_wconf 91' lang='lat'><strong>.</strong></span> <span class='ocrx_word' id='word_1_186' title='bbox 527 3027 664 3093; x_wconf 91' lang='lat' dir='ltr'>eundem</span> <span class='ocrx_word' id='word_1_187' title='bbox 689 3026 980 3093; x_wconf 88' lang='lat' dir='ltr'>commendatorem</span> <span class='ocrx_word' id='word_1_188' title='bbox 997 3047 1036 3092; x_wconf 81' lang='lat' dir='ltr'>ex</span> <span class='ocrx_word' id='word_1_189' title='bbox 1054 3032 1146 3112; x_wconf 91' lang='lat' dir='ltr'>parte</span> <span class='ocrx_word' id='word_1_190' title='bbox 1170 3032 1279 3091; x_wconf 89' lang='lat' dir='ltr'>nostra</span> <span class='ocrx_word' id='word_1_191' title='bbox 1302 3046 1431 3092; x_wconf 90' lang='lat' dir='ltr'>monere</span> <span class='ocrx_word' id='word_1_192' title='bbox 1455 3047 1493 3091; x_wconf 88' lang='lat' dir='ltr'>ae</span> <span class='ocrx_word' id='word_1_193' title='bbox 1510 3027 1614 3093; x_wconf 89' lang='lat' dir='ltr'>eidem</span> 
     </span>
     <span class='ocr_line' id='line_1_24' title="bbox 285 3133 1616 3221; baseline -0.002 -21"><span class='ocrx_word' id='word_1_194' title='bbox 285 3155 436 3221; x_wconf 83' lang='lat' dir='ltr'>expresse</span> <span class='ocrx_word' id='word_1_195' title='bbox 465 3133 620 3199; x_wconf 88' lang='lat' dir='ltr'>mandare</span> <span class='ocrx_word' id='word_1_196' title='bbox 644 3135 770 3215; x_wconf 91' lang='lat' dir='ltr'>curetis,</span> <span class='ocrx_word' id='word_1_197' title='bbox 800 3143 835 3198; x_wconf 88' lang='lat' dir='ltr'>ut</span> <span class='ocrx_word' id='word_1_198' title='bbox 862 3133 948 3198; x_wconf 83' lang='lat' dir='ltr'>inira</span> <span class='ocrx_word' id='word_1_199' title='bbox 975 3133 1068 3198; x_wconf 89' lang='lat' dir='ltr'>unius</span> <span class='ocrx_word' id='word_1_200' title='bbox 1091 3133 1208 3198; x_wconf 89' lang='lat' dir='ltr'>mensis</span> <span class='ocrx_word' id='word_1_201' title='bbox 1231 3134 1375 3217; x_wconf 90' lang='lat' dir='ltr'>spacium</span> <span class='ocrx_word' id='word_1_202' title='bbox 1399 3155 1418 3198; x_wconf 90' lang='lat' dir='ltr'>a</span> <span class='ocrx_word' id='word_1_203' title='bbox 1442 3133 1494 3199; x_wconf 92' lang='lat' dir='ltr'>die</span> <span class='ocrx_word' id='word_1_204' title='bbox 1518 3135 1616 3199; x_wconf 91' lang='lat' dir='ltr'>moni·</span> 
     </span>
     <span class='ocr_line' id='line_1_25' title="bbox 285 3239 1616 3327; baseline 0 -21"><span class='ocrx_word' id='word_1_205' title='bbox 285 3242 467 3308; x_wconf 89' lang='lat' dir='ltr'>tionis</span> <span class='ocrx_word' id='word_1_206' title='bbox 494 3240 700 3327; x_wconf 86' lang='lat' dir='ltr'>computandi</span> <span class='ocrx_word' id='word_1_207' title='bbox 729 3239 891 3326; x_wconf 86' lang='lat' dir='ltr'>predictas</span> <span class='ocrx_word' id='word_1_208' title='bbox 921 3239 1069 3305; x_wconf 86' lang='lat' dir='ltr'>undecim</span> <span class='ocrx_word' id='word_1_209' title='bbox 1102 3239 1250 3304; x_wconf 81' lang='lat' dir='ltr'>marchas</span> <span class='ocrx_word' id='word_1_210' title='bbox 1283 3259 1354 3305; x_wconf 89' lang='lat' dir='ltr'>cum</span> <span class='ocrx_word' id='word_1_211' title='bbox 1384 3239 1518 3306; x_wconf 84' lang='lat' dir='ltr'>dimidia</span> <span class='ocrx_word' id='word_1_212' title='bbox 1547 3244 1616 3306; x_wconf 87' lang='lat' dir='ltr'>auri</span> 
     </span>
     <span class='ocr_line' id='line_1_26' title="bbox 285 3345 1616 3434; baseline 0 -20"><span class='ocrx_word' id='word_1_213' title='bbox 285 3349 412 3434; x_wconf 88' lang='lat' dir='ltr'>prefate</span> <span class='ocrx_word' id='word_1_214' title='bbox 436 3367 563 3414; x_wconf 89' lang='lat' dir='ltr'>camere</span> <span class='ocrx_word' id='word_1_215' title='bbox 585 3345 714 3412; x_wconf 90' lang='lat' dir='ltr'>studeat</span> <span class='ocrx_word' id='word_1_216' title='bbox 737 3347 913 3430; x_wconf 87' lang='lat' dir='ltr'>assignare.</span> <span class='ocrx_word' id='word_1_217' title='bbox 961 3346 1111 3429; x_wconf 83' lang='lat' dir='ltr'>Alioquin</span> <span class='ocrx_word' id='word_1_218' title='bbox 1145 3346 1246 3430; x_wconf 88' lang='lat' dir='ltr'>ipsum</span> <span class='ocrx_word' id='word_1_219' title='bbox 1277 3348 1491 3432; x_wconf 88' lang='lat' dir='ltr'>peremptorie</span> <span class='ocrx_word' id='word_1_220' title='bbox 1516 3349 1616 3414; x_wconf 90' lang='lat' dir='ltr'>citare</span> 
     </span>
     <span class='ocr_line' id='line_1_27' title="bbox 286 3451 1616 3540; baseline 0 -20"><span class='ocrx_word' id='word_1_221' title='bbox 286 3456 414 3537; x_wconf 86' lang='lat' dir='ltr'>curetis,</span> <span class='ocrx_word' id='word_1_222' title='bbox 439 3460 474 3519; x_wconf 93' lang='lat' dir='ltr'>ut</span> <span class='ocrx_word' id='word_1_223' title='bbox 498 3454 583 3518; x_wconf 83' lang='lat' dir='ltr'>inira</span> <span class='ocrx_word' id='word_1_224' title='bbox 606 3454 739 3536; x_wconf 84' lang='lat' dir='ltr'>triginta</span> <span class='ocrx_word' id='word_1_225' title='bbox 755 3452 825 3518; x_wconf 90' lang='lat' dir='ltr'>dies</span> <span class='ocrx_word' id='word_1_226' title='bbox 841 3451 963 3517; x_wconf 88' lang='lat' dir='ltr'>dictum</span> <span class='ocrx_word' id='word_1_227' title='bbox 987 3472 1127 3518; x_wconf 91' lang='lat' dir='ltr'>mensem</span> <span class='ocrx_word' id='word_1_228' title='bbox 1152 3451 1335 3518; x_wconf 88' lang='lat' dir='ltr'>immediate</span> <span class='ocrx_word' id='word_1_229' title='bbox 1358 3460 1527 3536; x_wconf 85' lang='lat' dir='ltr'>sequentes</span> <span class='ocrx_word' id='word_1_230' title='bbox 1547 3475 1616 3540; x_wconf 92' lang='lat' dir='ltr'>per-</span> 
     </span>
     <span class='ocr_line' id='line_1_28' title="bbox 284 3558 1615 3644; baseline 0.002 -18"><span class='ocrx_word' id='word_1_231' title='bbox 284 3561 437 3626; x_wconf 91' lang='lat' dir='ltr'>sonaliter</span> <span class='ocrx_word' id='word_1_232' title='bbox 469 3559 647 3644; x_wconf 92' lang='lat' dir='ltr'>apostolico</span> <span class='ocrx_word' id='word_1_233' title='bbox 680 3578 715 3624; x_wconf 89' lang='lat' dir='ltr'>se</span> <span class='ocrx_word' id='word_1_234' title='bbox 747 3559 934 3643; x_wconf 89' lang='lat' dir='ltr'>conspectui</span> <span class='ocrx_word' id='word_1_235' title='bbox 968 3565 1176 3643; x_wconf 89' lang='lat' dir='ltr'>representet,</span> <span class='ocrx_word' id='word_1_236' title='bbox 1209 3558 1376 3626; x_wconf 88' lang='lat' dir='ltr'>auditurus</span> <span class='ocrx_word' id='word_1_237' title='bbox 1405 3567 1437 3626; x_wconf 91' lang='lat' dir='ltr'>et</span> <span class='ocrx_word' id='word_1_238' title='bbox 1460 3561 1615 3640; x_wconf 82' lang='lat' dir='ltr'>facturus,</span> 
     </span>
     <span class='ocr_line' id='line_1_29' title="bbox 286 3664 1616 3751; baseline 0.002 -20"><span class='ocrx_word' id='word_1_239' title='bbox 286 3665 439 3749; x_wconf 92' lang='lat' dir='ltr'>quicquid</span> <span class='ocrx_word' id='word_1_240' title='bbox 463 3667 493 3730; x_wconf 91' lang='lat' dir='ltr'>ci</span> <span class='ocrx_word' id='word_1_241' title='bbox 523 3685 619 3751; x_wconf 87' lang='lat' dir='ltr'>super</span> <span class='ocrx_word' id='word_1_242' title='bbox 653 3665 714 3729; x_wconf 91' lang='lat' dir='ltr'>biis</span> <span class='ocrx_word' id='word_1_243' title='bbox 747 3664 932 3731; x_wconf 86' lang='lat' dir='ltr'>duxerimus</span> <span class='ocrx_word' id='word_1_244' title='bbox 964 3664 1204 3750; x_wconf 87' lang='lat' dir='ltr'>iniungendum.</span> <span class='ocrx_word' id='word_1_245' title='bbox 1252 3666 1345 3731; x_wconf 88' lang='lat' dir='ltr'>Diem</span> <span class='ocrx_word' id='word_1_246' title='bbox 1379 3674 1485 3732; x_wconf 89' lang='lat' dir='ltr'>autem</span> <span class='ocrx_word' id='word_1_247' title='bbox 1518 3669 1616 3734; x_wconf 91' lang='lat' dir='ltr'>moni·</span> 
     </span>
     <span class='ocr_line' id='line_1_30' title="bbox 286 3770 1616 3858; baseline 0.004 -21"><span class='ocrx_word' id='word_1_248' title='bbox 286 3773 382 3838; x_wconf 88' lang='lat' dir='ltr'>tionis</span> <span class='ocrx_word' id='word_1_249' title='bbox 405 3792 444 3837; x_wconf 89' lang='lat' dir='ltr'>ac</span> <span class='ocrx_word' id='word_1_250' title='bbox 472 3772 639 3836; x_wconf 87' lang='lat' dir='ltr'>eitaeionis</span> <span class='ocrx_word' id='word_1_251' title='bbox 663 3777 695 3836; x_wconf 91' lang='lat' dir='ltr'>et</span> <span class='ocrx_word' id='word_1_252' title='bbox 718 3770 861 3836; x_wconf 89' lang='lat' dir='ltr'>mandati</span> <span class='ocrx_word' id='word_1_253' title='bbox 896 3771 1076 3837; x_wconf 90' lang='lat' dir='ltr'>huiusmodi</span> <span class='ocrx_word' id='word_1_254' title='bbox 1109 3771 1201 3839; x_wconf 91' lang='lat' dir='ltr'>nobis</span> <span class='ocrx_word' id='word_1_255' title='bbox 1231 3793 1288 3857; x_wconf 90' lang='lat' dir='ltr'>per</span> <span class='ocrx_word' id='word_1_256' title='bbox 1318 3780 1441 3840; x_wconf 87' lang='lat' dir='ltr'>vestras</span> <span class='ocrx_word' id='word_1_257' title='bbox 1469 3781 1616 3858; x_wconf 85' lang='lat' dir='ltr'>patentes</span> 
     </span>
     <span class='ocr_line' id='line_1_31' title="bbox 285 3878 1617 3964; baseline 0.003 -21"><span class='ocrx_word' id='word_1_258' title='bbox 285 3879 410 3944; x_wconf 89' lang='lat' dir='ltr'>litteras</span> <span class='ocrx_word' id='word_1_259' title='bbox 439 3928 446 3944; x_wconf 93' lang='lat'>.</span> <span class='ocrx_word' id='word_1_260' title='bbox 476 3931 483 3947; x_wconf 88' lang='lat'>.</span> <span class='ocrx_word' id='word_1_261' title='bbox 513 3929 520 3942; x_wconf 92' lang='lat'><strong>.</strong></span> <span class='ocrx_word' id='word_1_262' title='bbox 549 3878 686 3944; x_wconf 85' lang='lat' dir='ltr'>fideliter</span> <span class='ocrx_word' id='word_1_263' title='bbox 709 3879 857 3944; x_wconf 90' lang='lat' dir='ltr'>iutimare</span> <span class='ocrx_word' id='word_1_264' title='bbox 882 3883 1009 3944; x_wconf 88' lang='lat' dir='ltr'>curetis.</span> <span class='ocrx_word' id='word_1_265' title='bbox 1062 3881 1138 3944; x_wconf 88' lang='lat' dir='ltr'>Dat.</span> <span class='ocrx_word' id='word_1_266' title='bbox 1163 3879 1235 3944; x_wconf 90' lang='lat' dir='ltr'>idus</span> <span class='ocrx_word' id='word_1_267' title='bbox 1258 3880 1411 3946; x_wconf 87' lang='lat' dir='ltr'>februarii</span> <span class='ocrx_word' id='word_1_268' title='bbox 1435 3901 1464 3946; x_wconf 92' lang='lat' dir='ltr'>a.</span> <span class='ocrx_word' id='word_1_269' title='bbox 1490 3889 1617 3964; x_wconf 90' lang='lat' dir='ltr'>quarto·</span> 
     </span>
    </p>
   </div>
   <div class='ocr_carea' id='block_1_6' title="bbox 285 3986 999 4145">
    <p class='ocr_par' dir='ltr' id='par_1_7' title="bbox 285 3986 999 4145">
     <span class='ocr_line' id='line_1_32' title="bbox 285 3986 419 4051; baseline -0.007 0"><span class='ocrx_word' id='word_1_270' title='bbox 285 3986 419 4051; x_wconf 89' lang='lat' dir='ltr'>decimo.</span> 
     </span>
     <span class='ocr_line' id='line_1_33' title="bbox 446 4075 999 4145; baseline -0.002 -15"><span class='ocrx_word' id='word_1_271' title='bbox 446 4076 518 4145; x_wconf 70' lang='lat' dir='ltr'>Ray.</span> <span class='ocrx_word' id='word_1_272' title='bbox 538 4077 592 4126; x_wconf 82' lang='grc'>115</span> <span class='ocrx_word' id='word_1_273' title='bbox 609 4089 656 4142; x_wconf 83' lang='lat' dir='ltr'>ps.</span> <span class='ocrx_word' id='word_1_274' title='bbox 676 4075 712 4128; x_wconf 87' lang='grc' dir='ltr'>ΙΙ</span> <span class='ocrx_word' id='word_1_275' title='bbox 726 4075 750 4143; x_wconf 79' lang='lat' dir='ltr'>f.</span> <span class='ocrx_word' id='word_1_276' title='bbox 770 4075 834 4129; x_wconf 67' lang='grc'><em>1681</em></span> <span class='ocrx_word' id='word_1_277' title='bbox 852 4091 900 4129; x_wconf 83' lang='lat' dir='ltr'>ar.</span> <span class='ocrx_word' id='word_1_278' title='bbox 920 4077 999 4129; x_wconf 83' lang='grc'><em>1897.</em></span> 
     </span>
    </p>
   </div>
   <div class='ocr_carea' id='block_1_7' title="bbox 391 4345 1102 4434">
    <p class='ocr_par' dir='ltr' id='par_1_8' title="bbox 391 4345 1102 4434">
     <span class='ocr_line' id='line_1_34' title="bbox 391 4345 1102 4434; baseline 0.001 -23"><span class='ocrx_word' id='word_1_279' title='bbox 391 4346 515 4412; x_wconf 79' lang='grc'><em>1843.</em></span> <span class='ocrx_word' id='word_1_280' title='bbox 546 4347 634 4411; x_wconf 90' lang='grc'><em>1330</em></span> <span class='ocrx_word' id='word_1_281' title='bbox 657 4347 811 4412; x_wconf 81' lang='lat' dir='ltr'>Febraar</span> <span class='ocrx_word' id='word_1_282' title='bbox 831 4348 884 4411; x_wconf 83' lang='lat'>20.</span> <span class='ocrx_word' id='word_1_283' title='bbox 910 4345 1102 4434; x_wconf 77' lang='lat' dir='ltr'>(Aoiqaoo.)</span> 
     </span>
    </p>
   </div>
   <div class='ocr_carea' id='block_1_8' title="bbox 284 4487 1616 4792">
    <p class='ocr_par' dir='ltr' id='par_1_9' title="bbox 284 4487 1616 4792">
     <span class='ocr_line' id='line_1_35' title="bbox 393 4487 1616 4560; baseline 0.006 -7"><span class='ocrx_word' id='word_1_284' title='bbox 393 4487 551 4554; x_wconf 91' lang='lat' dir='ltr'>Iohannes</span> <span class='ocrx_word' id='word_1_285' title='bbox 583 4489 684 4554; x_wconf 88' lang='lat' dir='ltr'>XXII</span> <span class='ocrx_word' id='word_1_286' title='bbox 719 4488 855 4554; x_wconf 88' lang='lat' dir='ltr'>Iohanni</span> <span class='ocrx_word' id='word_1_287' title='bbox 887 4488 929 4554; x_wconf 91' lang='lat' dir='ltr'>de</span> <span class='ocrx_word' id='word_1_288' title='bbox 962 4489 1076 4554; x_wconf 90' lang='lat' dir='ltr'>Bunna</span> <span class='ocrx_word' id='word_1_289' title='bbox 1109 4490 1233 4556; x_wconf 91' lang='lat' dir='ltr'>decano</span> <span class='ocrx_word' id='word_1_290' title='bbox 1266 4490 1404 4558; x_wconf 89' lang='lat' dir='ltr'>ecclesie</span> <span class='ocrx_word' id='word_1_291' title='bbox 1437 4490 1616 4560; x_wconf 79' lang='lat' dir='ltr'>Bonnensis</span> 
     </span>
     <span class='ocr_line' id='line_1_36' title="bbox 285 4594 1616 4685; baseline 0.005 -25"><span class='ocrx_word' id='word_1_292' title='bbox 285 4594 395 4660; x_wconf 81' lang='lat' dir='ltr'>Oolon.</span> <span class='ocrx_word' id='word_1_293' title='bbox 420 4594 504 4660; x_wconf 89' lang='lat' dir='ltr'>dioc.</span> <span class='ocrx_word' id='word_1_294' title='bbox 529 4596 697 4681; x_wconf 86' lang='lat' dir='ltr'>capellano</span> <span class='ocrx_word' id='word_1_295' title='bbox 720 4594 807 4661; x_wconf 89' lang='lat' dir='ltr'>sedis</span> <span class='ocrx_word' id='word_1_296' title='bbox 830 4596 1009 4681; x_wconf 88' lang='lat' dir='ltr'>apostolice</span> <span class='ocrx_word' id='word_1_297' title='bbox 1033 4596 1188 4681; x_wconf 83' lang='lat' dir='ltr'>indulget,</span> <span class='ocrx_word' id='word_1_298' title='bbox 1213 4605 1248 4662; x_wconf 91' lang='lat' dir='ltr'>ut</span> <span class='ocrx_word' id='word_1_299' title='bbox 1271 4599 1340 4665; x_wconf 89' lang='lat' dir='ltr'>eius</span> <span class='ocrx_word' id='word_1_300' title='bbox 1356 4600 1521 4666; x_wconf 86' lang='lat' dir='ltr'>confessor</span> <span class='ocrx_word' id='word_1_301' title='bbox 1535 4600 1616 4685; x_wconf 85' lang='lat' dir='ltr'>ydo-</span> 
     </span>
     <span class='ocr_line' id='line_1_37' title="bbox 284 4701 1615 4792; baseline 0.005 -25"><span class='ocrx_word' id='word_1_302' title='bbox 284 4722 372 4786; x_wconf 89' lang='lat' dir='ltr'>neus,</span> <span class='ocrx_word' id='word_1_303' title='bbox 397 4722 491 4785; x_wconf 91' lang='lat' dir='ltr'>quem</span> <span class='ocrx_word' id='word_1_304' title='bbox 515 4702 643 4768; x_wconf 80' lang='lat' dir='ltr'>duxerit</span> <span class='ocrx_word' id='word_1_305' title='bbox 659 4701 853 4786; x_wconf 87' lang='lat' dir='ltr'>eligendum,</span> <span class='ocrx_word' id='word_1_306' title='bbox 877 4704 1015 4768; x_wconf 90' lang='lat' dir='ltr'>omnium</span> <span class='ocrx_word' id='word_1_307' title='bbox 1032 4712 1237 4789; x_wconf 88' lang='lat' dir='ltr'>peccatorum</span> <span class='ocrx_word' id='word_1_308' title='bbox 1255 4706 1381 4792; x_wconf 88' lang='lat' dir='ltr'>plenam</span> <span class='ocrx_word' id='word_1_309' title='bbox 1400 4707 1615 4773; x_wconf 89' lang='lat' dir='ltr'>remissionem</span> 
     </span>
    </p>
   </div>
   <div class='ocr_carea' id='block_1_9' title="bbox 391 4843 780 4914">
    <p class='ocr_par' dir='ltr' id='par_1_10' title="bbox 391 4843 780 4914">
     <span class='ocr_line' id='line_1_38' title="bbox 391 4843 780 4914; baseline 0.01 -17"><span class='ocrx_word' id='word_1_310' title='bbox 391 4844 421 4914; x_wconf 86' lang='lat' dir='ltr'>a)</span> <span class='ocrx_word' id='word_1_311' title='bbox 442 4851 645 4913; x_wconf 86' lang='lat' dir='ltr'>pervenerant</span> <span class='ocrx_word' id='word_1_312' title='bbox 664 4843 698 4897; x_wconf 83' lang='lat' dir='ltr'>ia</span> <span class='ocrx_word' id='word_1_313' title='bbox 717 4859 780 4914; x_wconf 69' lang='lat' dir='ltr'>req.</span> 
     </span>
    </p>
   </div>
   <div class='ocr_carea' id='block_1_10' title="bbox 0 0 1834 5509">
    <p class='ocr_par' dir='ltr' id='par_1_11' title="bbox 0 0 1834 5509">
     <span class='ocr_line' id='line_1_39' title="bbox 0 0 1834 5509; baseline 0 0"><span class='ocrx_word' id='word_1_314' title='bbox 0 0 1834 5509; x_wconf 95' lang='lat' dir='ltr'> </span> 
     </span>
    </p>
   </div>
  </div>
 </body>
</html>
