3642 5509
736 435 806 493 1337
825 433 962 492 Fobmar
981 435 1026 494 15.
1493 437 1546 494 515

212 614 347 700 virginis
369 615 515 702 proximo
539 617 684 703 preteriti
709 616 751 683 ad
780 623 921 684 nostram
944 618 1112 683 venientes
1136 617 1330 703 presentiam
1354 616 1465 684 dilecti
1488 618 1546 685 filii

212 724 336 790 nobiles
359 725 419 790 viri
443 724 621 790 Willolmus
644 725 834 792 iuliacensis
862 731 896 791 et
923 725 1086 810 Rupertus
1110 726 1278 793 Palatinus
1300 727 1382 791 Reni
1414 728 1547 793 comites

213 833 319 896 nuncii
344 832 389 896 tui
414 852 471 917 per
495 853 553 899 nos
666 833 805 917 benigne
837 835 971 917 recepti,
1004 833 1097 898 nobis
1130 852 1290 918 exponere
1322 833 1406 899 inter
1439 842 1548 900 cetera

214 944 417 1022 curaverunt,
441 958 476 1005 se
501 959 572 1005 oum
596 939 831 1027 ...Philippo
856 941 1082 1024 regeFrancie
1105 940 1221 1006 illustri
1245 940 1436 1023 condixisse,
1461 940 1547 1024 quod

213 1044 262 1111 sui
295 1046 469 1131 spectiales
501 1048 609 1112 nuncii
643 1047 798 1113 deberent
830 1068 894 1113 una
927 1067 999 1113 oum
1024 1048 1070 1113 eis
1098 1049 1186 1113 circa
1218 1047 1340 1113 dictum
1374 1049 1492 1115 testum
1515 1048 1549 1114 in

215 1152 327 1219 eadem
365 1155 528 1239 presentia
560 1155 724 1221 interesse.
783 1155 901 1220 Verum
936 1155 1011 1238 quia
1049 1175 1106 1220 rex
1139 1155 1285 1240 prefatus
1317 1155 1441 1241 pridem
1473 1162 1549 1221 ante

213 1260 400 1326 nunciorum
425 1268 550 1326 tuorum
583 1261 758 1327 adrentum
790 1262 884 1329 nobis
917 1262 1101 1347 scripserat,
1135 1282 1205 1328 eum
1239 1268 1386 1348 oportere
1417 1269 1550 1348 propter

215 1367 355 1450 quedam
385 1369 570 1435 occurentia
602 1370 662 1435 sibi
691 1371 823 1454 negotia
851 1377 884 1435 et
907 1369 1128 1455 intemperiem
1152 1371 1248 1434 etiam
1273 1371 1425 1455 temporis
1448 1389 1550 1454 usque

216 1475 304 1540 circa
335 1477 470 1560 primam
504 1474 697 1543 dominicam
729 1478 879 1543 instantis
913 1475 1158 1562 quadragesime
1181 1497 1309 1542 suorum
1332 1477 1549 1563 predictorum

214 1584 402 1650 nunciorum
419 1583 602 1650 missionem
627 1582 750 1668 differe,
774 1604 832 1650 nos
854 1587 1012 1650 instanter
1034 1583 1189 1668 rogando,
1213 1591 1249 1649 ut
1272 1605 1327 1651 eos
1341 1566 1450 1668 'usque
1474 1591 1550 1650 tunc

216 1697 460 1776 expectaremus
488 1692 637 1776 benigne,
670 1711 728 1757 nos
758 1690 821 1757 hoc
848 1691 985 1777 prefatis
1014 1691 1078 1756 tuis
1110 1692 1235 1757 nunciis
1264 1698 1470 1776 exponentes,
1504 1693 1550 1757 eis

216 1797 365 1863 duximus
394 1797 619 1864 nichilominus
642 1797 852 1882 suadendum,
886 1807 931 1881 ut,
962 1819 1033 1864 cum
1057 1798 1125 1863 sine
1153 1799 1277 1865 nunciis
1305 1800 1391 1883 regis
1412 1798 1551 1885 predicti

216 1904 348 1990 procedi
372 1906 519 1988 nequiret
535 1905 657 1971 utiliter
672 1925 768 1990 super
788 1904 937 1990 negotiis,
961 1926 1019 1990 pro
1037 1906 1151 1988 quibus
1167 1904 1245 1971 dicti
1264 1912 1418 1972 uenerunt
1433 1905 1551 1988 nuncii,

217 2011 258 2077 de
282 2013 424 2096 presenti
451 2032 513 2078 nec
541 2012 634 2078 nimis
664 2011 845 2078 huiusmodi
874 2011 987 2078 dilatio
1010 2012 1053 2078 sit
1075 2012 1213 2098 prolixa,
1237 2033 1338 2096 usque
1362 2011 1404 2079 ad
1429 2011 1551 2077 dictum

217 2120 386 2185 terminum
410 2126 696 2205 expectarent...
721 2120 797 2185 Dat.
822 2120 917 2186 Asin.
942 2120 1006 2185 VII
1029 2119 1102 2185 idus
1125 2119 1279 2186 februarii
1302 2141 1331 2185 a
1357 2120 1463 2186 tertio.

376 2243 450 2314 Rep.
470 2241 569 2313 1321‘.
588 2244 606 2298 9
624 2258 670 2297 ar.
691 2243 747 2310 28;
767 2244 819 2300 Ra.
839 2245 921 2299 1867.

325 2507 565 2576 22821337
589 2509 743 2575 Febraar
768 2511 820 2576 15.
848 2507 1011 2597 Aoipnoa.

325 2650 521 2718 Benedictus
545 2653 611 2717 XII
647 2653 787 2736 Guigoni
815 2652 856 2718 de
881 2652 915 2718 S.
939 2652 1100 2719 Germano
1128 2659 1162 2718 et
1189 2651 1325 2721 Nicolao
1348 2650 1483 2738 Capotie
1511 2649 1552 2718 de

219 2757 253 2823 S.
270 2757 454 2825 Andomaro
478 2759 650 2844 prepositis
674 2760 851 2844 capellanis
874 2766 907 2825 et
930 2761 1056 2825 nunciis
1079 2760 1256 2846 apostolice
1272 2759 1370 2844 sedis,
1394 2778 1551 2846 quospro

219 2864 411 2948 quibusdam
435 2867 574 2948 negotiis
598 2866 769 2932 ecclesiam
794 2865 1013 2950 Maguntinam
1043 2868 1251 2951 tangentibus
1281 2866 1324 2932 ad
1347 2873 1456 2954 partes
1480 2868 1553 2932 Ala·

219 2973 324 3038 manie
348 2971 532 3053 destinavit,
561 2970 717 3055 indulget,
748 2979 783 3037 ut
810 2972 993 3039 huiusmodi
1021 2974 1221 3058 negotiorum
1250 2973 1475 3059 prosecutione
1499 2973 1554 3038 du·

220 3087 311 3146 rante
334 3099 405 3146 oum
429 3078 618 3144 Balderrino
642 3078 886 3166 archiepiscopo
911 3080 1102 3146 Treverensi
1131 3087 1164 3146 et
1188 3080 1261 3146 aliis
1284 3081 1428 3165 personis
1451 3080 1553 3147 eccle·

219 3188 360 3256 siastlois
383 3187 439 3272 [et]
463 3187 663 3255 secularibus
689 3187 944 3271 quibuscumque
973 3189 1100 3253 illarum
1128 3187 1268 3273 partium
1301 3189 1556 3254 excommunica-

220 3299 316 3364 tionis
339 3317 395 3364 sou
422 3295 788 3364 excommunicationum
815 3295 1031 3377 quarumlibet
1060 3294 1227 3360 sententiis
1249 3292 1413 3360 innodatis
1435 3294 1469 3359 in
1492 3293 1555 3361 hiis

220 3404 400 3488 dumtaxat,
434 3425 496 3490 que
529 3405 706 3470 animarum
739 3404 874 3470 salutem
908 3403 962 3469 rel
995 3402 1173 3471 huiusmodi
1208 3401 1463 3488 prosecutionem
1488 3401 1555 3467 dio·

220 3520 323 3577 torum
348 3514 546 3596 negotiorum
571 3513 756 3596 respiciunt,
781 3511 842 3596 ipsi
859 3509 968 3595 Guigo
985 3517 1018 3577 et
1034 3511 1188 3578 Nicolaus
1212 3516 1245 3576 et
1267 3509 1389 3575 familie
1412 3508 1554 3594 ipsorum

220 3619 321 3685 libere
353 3620 550 3704 participare
578 3619 702 3704 possint
731 3618 915 3701 nullamque
946 3625 1120 3704 propterea
1149 3614 1490 3683 excommunicationis
1513 3617 1554 3682 ab

221 3725 348 3793 homine
371 3726 423 3792 vel
447 3747 466 3792 a
490 3727 558 3792 iure
582 3725 740 3810 prolatam
764 3725 958 3791 sententiam
981 3726 1146 3790 incurrant
1158 3728 1181 3788 ¹.

329 3832 409 3899 (ium
432 3853 490 3899 vos
514 3853 572 3918 pro
596 3831 787 3916 quibusdam
806 3881 813 3896 .
833 3881 866 3897 ..
914 3832 990 3897 Dat.
1007 3833 1102 3898 Avin.
1119 3831 1181 3896 XV
1198 3830 1242 3895 kl.
1264 3830 1370 3896 martii
1393 3851 1424 3896 a.
1447 3830 1555 3896 tertio.

383 3954 457 4025 Περ.
476 3953 532 4007 124
548 3967 596 4006 ar.
616 3955 661 4006 44.

326 4217 455 4284 2283.
481 4219 568 4285 1337
592 4213 1011 4304 Februar15.Aoipaoa.

329 4359 536 4445 [Benedictus
558 4361 636 4445 XII]
661 4361 799 4427 lienrico
824 4360 1066 4446 archiepiscopo
1091 4359 1289 4444 Maguntino.

329 4468 423 4535 Licet
452 4468 580 4534 dilectis
609 4467 683 4533 filiis
710 4467 874 4552 magistris
905 4466 1046 4552 Guigoni
1070 4465 1111 4531 dc
1133 4466 1168 4532 S.
1192 4467 1352 4532 Germano
1376 4465 1558 4532 Aniciensis

223 4585 256 4643 et
279 4576 414 4645 Nicolao
446 4575 587 4660 Oapocie
619 4573 652 4640 S.
678 4575 831 4641 Ademari
861 4574 1051 4641 Morinensis
1082 4572 1221 4640 diocesis
1253 4574 1425 4659 prepositis
1457 4574 1557 4639 eccle

223 4687 342 4751 siarum
366 4683 541 4769 capellanis
565 4688 597 4748 et
620 4683 746 4749 nunciis
773 4684 900 4766 nostris,
935 4701 1016 4765 quos
1038 4701 1095 4767 pro
1120 4679 1192 4764 hiis,
1226 4700 1288 4763 que
1311 4689 1354 4763 te,
1387 4681 1495 4755 frater,
1525 4687 1558 4746 et

235 4791 438 4802 m..—

326 4827 352 4896 1)
371 4827 491 4880 Eisdem
511 4825 618 4881 eadem
638 4825 687 4881 die
705 4828 764 4880 tria
784 4826 844 4880 alia
864 4825 1004 4880 concedit
1023 4825 1149 4880 indulta.
1169 4825 1188 4879 l.
1208 4823 1256 4879 cit.
1276 4841 1324 4879 ar.
1337 4825 1457 4880 45-47.
