3642 5509
745 443 815 498 1329
833 443 1007 499 November
1026 441 1067 498 14.
1502 445 1555 500 285

224 621 365 690 iudicum
394 622 558 689 consulum
588 629 621 688 et
650 623 765 688 civium
805 672 811 684 .
838 672 878 689 ..
915 622 1168 706 [intrinsecorum
1193 622 1333 687 civitatis
1355 621 1553 710 Maguntine]

224 730 367 795 exhibite
412 731 503 795 nobis
547 729 711 814 petitionis
754 731 854 796 series
902 729 1104 812 continebat,
1144 727 1229 811 quod
1271 735 1383 794 contra
1422 731 1556 797 clericos

224 836 366 902 fautores
398 837 607 903 auxiliatores
639 843 672 902 et
705 857 860 919 sequaces
895 837 1088 903 venerabilis
1120 836 1230 901 fratris
1263 836 1362 901 nostri
1395 837 1555 902 Baldwini

224 945 459 1029 archiepiscopi
483 944 694 1010 Treverensis
726 964 822 1030 super
854 964 903 1026 eo,
938 942 1023 1026 quod
1055 948 1320 1028 eer·tampa1·tcm
1347 944 1555 1011 bonorumet

224 1051 339 1115 inrium
372 1051 509 1117 ecclesie
532 1051 720 1135 llaguntine
754 1051 926 1136 occupavit
959 1049 1114 1115 hactenus
1138 1055 1171 1115 et
1194 1049 1301 1115 adhuc
1330 1052 1439 1116 nititur
1463 1071 1555 1117 occu·
1667 1095 1669 1098 -

224 1178 312 1242 parc,
345 1157 488 1224 nonnulli
522 1156 623 1223 habiti
656 1163 730 1224 sunt
761 1178 930 1243 processus
963 1157 1154 1224 auctoritate
1181 1157 1362 1242 apostoliea
1385 1158 1468 1224 inter
1490 1159 1556 1224 alia

224 1266 435 1348 continentes,
460 1263 556 1348 quod,
590 1264 743 1347 quamdiu
776 1264 855 1330 dieti
883 1264 1028 1331 fautores
1057 1263 1265 1328 auxiliatores
1289 1269 1321 1328 et
1345 1283 1500 1347 sequaces
1523 1266 1554 1330 in

224 1372 357 1438 civitate
380 1371 528 1457 predicta
551 1378 716 1458 presentes
739 1372 869 1454 luerint,
893 1377 1038 1437 servetur
1060 1371 1094 1435 in
1111 1390 1149 1435 ea
1165 1369 1380 1448 interdictum,
1406 1371 1555 1455 quodque

223 1478 408 1562 frequenter
430 1479 561 1561 accidit,
586 1478 672 1562 quod
695 1479 794 1562 aliqui
819 1477 860 1544 de
884 1479 981 1544 dietis
999 1527 1006 1542 .
1025 1527 1032 1543 .
1052 1527 1058 1542 .
1075 1478 1461 1557 intraver·1mtetintrant
1478 1480 1554 1545 civi·

223 1593 322 1651 tatem
354 1586 535 1671 predictam
568 1592 601 1651 et
633 1594 796 1669 tamquam
829 1585 959 1671 superbi
994 1593 1026 1651 et
1058 1583 1168 1651 stolidi
1196 1586 1365 1650 noluerunt
1388 1593 1421 1651 et
1443 1587 1555 1652 nolunt

223 1694 311 1758 exire
335 1693 376 1759 de
399 1695 480 1778 ipsa,
504 1692 562 1760 sed
583 1694 740 1759 violenter
755 1693 867 1759 volunt
888 1691 1009 1758 ibidem
1034 1692 1232 1768 commorari,
1258 1698 1290 1757 ct
1313 1693 1361 1759 sic
1384 1692 1502 1759 talibus
1521 1695 1554 1758 in

222 1799 311 1865 dicta
334 1802 467 1867 civitate
500 1800 697 1866 morantibus
729 1799 938 1865 interdictum
970 1805 1116 1866 servatur
1148 1798 1280 1880 ibidem,
1312 1799 1553 1884 propterquod

221 1926 299 1992 sepe
331 1906 445 1973 diebus
476 1909 640 1993 preteritis
673 1907 809 1991 contigit
836 1913 870 1972 et
893 1905 1080 1990 contingere
1104 1905 1223 1991 poterit
1245 1904 1432 1990 infuturum,
1468 1906 1553 1990 quod

222 2013 302 2078 dicti
325 2013 467 2080 fautores
580 2014 703 2099 expulsi
734 2021 807 2079 sunt
835 2021 867 2079 et
895 2015 991 2080 etiam
1021 2012 1222 2099 expellentur
1245 2010 1286 2078 de
1310 2011 1398 2079 dicta
1422 2013 1553 2079 civitate

222 2140 279 2205 per
310 2123 482 2206 magistros
514 2120 672 2187 dictorum
705 2122 821 2186 civium
849 2140 905 2187 seu
935 2120 976 2186 de
1006 2120 1158 2186 mandato
1181 2120 1321 2205 ipsorum
1345 2140 1408 2186 non
1432 2122 1553 2205 absque

221 2227 362 2293 violenta
395 2229 567 2294 iniectione
598 2248 748 2294 manuum
781 2228 814 2293 in
847 2228 988 2310 eosdem,
1022 2226 1170 2311 quodque
1200 2225 1358 2292 interdum
1388 2227 1466 2294 dicti
1491 2249 1554 2294 ma-

221 2333 313 2418 gistri
343 2342 375 2399 et
404 2335 458 2400 alii
483 2334 571 2400 cives
600 2343 633 2400 et
656 2335 832 2401 familiares
856 2354 965 2400 eorum
988 2335 1021 2398 in
1046 2333 1126 2399 tales
1149 2333 1293 2400 fautores
1319 2382 1378 2398 ...
1404 2354 1483 2418 quos
1506 2355 1553 2401 re·

222 2447 336 2526 putant
359 2442 466 2508 hostes
496 2462 616 2517 eorum,
651 2441 748 2507 etiam
785 2441 913 2524 quando
948 2442 1137 2506 invenerunt
1172 2461 1227 2507 eos
1262 2447 1353 2507 extra
1388 2444 1552 2509 civitatem

220 2547 409 2633 predictam,
439 2569 553 2616 manus
576 2549 735 2614 violentas
763 2549 942 2614 iniecerunt
965 2549 998 2612 iu
1021 2549 1119 2633 ipsos,
1150 2567 1204 2613 eos
1228 2547 1387 2632 capiendo
1411 2549 1552 2633 qnando·

221 2676 282 2738 que
306 2656 358 2722 vel
381 2656 463 2722 alias
487 2657 533 2722 eis
566 2656 730 2722 manuales
762 2655 894 2722 iniurias
925 2657 1046 2738 absque
1077 2662 1185 2720 tamen
1209 2655 1364 2722 effusione
1387 2657 1553 2742 sanguinis

221 2762 393 2849 irrogando
411 2813 418 2828 .
437 2813 443 2828 .
462 2813 470 2829 .
494 2765 561 2831 Nos
577 2764 675 2848 igitur
692 2813 700 2829 .
718 2813 726 2827 .
745 2813 752 2828 .
770 2762 956 2829 discretioni
981 2769 1086 2829 vestre
1104 2811 1111 2827 .
1129 2811 1137 2827 .
1156 2812 1163 2828 .
1180 2761 1378 2846 mandamus,
1403 2767 1552 2848 quatinus

222 2870 475 2956 ...magistros
504 2877 536 2936 et
566 2872 654 2937 cives
677 2890 717 2936 ac
739 2870 918 2937 familiares
942 2889 1051 2935 eorum
1074 2891 1094 2935 a
1118 2869 1274 2954 predictis
1298 2873 1551 2938 exeommunica-

220 2980 342 3044 tionum
374 2979 631 3046 sententiis
659 2978 836 3045 absolvatis
967 2978 1035 3046 Nos
1067 2978 1197 3063 insuper
1230 2977 1321 3043 vobis
1354 2984 1387 3043 et
1419 2979 1552 3045 cuilibet

221 3092 359 3152 vestrum
387 3085 576 3151 absolvendi
606 3086 776 3169 magistros
804 3086 892 3151 cives
916 3089 948 3150 et
976 3084 1151 3150 familiares
1176 3104 1285 3149 eorum
1306 3105 1404 3150 ...a
1427 3092 1552 3153 senten·

220 3193 283 3277 tiis,
309 3214 387 3277 quas
411 3213 467 3259 eos
490 3191 595 3260 dictos
627 3193 770 3259 fautores
875 3191 1033 3274 eiciendo,
1062 3197 1097 3256 ut
1120 3191 1325 3275 premittitur,
1354 3190 1395 3257 de
1420 3193 1551 3260 civitate

220 3301 366 3386 predicta
400 3300 513 3366 eodem
552 3299 723 3366 interdicto
759 3299 894 3365 durante
934 3299 1099 3382 continget
1135 3299 1297 3364 incurrere
1332 3299 1365 3363 in
1400 3299 1549 3385 futurum,

218 3407 346 3494 plenam
364 3459 371 3473 .
390 3458 397 3473 .
416 3458 423 3473 .
441 3407 647 3475 concedimus
675 3407 864 3474 facultatem
892 3456 952 3473 ...
999 3407 1074 3472 Dat.
1105 3405 1201 3471 Asin.
1225 3405 1274 3470 XI
1302 3405 1347 3474 kl.
1371 3405 1550 3474 decembris

217 3536 249 3581 a.
273 3514 524 3598 quartodecimo.

367 3659 440 3727 Ray.
460 3658 500 3712 96
517 3673 566 3712 ar.
584 3661 676 3723 3513,·
697 3659 750 3714 Ra.
768 3657 846 3713 1226
864 3673 894 3713 a.
914 3661 938 3713 1.

322 3982 445 4050 1803.
478 3987 564 4050 1329
587 3985 774 4051 November
797 3988 850 4051 22.
886 3984 1051 4072 Aodpaoa.

324 4146 492 4211 Iohannes
514 4147 621 4210 XXII
650 4154 800 4213 reservat
823 4168 954 4212 camere
979 4147 1160 4232 apostoliea
1181 4147 1316 4232 fructus
1333 4148 1442 4233 primi
1466 4149 1550 4213 uani

216 4255 366 4318 omniu-m
398 4254 632 4340 beneficiorum
664 4254 973 4337 ecclesiasticomm,
1005 4275 1068 4338 que
1099 4255 1137 4319 ia
1167 4255 1292 4320 diocesi
1315 4260 1346 4320 et
1367 4255 1549 4340 provincia

218 4358 410 4427 &baiensi
444 4361 490 4426 ad
518 4382 662 4446 presens
695 4369 818 4427 cacam
853 4369 883 4427 et
919 4383 980 4447 que
1008 4383 1111 4446 usque
1139 4363 1185 4427 ad
1213 4363 1397 4428 trioamum
1420 4384 1442 4428 a
1465 4363 1549 4428 duta

213 4470 421 4552 presentium
443 4469 615 4534 volabunt.

323 4609 493 4694 [Iohannes
521 4610 631 4695 XXII]
667 4611 905 4677 venerabilibus
940 4611 1094 4677 fratribus
1118 4660 1125 4675 .
1153 4659 1160 4675 .
1187 4609 1430 4696 archiepiscopo
1455 4611 1547 4678 Colo-

216 4717 318 4782 nicnsi
342 4721 474 4800 eiusque
497 4717 712 4802 suffraganeis
736 4724 768 4783 ct
792 4716 919 4784 dilectis
943 4717 1016 4784 liliis
1043 4765 1076 4783 ..
1102 4717 1274 4784 abbatibus
1298 4718 1456 4804 prioribus
1479 4737 1547 4804 prc-

215 4823 328 4908 positis
357 4821 489 4889 decanis
516 4823 755 4890 archidiaconis
783 4824 1061 4909 archipresbiteris
1084 4832 1117 4890 et
1139 4824 1212 4891 aliis
1242 4825 1448 4893 eeclesiarum
1478 4845 1546 4911 pre·
