3642 5509
267 440 319 498 lss
838 435 909 491 mse
926 433 1000 491 Jnni
1021 432 1063 489 14.

265 624 387 690 olemus
410 630 507 706 teque
532 622 626 708 plene
643 619 850 686 habilitamus
877 667 911 683 ..
930 666 938 681 .
966 616 1153 697 fructusque
1181 661 1215 677 ..
1234 660 1241 675 .
1269 616 1462 697 perceptos.
1480 658 1487 673 .
1506 657 1513 673 .
1542 606 1600 673 tibi

264 732 481 799 remittimus.
500 779 534 796 ..
567 731 643 795 Dat.
661 730 757 795 Aviu.
774 726 887 792 XVIII
904 724 949 790 kl.
967 723 1035 790 iulii
1059 744 1089 788 a.
1113 718 1316 787 duodecimo.

425 873 500 941 ch.
518 874 557 925 88
573 872 598 941 f.
618 871 683 927 126¹
701 887 750 926 nr.
769 869 856 925 3321.

371 1250 494 1317 1488.
533 1247 806 1314 1328Jani14.
833 1242 1001 1331 Aor'qrrorr.

372 1414 539 1479 Iohannes
562 1412 673 1477 XXII
697 1412 804 1475 tribua
828 1410 1062 1476 executoribus
1084 1410 1236 1489 mandat,
1264 1399 1424 1497 quatinus
1441 1404 1597 1467 Wtrtwro

265 1522 307 1587 de
330 1522 491 1587 Bacbcr’m
514 1522 674 1587 canonico
698 1520 833 1585 ecclesie
856 1518 892 1584 S.
920 1516 1071 1584 Castoris
1098 1519 1134 1582 in
1160 1510 1374 1603 Continent&
1397 1516 1599 1581 decanatum

264 1629 414 1694 desdam
436 1629 570 1695 ecclesie
593 1629 635 1694 dc
657 1629 732 1693 iuro
756 1634 933 1692 vocantem
956 1625 1092 1705 (doaso)
1116 1626 1306 1711 conferant.

373 1800 544 1889 [Iohannes
567 1800 678 1885 XXII]
711 1798 835 1865 decano
865 1800 896 1864 iu
926 1797 1102 1882 Dithhgeu
1132 1799 1263 1864 Ihever.
1293 1798 1377 1865 dioc.
1403 1806 1436 1865 et
1458 1798 1597 1864 Heurico

264 1910 307 1978 de
335 1911 492 1979 Nassawe
522 1908 633 1976 Colou.
666 1928 705 1973 ac
738 1907 893 1991 magistro
923 1906 1091 1971 Ambrosio
1124 1906 1165 1972 de
1198 1906 1395 1993 Lamayrola
1426 1904 1597 1972 Mediolan.

265 2018 429 2085 canonicis
452 2016 672 2084 ecclesiarum.

372 2125 496 2191 Maride
518 2123 697 2211 probitatis,
721 2142 816 2209 super
832 2123 948 2207 quibus
966 2171 973 2187 .
992 2171 1026 2187 ..
1059 2122 1233 2197 Wernerus
1256 2121 1298 2188 de
1321 2122 1476 2189 Bacheim
1504 2141 1597 2189 cano

264 2234 355 2299 nicus
379 2232 517 2299 ecclesie
539 2232 574 2297 S.
591 2231 733 2299 Castoris
757 2232 790 2296 iu
807 2229 1008 2296 Confluentia
1024 2229 1156 2296 Trever.
1178 2228 1262 2295 dioc.
1281 2280 1288 2295 .
1307 2280 1315 2295 .
1334 2279 1341 2295 .
1359 2229 1599 2296 commendatur

352 2338 533 2406 inducimur
651 2338 738 2405 Sane
768 2358 870 2422 nuper
896 2357 954 2422 pro
978 2344 1072 2422 parte
1096 2335 1238 2403 eiusdem
1264 2337 1408 2403 Wemeri
1429 2338 1523 2405 nobis
1547 2358 1599 2404 ex·

265 2449 380 2535 posito,
405 2446 490 2531 quod
514 2448 584 2533 ipse
606 2445 682 2513 olim
707 2447 848 2514 existens
864 2446 896 2510 in
913 2443 1002 2511 dicta
1025 2444 1163 2511 ecclesia
1187 2446 1359 2512 canonicus
1382 2444 1598 2531 prehendatus

265 2562 298 2622 et
326 2556 359 2621 In
387 2554 578 2622 diaconatus
607 2553 719 2620 ordine
743 2554 936 2619 constitutus
959 2552 1193 2639 parrochialem
1217 2553 1388 2619 ecclesiam
1411 2553 1444 2618 in
1467 2552 1599 2619 Bennio-

264 2661 350 2730 heim
383 2662 471 2729 dicte
503 2661 641 2729 diocesis
674 2662 829 2727 canonice
860 2661 970 2727 fuerat
1002 2667 1166 2727 assecutus
1199 2660 1367 2747 ipsamque
1398 2681 1456 2747 per
1486 2659 1599 2727 decem

264 2790 365 2837 annos
399 2776 546 2836 tenuerat
580 2768 621 2835 ad
647 2769 879 2854 presbiteratus
913 2767 1056 2835 ordinem
1092 2790 1156 2835 non
1190 2776 1363 2855 promotus,
1394 2767 1543 2852 quodque
1566 2768 1599 2832 iu

263 2875 377 2942 eodem
401 2875 526 2942 decimo
559 2898 642 2944 auno
672 2876 867 2943 decanatum
898 2876 1042 2943 elusdem
1066 2878 1203 2945 ecclesie
1227 2878 1260 2943 S.
1278 2877 1421 2943 CastorIs
1445 2876 1526 2943 alias
1549 2896 1600 2942 ca·

262 2985 376 3050 nonice
400 2982 536 3069 adeptus
559 2985 667 3050 tuerat
700 2983 877 3067 eodemque
914 3005 997 3049 auno
1026 3003 1060 3049 se
1088 2983 1213 3050 iecerat
1236 2984 1269 3049 iu
1293 2985 1505 3070 presbiterum
1529 3002 1599 3069 pro-

262 3092 382 3157 moveri
405 3111 445 3157 ac
478 3091 648 3158 ecelesiam
680 3091 915 3178 parrochialem
949 3097 981 3156 et
1013 3090 1207 3159 decanatum
1239 3089 1406 3176 predictos
1438 3112 1502 3157 uua
1526 3111 1597 3156 cum

263 3198 454 3264 canonicatu
478 3204 510 3265 et
533 3197 708 3285 prebenda,
734 3219 812 3283 qnos
835 3201 868 3264 in
892 3197 1021 3285 prefata
1046 3199 1184 3265 ecclesia
1205 3200 1238 3265 S.
1257 3200 1399 3267 Castoris
1423 3206 1499 3265 tunc
1522 3207 1599 3263 tem-

263 3307 349 3391 poris
382 3307 558 3389 obtinebat,
591 3308 675 3373 sicut
703 3306 810 3374 adhuc
840 3307 973 3388 obtinet,
1008 3312 1126 3372 extunc
1156 3308 1248 3372 annis
1271 3307 1415 3393 pluribus
1438 3306 1532 3373 simul
1555 3311 1598 3370 te·

262 3419 385 3495 naarai,
409 3415 494 3480 sicut
517 3413 624 3480 adhuc
648 3413 781 3495 detinet,
805 3463 813 3479 .
836 3462 844 3479 .
868 3463 875 3479 .
899 3413 1024 3480 fructus
1045 3415 1228 3498 percipiens
1252 3434 1292 3479 ex
1317 3412 1448 3495 eisdem,
1473 3412 1598 3497 dispen-

262 3522 412 3585 satione.
435 3568 442 3585 .
466 3569 473 3585 .
500 3542 563 3586 nou
591 3522 733 3603 obtenta,
758 3527 790 3585 et
814 3540 872 3605 pro
895 3528 988 3606 parta
1012 3540 1071 3587 sua
1094 3521 1203 3585 extitit
1226 3521 1318 3586 nob'rs
1341 3520 1503 3585 humiliter
1526 3538 1598 3605 snp-

263 3626 496 3710 plicatum...
517 3628 586 3696 Nos
603 3648 728 3693 omnem
745 3626 958 3693 inhabilitatis
982 3628 1140 3693 maculam
1164 3629 1232 3695 sive
1257 3634 1364 3693 uotam
1389 3648 1447 3712 per
1470 3647 1541 3694 eum
1557 3627 1598 3693 ob

264 3734 417 3817 premissa
433 3733 484 3799 vel
508 3733 638 3817 aliquod
663 3735 888 3819 premissorum
913 3739 1097 3801 contractas
1122 3731 1217 3799 hodie
1241 3754 1298 3819 per
1322 3734 1447 3801 litteras
1472 3739 1597 3799 nostras

264 3887 297 3905 ..
316 3888 324 3905 .
349 3840 548 3907 abolevimus
580 3843 748 3927 ipsumque
779 3842 874 3927 plene
906 3840 1147 3907 habilitavimus
1172 3890 1179 3905 .
1198 3891 1205 3906 .
1224 3888 1231 3904 .
1250 3840 1460 3924 fructusque.
1479 3890 1486 3906 .
1505 3890 1512 3905 .
1529 3860 1598 3927 por·

263 3954 375 4033 coptos
402 3994 463 4014 ...
492 3948 554 4015 sibi
577 3950 755 4016 remisimus
784 3998 844 4017 ...
883 3950 951 4017 Nos
974 3950 1073 4034 igitur
1102 3997 1161 4014 ...
1190 3948 1376 4016 discretioni
1401 3954 1509 4015 vestre
1537 3998 1597 4015 ...

263 4054 462 4139 mandamus,
487 4058 663 4141 quatinus.
681 4106 688 4122 .
707 4107 714 4123 .
732 4056 913 4143 predictum
938 4056 1130 4123 decanatum
1156 4064 1286 4142 propter
1301 4058 1458 4142 premIssa
1474 4054 1515 4123 de
1530 4055 1599 4122 inre

263 4170 431 4229 vacantem
454 4214 461 4229 .
481 4213 514 4231 ..
537 4163 643 4231 eidem
668 4165 822 4233 Wemero
846 4165 895 4231 vel
921 4166 1121 4250 procuratori
1145 4183 1202 4231 suo
1220 4214 1228 4229 .
1246 4213 1254 4229 .
1273 4212 1281 4229 .
1299 4160 1524 4230 commendare
1548 4182 1600 4229 cu-

263 4270 340 4336 retis
373 4291 431 4356 per
463 4291 535 4337 enm
567 4292 631 4339 una
664 4290 735 4339 cum
759 4270 855 4338 dictIs
879 4271 1072 4338 canonicatu
1096 4276 1129 4337 et
1151 4268 1318 4356 prebenda
1341 4290 1381 4336 ac
1403 4268 1598 4356 parrochIali

263 4376 411 4462 ecclesia,
436 4377 478 4445 de
502 4398 565 4463 qua
587 4380 649 4446 sihi
673 4378 770 4446 hodic
793 4399 851 4465 per
874 4379 957 4446 alias
980 4385 1107 4446 nostras
1135 4428 1195 4445 ...
1225 4379 1351 4446 litteras
1380 4427 1439 4445 ...
1468 4376 1598 4444 manda-

262 4484 366 4551 vimus
389 4483 562 4570 provideri,
580 4536 588 4553 .
606 4536 614 4552 .
632 4534 638 4549 .
658 4486 829 4552 tenendum
845 4506 945 4571 usqne
962 4485 1005 4553 ad
1021 4485 1118 4553 dictis
1133 4487 1224 4569 (sict)
1247 4485 1335 4553 sedis
1359 4484 1596 4572 beneplacitum

263 4595 297 4656 et
319 4590 417 4657 etiam
440 4591 693 4678 possidendum.
712 4642 719 4658 .
738 4642 745 4658 .
777 4594 853 4660 Dat.
870 4594 965 4660 Ario.
984 4593 1097 4660 XVIII
1114 4594 1158 4659 kl.
1176 4593 1244 4660 iulii
1262 4615 1292 4660 a.
1310 4592 1512 4660 duodecimo.

415 4734 488 4806 Iteq.
509 4736 547 4790 88
563 4734 589 4807 f.
609 4734 675 4790 1221
693 4750 740 4791 ar.
760 4738 842 4791 3314.
