3642 5509
254 431 308 491 tol
793 434 863 489 1030
880 430 1000 490 Jannar
1018 429 1061 490 20.

362 617 528 684 Similiter
551 618 667 683 eadem
690 617 762 682 die:
800 614 1007 700 Heydemico
1031 616 1195 702 preposito
1219 615 1356 681 ecclesie
1380 613 1415 680 S.
1439 609 1587 680 Severini

257 725 357 790 Colon
381 734 411 791 et
435 724 658 790 Godescbalco
683 723 723 789 de
747 723 911 790 Barbercb
935 723 1106 790 scolastico
1130 722 1209 788 eccl.
1236 721 1426 788 Bunnensis.

416 845 497 903 ibid.
516 848 541 916 f.
561 849 617 902 162
634 863 682 902 mr.
703 847 788 912 1916,·
808 847 860 902 Rz.
881 846 956 900 1240
973 862 1003 901 a.
1022 849 1048 902 2.

362 1119 485 1187 188⁷.
511 1121 600 1185 1330
622 1119 762 1186 Januur
783 1121 838 1184 20.
862 1118 1029 1206 Aeipnma

360 1263 519 1330 Iohannes
541 1262 641 1327 XXII
672 1262 769 1328 Petro
793 1262 903 1329 Iacobi
928 1261 969 1329 de
992 1262 1111 1330 Nussia
1144 1263 1301 1329 canonico
1329 1261 1466 1328 ecclesie
1495 1259 1587 1326 Zcfli-

256 1372 360 1440 censis
384 1371 493 1437 (iolon.
518 1369 603 1436 dioc.
635 1377 779 1436 reservat
811 1369 1001 1437 beneficium
1035 1370 1293 1437 ecclesiasticum
1326 1389 1397 1435 enm
1430 1389 1507 1434 cura
1537 1367 1588 1434 vel

255 1482 324 1547 sine
354 1499 431 1546 cura
459 1478 500 1544 ad
530 1477 770 1562 dispositionem
794 1479 958 1545 abbatisse
982 1485 1015 1544 et
1038 1478 1171 1564 capituli
1195 1478 1350 1544 secularis
1373 1477 1510 1544 ecclesie
1534 1477 1588 1541 Al·

255 1587 397 1654 teuensis
420 1587 560 1652 Traiect.
585 1585 667 1651 dioc.
692 1587 902 1651 communiter
925 1586 976 1652 vel
1001 1585 1130 1652 divisim
1153 1583 1430 1672 spectansscuius
1453 1585 1587 1667 fructus,

254 1698 461 1776 domatum,
489 1692 777 1777 vigintiquinque,
804 1692 934 1760 sivero
961 1694 1030 1759 sinc
1061 1713 1139 1759 cura
1162 1693 1271 1777 fuerit,
1300 1691 1483 1776 quindecim
1506 1712 1587 1757 mar·

256 1802 387 1869 charum
411 1801 537 1885 argenti
559 1821 586 1866 s.
611 1807 633 1864 t.
659 1799 690 1864 d.
715 1800 856 1865 valorem
885 1821 1026 1866 aunuum
1049 1821 1113 1867 non
1137 1800 1308 1883 excedunt,
1342 1799 1588 1886 nonobstante

255 1909 340 1994 quod
364 1908 397 1974 in
413 1907 581 1974 Zeflicensi
597 1906 708 1972 Oolcn.
732 1906 816 1973 dice.
842 1909 1064 1974 canonicatum
1088 1915 1121 1974 et
1144 1907 1340 1993 prebendam
1363 1927 1403 1973 ac
1427 1907 1589 1975 thesaura·

254 2020 344 2100 riam,
370 2037 441 2100 que,
467 2022 500 2080 ut
525 2016 649 2095 asserit,
682 2035 742 2080 nee
771 2014 913 2099 dignitas
946 2036 1006 2081 nec
1040 2023 1239 2102 personatus,
1273 2014 1330 2082 sed
1358 2016 1494 2101 simplex
1523 2013 1588 2080 cffi-

254 2125 337 2190 cium
361 2125 430 2189 sine
454 2142 550 2188 curae
573 2123 675 2204 xistit,
710 2123 834 2188 obtinet
865 2130 898 2187 et
930 2122 1334 2189 inS.Ge1·eonisOolon.
1369 2122 1448 2188 eccl.
1483 2121 1587 2188 eidem

255 2232 296 2297 dc
319 2232 510 2297 canonicatu
533 2230 592 2296 sub
616 2230 841 2314 expectatione
864 2229 1076 2296 sacerdotalis
1099 2229 1262 2316 prebende
1286 2236 1334 2295 est
1358 2229 1531 2314 provisum.

362 2339 483 2404 Meritis
507 2347 561 2402 tue
584 2337 830 2421 probitatis...
865 2337 941 2403 Dat.
967 2337 1061 2403 Avin.
1087 2337 1170 2402 XIII
1194 2337 1238 2401 kl.
1264 2335 1418 2402 februarii
1441 2358 1471 2402 a.
1496 2356 1587 2419 quar·

255 2445 426 2513 todecimo.

362 2555 399 2619 In
423 2573 450 2618 e.
468 2574 509 2617 m.
533 2552 567 2619 S.
584 2552 716 2637 Georgii
732 2552 843 2619 Oolon.
861 2560 895 2619 et
911 2553 1158 2620 Davantricnsis
1182 2554 1323 2619 Traiect.
1348 2551 1431 2618 dioc.
1456 2551 1588 2618 decanis

255 2683 295 2728 ac
317 2661 471 2747 magistro
495 2660 663 2727 Ambrosio
692 2660 734 2727 de
759 2661 953 2746 Lamayrola
984 2661 1139 2727 canonico
1168 2659 1341 2728 Mediolan.
1371 2659 1587 2726 ecclesiarum.

414 2785 487 2854 Rep.
507 2785 546 2839 93
562 2801 610 2839 rar.
630 2787 696 2840 604.

362 3059 485 3128 1838.
513 3060 599 3125 1330
621 3061 774 3125 Februar
797 3063 826 3124 1.
855 3058 1019 3148 Aviprrora.

362 3203 522 3270 Iohannes
552 3203 651 3268 XXII
686 3202 863 3288 Rupertum
898 3205 1045 3269 comitem
1079 3202 1260 3269 Palatinum
1295 3209 1403 3286 rogat,
1440 3203 1588 3285 quatinus

257 3310 429 3377 Salmannc
464 3312 567 3376 electo
592 3310 831 3393 wormatiensi,
856 3312 947 3376 cuius
979 3310 1182 3376 adversamus
1206 3309 1363 3376 Gerlacus
1387 3310 1493 3376 dictus
1516 3309 1588 3375 Pin-

256 3438 352 3484 cerna
376 3419 549 3484 canonicus
573 3417 733 3502 Spirensis
756 3417 880 3482 detinet
903 3423 1094 3502 occupatam
1119 3416 1288 3483 ecclesiam
1305 3417 1587 3499 wormaciensem,

256 3525 298 3590 ad
329 3524 581 3610 recuperandum
611 3531 643 3588 et
672 3524 873 3589 retinendum
898 3524 1129 3608 possessiouem
1159 3523 1302 3590 eiusdem
1326 3524 1463 3590 ecclesie
1486 3529 1519 3589 et
1543 3531 1589 3588 to-

256 3633 325 3698 cius
349 3633 554 3718 episcopatus
578 3631 828 3697 Wormaciensis
857 3637 979 3715 prestet
1007 3630 1160 3696 auxilium
1185 3631 1351 3698 consilium
1376 3637 1408 3697 et
1432 3631 1587 3696 favorem.

363 3741 426 3805 Ρι·ο
459 3739 548 3804 firmo
581 3737 722 3820 gerimus
751 3788 758 3802 .
789 3786 796 3802 .
826 3786 833 3801 .
893 3740 967 3803 Dat.
993 3737 1111 3824 [Asin]
1142 3739 1186 3802 kl.
1221 3738 1375 3804 februarii
1404 3761 1433 3804 a.
1462 3744 1589 3821 quarto·

256 3848 390 3914 decimo.

362 3955 400 4019 In
424 3975 452 4020 e.
469 3976 510 4018 m.
534 3954 666 4037 Symcni
691 3961 724 4018 et
748 3951 883 4019 lobauni
907 3951 1077 4020 comitibus
1101 3953 1142 4018 de
1165 3953 1386 4039 Spaynlreym.

363 4063 399 4126 In
424 4081 452 4126 e.
467 4054 510 4125 m.
535 4059 683 4125 Conrado
707 4061 816 4125 comiti
840 4060 954 4126 Irsuto.

440 4185 512 4253 Rep.
533 4185 587 4236 115
603 4183 628 4253 s.
649 4185 704 4238 163
721 4200 769 4238 rer.
789 4185 881 4250 1920,·
899 4185 952 4239 ΒΖ.
972 4185 1053 4239 1261.

360 4453 482 4520 1830.
514 4455 601 4519 1330
623 4455 778 4520 Febrcar
800 4457 832 4519 4.
861 4453 1027 4540 Aoiprcma

363 4596 523 4662 Iohannes
538 4597 638 4662 XXII
662 4597 781 4664 Iacobo
805 4596 966 4680 quondam
982 4597 1149 4663 Bertholdi
1172 4597 1213 4663 de
1237 4598 1340 4683 Olavy
1363 4597 1404 4666 de
1421 4600 1588 4683 Magantia

258 4704 382 4771 confert
406 4704 485 4772 ecel.
518 4703 551 4771 S.
583 4703 712 4770 Andree
744 4705 855 4770 Oolcu.
889 4706 1123 4787 canonicatum,
1158 4703 1352 4791 prebendam
1377 4727 1454 4772 vero
1482 4705 1587 4772 eidem

257 4818 412 4896 reservat,
446 4832 509 4876 nou
539 4812 688 4878 obstante
721 4811 806 4895 quod
839 4811 1073 4898 parrochialem
1107 4813 1275 4879 ecclesiam
1300 4813 1333 4879 S.
1359 4813 1451 4879 Pauli
1480 4813 1588 4880 Erfur-
