3642 5509
753 493 824 548 1330
841 492 978 546 Februar
997 491 1040 546 25.

348 693 471 759 1849.
502 693 591 757 1330
614 693 767 758 Febraur
790 692 845 756 25.
873 690 1039 777 Antenore.

347 835 507 902 Iohannes
533 835 633 899 XXII
668 834 820 917 episcopo
844 832 1019 898 Leodiensi
1042 831 1186 908 mandat,
1220 831 1380 914 quatinus,
1413 832 1440 895 si
1463 850 1576 895 revera

241 942 394 1025 inveniat,
418 944 648 1008 monasterium
672 942 708 1005 Β.
726 940 828 1005 Marie
851 941 883 1004 in
902 939 1063 1024 Capitolio
1088 939 1197 1005 Coton.
1223 944 1354 1024 propter
1376 937 1476 1002 multa
1499 943 1575 1002 tem·

240 1051 328 1135 poris
359 1047 562 1115 incommoda
585 1055 619 1113 et
642 1048 795 1113 nobilium
820 1053 852 1111 et
875 1046 1010 1112 aliarum
1039 1065 1245 1132 personarum
1275 1044 1509 1109 multitudinem
1534 1043 1576 1108 ad

240 1156 275 1221 id
299 1155 523 1222 confluentium
549 1155 631 1221 adeo
655 1175 726 1220 csse
751 1155 783 1218 in
807 1155 873 1220 suis
895 1152 1077 1219 redditibus
1100 1153 1289 1218 diminutum
1306 1158 1339 1216 et
1359 1151 1440 1216 alias
1463 1171 1577 1234 aggra-

241 1267 363 1340 vatum,
397 1258 482 1341 quod
515 1259 588 1345 ipsa
618 1259 782 1325 abbatissa
810 1277 874 1322 non
898 1263 1006 1340 petest
1030 1256 1071 1322 de
1095 1254 1231 1321 residuis
1254 1255 1411 1324 fructibus
1434 1257 1577 1324 eiusdem

241 1367 426 1432 monasterii
456 1364 624 1432 commode
652 1364 826 1431 sustentari
857 1383 918 1429 nec
941 1363 1158 1429 incumbentia
1182 1364 1243 1429 sibi
1268 1385 1365 1430 onera
1388 1371 1577 1449 supportare

241 1473 392 1540 -sicut
416 1473 569 1538 asseritur
593 1472 635 1538 ab
659 1471 893 1539 abbatissa-
917 1471 1006 1536 uniat
1030 1477 1063 1534 et
1087 1477 1257 1536 connectet
1280 1491 1389 1537 mense
1413 1469 1502 1536 dieta
1524 1471 1578 1537 ab·

242 1581 363 1646 batisse
386 1579 605 1664 parrochiales
628 1579 783 1645 ecelesias
807 1579 839 1642 in
863 1576 1014 1642 Dalheim
1039 1583 1072 1642 et
1095 1578 1128 1642 iu
1144 1576 1220 1642 Mile
1244 1597 1284 1643 ac
1307 1578 1340 1642 in
1356 1578 1577 1664 Keyenburgh

242 1687 352 1753 Oolon.
378 1691 412 1752 ct
435 1685 536 1753 Leod.
561 1685 646 1753 dioc.

348 1794 467 1859 Potitio
491 1815 549 1879 pro
573 1800 665 1879 parte
689 1792 807 1858 dilecte
825 1842 832 1857 .
850 1840 885 1856 ..
933 1791 1008 1856 Dat.
1033 1791 1127 1857 Avia.
1151 1791 1179 1856 V
1202 1791 1248 1856 kl.
1272 1792 1379 1857 martii
1403 1814 1433 1858 a.
1451 1799 1577 1876 quarto-

242 1901 379 1968 decimo.

402 2009 475 2078 Ray.
495 2009 534 2062 95
552 2024 600 2062 nr.
619 2007 697 2074 520;
717 2007 769 2062 Ra.
788 2005 872 2060 1272.

342 2247 469 2315 185⁰.
500 2250 584 2312 1330
606 2249 761 2312 Febrear
784 2249 838 2310 26.
861 2244 1028 2332 Aeipnon.

346 2391 514 2455 Iohannes
541 2391 648 2454 XXII
674 2391 861 2476 confirmet,
892 2410 1084 2474 quecunque
1108 2389 1277 2455 Henricea
1306 2391 1577 2476 orcbc‘epiacopea

245 2498 451 2565 Colonienaia
473 2499 594 2563 atutuc't
618 2499 658 2562 de
687 2499 930 2584 reformatione
952 2498 1149 2562 monosterii
1176 2498 1375 2562 moniali-um
1402 2499 1439 2564 in
1462 2498 1577 2584 Erupit

244 2605 321 2670 dale
351 2606 424 2670 ord.
450 2605 485 2671 S.
511 2604 706 2691 Aceruntini.

351 2729 523 2813 [Iohannes
545 2729 656 2813 XXII]
689 2729 839 2815 priorisse
863 2736 895 2793 et
920 2730 1092 2794 conventui
1120 2730 1306 2794 monasterii
1336 2728 1521 2794 monialium
1544 2731 1576 2794 in

251 2836 423 2921 Engildale
442 2857 499 2921 per
511 2835 696 2922 priorissam
714 2835 799 2902 soliti
818 2837 991 2918 gubernari
1010 2835 1168 2901 ordinisS.
1184 2837 1351 2919 Augustini
1365 2835 1475 2901 (loton.
1493 2833 1577 2900 dioc.

351 2944 537 3030 Apostolioe
559 2944 647 3010 sedis
670 2945 877 3028 benignitas.
896 2993 904 3007 .
923 2992 930 3007 .
948 2943 1034 3007 Sane
1058 2943 1165 3009 oblate
1181 2944 1272 3008 nobis
1288 2963 1346 3028 pro
1362 2950 1454 3028 parte
1470 2950 1579 3008 vestra

243 3051 408 3135 petitionis
437 3051 537 3118 series
569 3051 767 3133 continebat,
797 3049 883 3134 quod
908 3050 949 3114 ab
974 3050 1048 3113 olim
1073 3071 1131 3115 vos
1154 3050 1276 3115 incluse
1299 3051 1332 3114 in
1356 3051 1471 3116 castris
1496 3049 1578 3115 clau-

243 3156 405 3238 stralibus,
436 3163 542 3222 mente
573 3162 679 3221 tamen
709 3156 811 3221 libera
835 3155 1041 3240 devotlionis]
1067 3155 1303 3241 impendebatis
1327 3156 1455 3221 domino
1480 3165 1579 3221 tamu-

244 3262 303 3329 lari
327 3269 360 3328 et
383 3263 469 3347 quod
495 3262 605 3328 dilecti
629 3263 746 3328 iratres
770 3262 891 3328 ordinis
915 3264 1150 3328 Heremitarum
1175 3263 1208 3328 S.
1230 3263 1401 3346 Augustini
1425 3263 1457 3327 in
1481 3262 1579 3348 opido

244 3369 433 3454 Bramen[si]
458 3369 569 3436 Gelon.
604 3369 688 3436 dioc.
723 3377 958 3434 commorantes
990 3369 1031 3434 de
1054 3370 1210 3452 regimine
1235 3369 1314 3435 dicti
1339 3370 1524 3436 monasterii
1548 3381 1580 3435 et

243 3497 449 3562 personarum
473 3477 659 3562 degentium
684 3479 717 3541 in
741 3476 854 3542 eodem
879 3497 913 3541 se
939 3477 1151 3541 intromittere
1175 3476 1262 3542 nullo
1286 3497 1381 3562 snper
1406 3475 1467 3543 boc
1483 3477 1593 3570 priri·⁴

243 3583 329 3669 legio
352 3604 408 3649 seu
432 3585 627 3650 auctoritate
649 3582 737 3649 sedis
767 3581 944 3668 apostolice
970 3582 1020 3648 vel
1045 3582 1208 3649 diocesani
1233 3583 1294 3649 loci
1319 3583 1431 3648 muniti
1456 3585 1579 3649 temeri·

243 3696 311 3756 tate
343 3690 474 3776 propria
506 3694 778 3776 presumpserunt,
814 3695 847 3754 et
881 3690 929 3754 sic
964 3688 1070 3755 medio
1103 3696 1247 3774 tempore
1283 3739 1291 3755 .
1326 3737 1333 3754 .
1366 3739 1373 3755 .
1406 3691 1579 3756 facultates

242 3803 350 3862 vestre
373 3803 407 3861 et
438 3798 539 3882 ipsius
571 3797 757 3862 monasterii
788 3797 946 3862 exhauste
975 3797 1112 3879 fuerunt,
1151 3795 1236 3879 quod
1260 3796 1376 3862 nedum
1401 3797 1433 3862 in
1457 3804 1578 3882 tempo·

242 3904 363 3970 ralibus
397 3903 456 3970 sed
492 3905 588 3969 etiam
623 3904 656 3967 iu
690 3903 910 3988 spiritualibus
945 3902 1119 3970 defecistis.
1168 3904 1287 3969 Verum
1314 3901 1494 3969 huiusmodi
1525 3903 1579 3970 de·

243 4011 363 4075 lectum
387 4030 443 4076 scu
468 4010 645 4095 collapsum
670 4009 812 4075 eiusdem
837 4010 1022 4076 monasterii
1046 4059 1053 4074 .
1073 4059 1080 4074 .
1099 4059 1106 4074 .
1123 4011 1294 4075 'Hauricus
1317 4009 1579 4097 archiepiscopus

243 4117 443 4182 Coloniensis
467 4115 658 4182 diocesanos
682 4124 788 4181 vester
811 4117 972 4201 aspiciens
995 4166 1002 4182 .
1022 4165 1054 4181 ..
1077 4137 1135 4182 vos
1158 4117 1217 4181 sub
1241 4137 1299 4182 sua
1322 4118 1522 4201 protectione
1545 4125 1579 4184 et

242 4224 397 4308 regimine
431 4223 564 4308 speciali
601 4223 734 4308 recepit,
770 4223 863 4288 vobis
898 4223 1091 4289 auctoritate
1122 4223 1285 4289 ordinaria
1318 4223 1508 4307 concedens,
1544 4231 1579 4290 ut

242 4331 372 4415 possitis
406 4331 606 4395 immunitate
643 4328 787 4414 gaudere
825 4350 865 4394 ac
899 4331 1072 4396 oratorium
1108 4331 1140 4396 iu
1172 4330 1259 4396 dicto
1290 4331 1482 4397 monasterio
1507 4351 1578 4396 cum

242 4439 337 4502 unica
372 4458 531 4524 campana
563 4437 683 4519 eligere
713 4444 745 4501 et
773 4437 893 4503 babere
918 4439 1013 4503 acin
1038 4458 1077 4503 eo
1101 4437 1211 4502 divina
1235 4437 1341 4502 officia
1364 4439 1446 4503 sicut
1471 4445 1578 4504 cetere

242 4544 396 4611 moniales
420 4545 619 4610 coloniensis
651 4545 794 4610 civitatis
823 4552 856 4609 et
885 4544 1023 4610 diocesis
1048 4545 1210 4610 celebrare
1234 4551 1267 4609 et
1290 4543 1397 4610 lacere
1422 4545 1577 4610 celebrari

242 4657 275 4715 et
297 4651 357 4716 sub
387 4649 530 4716 eiusdem
555 4651 589 4716 S.
614 4650 784 4735 Augustini
818 4652 931 4735 regula
965 4653 1062 4718 vitam
1096 4651 1214 4718 ducere
1330 4652 1481 4717 nonnulla
1513 4651 1578 4718 alia

242 4757 383 4823 salubria
406 4757 514 4841 quoad
538 4758 794 4824 reformationem
819 4778 941 4824 morum
965 4765 1069 4824 status
1093 4765 1125 4824 et
1141 4758 1317 4843 spiritualis
1341 4758 1576 4844 discipline...

242 4864 423 4948 statuendo,
459 4871 553 4949 prout
580 4865 612 4932 in
636 4864 808 4932 autenticis
831 4865 948 4931 litteris
971 4865 1047 4932 iude
1071 4865 1229 4932 confectis
1253 4865 1393 4933 eiusdem
1419 4866 1576 4951 archicpi-
