<?xml version="1.0" encoding="UTF-8"?>
<!DOCTYPE html PUBLIC "-//W3C//DTD XHTML 1.0 Transitional//EN"
    "http://www.w3.org/TR/xhtml1/DTD/xhtml1-transitional.dtd">
<html xmlns="http://www.w3.org/1999/xhtml" xml:lang="en" lang="en">
 <head>
  <title>
</title>
<meta http-equiv="Content-Type" content="text/html;charset=utf-8" />
  <meta name='ocr-system' content='tesseract 3.04.00' />
  <meta name='ocr-capabilities' content='ocr_page ocr_carea ocr_par ocr_line ocrx_word'/>
</head>
<body>
  <div class='ocr_page' id='page_1' title='image "./urkundenundrege00thimgoog_0331.png"; bbox 0 0 3642 5509; ppageno 0'>
   <div class='ocr_carea' id='block_1_1' title="bbox 265 404 1058 468">
    <p class='ocr_par' dir='ltr' id='par_1_1' title="bbox 265 404 1058 468">
     <span class='ocr_line' id='line_1_1' title="bbox 265 404 1058 468; baseline 0 -1"><span class='ocrx_word' id='word_1_1' title='bbox 265 407 318 467; x_wconf 72' lang='lat'><strong>302</strong></span> <span class='ocrx_word' id='word_1_2' title='bbox 789 405 859 467; x_wconf 83' lang='lat'>1330</span> <span class='ocrx_word' id='word_1_3' title='bbox 877 404 997 467; x_wconf 81' lang='lat' dir='ltr'><strong>Januar</strong></span> <span class='ocrx_word' id='word_1_4' title='bbox 1015 405 1058 468; x_wconf 75' lang='lat'><strong>15.</strong></span> 
     </span>
    </p>
   </div>
   <div class='ocr_carea' id='block_1_2' title="bbox 262 588 1600 2716">
    <p class='ocr_par' dir='ltr' id='par_1_2' title="bbox 262 588 1600 2716">
     <span class='ocr_line' id='line_1_2' title="bbox 372 588 1600 659; baseline 0.002 -3"><span class='ocrx_word' id='word_1_5' title='bbox 372 588 489 657; x_wconf 90' lang='lat' dir='ltr'><strong>Petitio</strong></span> <span class='ocrx_word' id='word_1_6' title='bbox 513 591 629 658; x_wconf 88' lang='lat' dir='ltr'><strong>nobilis</strong></span> <span class='ocrx_word' id='word_1_7' title='bbox 654 593 712 658; x_wconf 84' lang='lat' dir='ltr'><strong>viri</strong></span> <span class='ocrx_word' id='word_1_8' title='bbox 738 591 878 658; x_wconf 84' lang='lat' dir='ltr'><strong>Conradi</strong></span> <span class='ocrx_word' id='word_1_9' title='bbox 902 591 944 658; x_wconf 91' lang='lat' dir='ltr'><strong>de</strong></span> <span class='ocrx_word' id='word_1_10' title='bbox 968 592 1083 658; x_wconf 89' lang='lat' dir='ltr'><strong>Marka</strong></span> <span class='ocrx_word' id='word_1_11' title='bbox 1116 592 1227 658; x_wconf 91' lang='lat' dir='ltr'><strong>militis</strong></span> <span class='ocrx_word' id='word_1_12' title='bbox 1250 599 1282 658; x_wconf 89' lang='lat' dir='ltr'><strong>et</strong></span> <span class='ocrx_word' id='word_1_13' title='bbox 1310 591 1426 659; x_wconf 92' lang='lat' dir='ltr'><strong>nobilis</strong></span> <span class='ocrx_word' id='word_1_14' title='bbox 1459 588 1600 658; x_wconf 87' lang='lat' dir='ltr'><strong>mulieris</strong></span> 
     </span>
     <span class='ocr_line' id='line_1_3' title="bbox 265 698 1599 785; baseline 0 -20"><span class='ocrx_word' id='word_1_15' title='bbox 265 698 411 765; x_wconf 84' lang='lat' dir='ltr'><strong>Eliuabet</strong></span> <span class='ocrx_word' id='word_1_16' title='bbox 435 700 475 764; x_wconf 90' lang='lat' dir='ltr'><strong>de</strong></span> <span class='ocrx_word' id='word_1_17' title='bbox 499 699 684 766; x_wconf 90' lang='lat' dir='ltr'><strong>Brederode</strong></span> <span class='ocrx_word' id='word_1_18' title='bbox 708 701 817 767; x_wconf 83' lang='lat' dir='ltr'><strong>Goion.</strong></span> <span class='ocrx_word' id='word_1_19' title='bbox 853 699 937 765; x_wconf 89' lang='lat' dir='ltr'><strong>dioc.</strong></span> <span class='ocrx_word' id='word_1_20' title='bbox 972 721 1074 785; x_wconf 85' lang='lat' dir='ltr'><strong>nuper</strong></span> <span class='ocrx_word' id='word_1_21' title='bbox 1106 701 1199 766; x_wconf 87' lang='lat' dir='ltr'><strong>nobis</strong></span> <span class='ocrx_word' id='word_1_22' title='bbox 1228 699 1373 766; x_wconf 85' lang='lat' dir='ltr'><strong>exhibita</strong></span> <span class='ocrx_word' id='word_1_23' title='bbox 1404 700 1599 783; x_wconf 88' lang='lat' dir='ltr'><strong>continebat,</strong></span> 
     </span>
     <span class='ocr_line' id='line_1_4' title="bbox 265 807 1600 893; baseline -0.003 -18"><span class='ocrx_word' id='word_1_24' title='bbox 265 807 350 892; x_wconf 87' lang='lat' dir='ltr'><strong>quod</strong></span> <span class='ocrx_word' id='word_1_25' title='bbox 385 828 458 872; x_wconf 91' lang='lat' dir='ltr'><strong>cum</strong></span> <span class='ocrx_word' id='word_1_26' title='bbox 493 809 568 873; x_wconf 92' lang='lat' dir='ltr'><strong>olim</strong></span> <span class='ocrx_word' id='word_1_27' title='bbox 603 809 662 893; x_wconf 91' lang='lat' dir='ltr'><strong>ipsi</strong></span> <span class='ocrx_word' id='word_1_28' title='bbox 694 828 729 873; x_wconf 92' lang='lat' dir='ltr'><strong>se</strong></span> <span class='ocrx_word' id='word_1_29' title='bbox 758 807 880 873; x_wconf 88' lang='lat' dir='ltr'><strong>affectu</strong></span> <span class='ocrx_word' id='word_1_30' title='bbox 909 814 1019 873; x_wconf 88' lang='lat' dir='ltr'><strong>mutuo</strong></span> <span class='ocrx_word' id='word_1_31' title='bbox 1053 807 1242 873; x_wconf 84' lang='lat' dir='ltr'><strong>adamarent</strong></span> <span class='ocrx_word' id='word_1_32' title='bbox 1270 813 1303 873; x_wconf 93' lang='lat' dir='ltr'><strong>et</strong></span> <span class='ocrx_word' id='word_1_33' title='bbox 1332 827 1372 872; x_wconf 87' lang='lat' dir='ltr'><strong>ex</strong></span> <span class='ocrx_word' id='word_1_34' title='bbox 1403 807 1464 874; x_wconf 94' lang='lat' dir='ltr'><strong>hoc</strong></span> <span class='ocrx_word' id='word_1_35' title='bbox 1487 807 1600 873; x_wconf 87' lang='lat' dir='ltr'><strong>fuisset</strong></span> 
     </span>
     <span class='ocr_line' id='line_1_5' title="bbox 264 913 1600 1000; baseline -0.001 -20"><span class='ocrx_word' id='word_1_36' title='bbox 264 916 373 999; x_wconf 84' lang='lat' dir='ltr'><strong>gravis</strong></span> <span class='ocrx_word' id='word_1_37' title='bbox 397 914 549 1000; x_wconf 79' lang='lat' dir='ltr'><strong>suspicio,</strong></span> <span class='ocrx_word' id='word_1_38' title='bbox 583 913 667 998; x_wconf 90' lang='lat' dir='ltr'><strong>quod</strong></span> <span class='ocrx_word' id='word_1_39' title='bbox 691 935 726 980; x_wconf 93' lang='lat' dir='ltr'><strong>se</strong></span> <span class='ocrx_word' id='word_1_40' title='bbox 750 915 924 981; x_wconf 80' lang='lat' dir='ltr'><strong>carnaliter</strong></span> <span class='ocrx_word' id='word_1_41' title='bbox 948 914 1186 1000; x_wconf 78' lang='lat' dir='ltr'>cognovissent,</span> <span class='ocrx_word' id='word_1_42' title='bbox 1219 935 1258 980; x_wconf 88' lang='lat' dir='ltr'><strong>ac</strong></span> <span class='ocrx_word' id='word_1_43' title='bbox 1283 916 1447 980; x_wconf 78' lang='lat' dir='ltr'><strong>timeretur</strong></span> <span class='ocrx_word' id='word_1_44' title='bbox 1469 922 1600 1000; x_wconf 90' lang='lat' dir='ltr'><strong>propter</strong></span> 
     </span>
     <span class='ocr_line' id='line_1_6' title="bbox 265 1021 1600 1107; baseline -0.001 -20"><span class='ocrx_word' id='word_1_45' title='bbox 265 1023 326 1087; x_wconf 87' lang='lat' dir='ltr'><strong>lroc</strong></span> <span class='ocrx_word' id='word_1_46' title='bbox 350 1025 432 1087; x_wconf 90' lang='lat' dir='ltr'><strong>inter</strong></span> <span class='ocrx_word' id='word_1_47' title='bbox 455 1042 562 1087; x_wconf 91' lang='lat' dir='ltr'><strong>eorum</strong></span> <span class='ocrx_word' id='word_1_48' title='bbox 587 1041 769 1088; x_wconf 88' lang='lat' dir='ltr'><strong>communes</strong></span> <span class='ocrx_word' id='word_1_49' title='bbox 798 1023 1054 1106; x_wconf 84' lang='lat' dir='ltr'><strong>consanguineos</strong></span> <span class='ocrx_word' id='word_1_50' title='bbox 1077 1029 1111 1086; x_wconf 91' lang='lat' dir='ltr'><strong>et</strong></span> <span class='ocrx_word' id='word_1_51' title='bbox 1134 1023 1255 1088; x_wconf 88' lang='lat' dir='ltr'><strong>amicos</strong></span> <span class='ocrx_word' id='word_1_52' title='bbox 1284 1043 1384 1107; x_wconf 86' lang='lat' dir='ltr'><strong>grave</strong></span> <span class='ocrx_word' id='word_1_53' title='bbox 1413 1021 1600 1088; x_wconf 87' lang='lat' dir='ltr'><strong>scandalum</strong></span> 
     </span>
     <span class='ocr_line' id='line_1_7' title="bbox 264 1128 1597 1216; baseline -0.002 -20"><span class='ocrx_word' id='word_1_54' title='bbox 264 1130 391 1214; x_wconf 86' lang='lat' dir='ltr'><strong>exoriri,</strong></span> <span class='ocrx_word' id='word_1_55' title='bbox 415 1128 457 1195; x_wconf 94' lang='lat' dir='ltr'><strong>ad</strong></span> <span class='ocrx_word' id='word_1_56' title='bbox 481 1129 675 1195; x_wconf 89' lang='lat' dir='ltr'><strong>obviandum</strong></span> <span class='ocrx_word' id='word_1_57' title='bbox 699 1129 862 1199; x_wconf 87' lang='lat' dir='ltr'><strong>scandalis</strong></span> <span class='ocrx_word' id='word_1_58' title='bbox 885 1138 918 1196; x_wconf 89' lang='lat' dir='ltr'><strong>et</strong></span> <span class='ocrx_word' id='word_1_59' title='bbox 942 1129 1057 1196; x_wconf 79' lang='lat' dir='ltr'><strong>futuris</strong></span> <span class='ocrx_word' id='word_1_60' title='bbox 1085 1131 1248 1215; x_wconf 78' lang='lat' dir='ltr'><strong>periculis,</strong></span> <span class='ocrx_word' id='word_1_61' title='bbox 1284 1153 1346 1198; x_wconf 95' lang='lat' dir='ltr'><strong>non</strong></span> <span class='ocrx_word' id='word_1_62' title='bbox 1371 1132 1487 1216; x_wconf 82' lang='lat' dir='ltr'><strong>ignari,</strong></span> <span class='ocrx_word' id='word_1_63' title='bbox 1511 1129 1597 1215; x_wconf 90' lang='lat' dir='ltr'><strong>quod</strong></span> 
     </span>
     <span class='ocr_line' id='line_1_8' title="bbox 263 1235 1597 1322; baseline 0 -20"><span class='ocrx_word' id='word_1_64' title='bbox 263 1244 377 1321; x_wconf 85' lang='lat' dir='ltr'><strong>quarto</strong></span> <span class='ocrx_word' id='word_1_65' title='bbox 410 1237 697 1320; x_wconf 81' lang='lat' dir='ltr'><strong>consanguinitatis</strong></span> <span class='ocrx_word' id='word_1_66' title='bbox 729 1235 834 1321; x_wconf 84' lang='lat' dir='ltr'><strong>gradu</strong></span> <span class='ocrx_word' id='word_1_67' title='bbox 857 1256 892 1304; x_wconf 90' lang='lat' dir='ltr'><strong>se</strong></span> <span class='ocrx_word' id='word_1_68' title='bbox 916 1239 1054 1303; x_wconf 85' lang='lat' dir='ltr'><strong>invicem</strong></span> <span class='ocrx_word' id='word_1_69' title='bbox 1085 1237 1329 1322; x_wconf 86' lang='lat' dir='ltr'><strong>contingebant,</strong></span> <span class='ocrx_word' id='word_1_70' title='bbox 1363 1237 1597 1304; x_wconf 86' lang='lat' dir='ltr'><strong>matrimonium</strong></span> 
     </span>
     <span class='ocr_line' id='line_1_9' title="bbox 263 1343 1599 1432; baseline -0.001 -21"><span class='ocrx_word' id='word_1_71' title='bbox 263 1365 321 1432; x_wconf 94' lang='lat' dir='ltr'><strong>per</strong></span> <span class='ocrx_word' id='word_1_72' title='bbox 345 1344 443 1411; x_wconf 88' lang='lat' dir='ltr'><strong>verba</strong></span> <span class='ocrx_word' id='word_1_73' title='bbox 459 1343 500 1409; x_wconf 94' lang='lat' dir='ltr'><strong>de</strong></span> <span class='ocrx_word' id='word_1_74' title='bbox 515 1344 657 1430; x_wconf 83' lang='lat' dir='ltr'><strong>presenti</strong></span> <span class='ocrx_word' id='word_1_75' title='bbox 680 1343 818 1409; x_wconf 90' lang='lat' dir='ltr'><strong>invicem</strong></span> <span class='ocrx_word' id='word_1_76' title='bbox 843 1350 1083 1428; x_wconf 84' lang='lat' dir='ltr'><strong>contraxerunt,</strong></span> <span class='ocrx_word' id='word_1_77' title='bbox 1109 1346 1231 1411; x_wconf 87' lang='lat' dir='ltr'><strong>carnali</strong></span> <span class='ocrx_word' id='word_1_78' title='bbox 1256 1345 1457 1430; x_wconf 89' lang='lat' dir='ltr'><strong>postmodum</strong></span> <span class='ocrx_word' id='word_1_79' title='bbox 1483 1345 1599 1431; x_wconf 88' lang='lat' dir='ltr'><strong>copula</strong></span> 
     </span>
     <span class='ocr_line' id='line_1_10' title="bbox 263 1451 1597 1538; baseline -0.001 -20"><span class='ocrx_word' id='word_1_80' title='bbox 263 1453 444 1535; x_wconf 87' lang='lat' dir='ltr'><strong>subsecuta,</strong></span> <span class='ocrx_word' id='word_1_81' title='bbox 478 1456 609 1536; x_wconf 90' lang='lat' dir='ltr'><strong>propter</strong></span> <span class='ocrx_word' id='word_1_82' title='bbox 637 1471 700 1534; x_wconf 91' lang='lat' dir='ltr'><strong>que</strong></span> <span class='ocrx_word' id='word_1_83' title='bbox 724 1451 785 1537; x_wconf 89' lang='lat' dir='ltr'><strong>ipsi</strong></span> <span class='ocrx_word' id='word_1_84' title='bbox 810 1453 1174 1519; x_wconf 76' lang='lat' dir='ltr'><strong>excommunicationum</strong></span> <span class='ocrx_word' id='word_1_85' title='bbox 1197 1453 1377 1520; x_wconf 90' lang='lat' dir='ltr'><strong>sententias</strong></span> <span class='ocrx_word' id='word_1_86' title='bbox 1400 1473 1459 1538; x_wconf 91' lang='lat' dir='ltr'><strong>per</strong></span> <span class='ocrx_word' id='word_1_87' title='bbox 1482 1453 1597 1518; x_wconf 90' lang='lat' dir='ltr'><strong>consti·</strong></span> 
     </span>
     <span class='ocr_line' id='line_1_11' title="bbox 262 1557 1597 1646; baseline -0.001 -20"><span class='ocrx_word' id='word_1_88' title='bbox 262 1561 417 1626; x_wconf 89' lang='lat' dir='ltr'><strong>tutionem</strong></span> <span class='ocrx_word' id='word_1_89' title='bbox 444 1557 488 1624; x_wconf 86' lang='lat' dir='ltr'><strong>ie.</strong></span> <span class='ocrx_word' id='word_1_90' title='bbox 516 1578 561 1623; x_wconf 89' lang='lat' dir='ltr'><strong>re.</strong></span> <span class='ocrx_word' id='word_1_91' title='bbox 586 1558 758 1624; x_wconf 83' lang='lat' dir='ltr'><strong>Clementis</strong></span> <span class='ocrx_word' id='word_1_92' title='bbox 786 1578 871 1645; x_wconf 91' lang='lat' dir='ltr'><strong>pape</strong></span> <span class='ocrx_word' id='word_1_93' title='bbox 896 1559 924 1624; x_wconf 92' lang='lat' dir='ltr'>V</span> <span class='ocrx_word' id='word_1_94' title='bbox 1041 1561 1075 1624; x_wconf 94' lang='lat' dir='ltr'><strong>in</strong></span> <span class='ocrx_word' id='word_1_95' title='bbox 1104 1560 1237 1626; x_wconf 92' lang='lat' dir='ltr'><strong>consilio</strong></span> <span class='ocrx_word' id='word_1_96' title='bbox 1262 1558 1454 1626; x_wconf 88' lang='lat' dir='ltr'><strong>Viennensi:</strong></span> <span class='ocrx_word' id='word_1_97' title='bbox 1494 1558 1597 1646; x_wconf 84' lang='lat' dir='ltr'><strong>,Quia</strong></span> 
     </span>
     <span class='ocr_line' id='line_1_12' title="bbox 263 1663 1596 1750; baseline 0 -18"><span class='ocrx_word' id='word_1_98' title='bbox 263 1666 371 1732; x_wconf 88' lang='lat' dir='ltr'><strong>scitis“</strong></span> <span class='ocrx_word' id='word_1_99' title='bbox 397 1670 431 1731; x_wconf 90' lang='lat' dir='ltr'><strong>et</strong></span> <span class='ocrx_word' id='word_1_100' title='bbox 450 1684 508 1750; x_wconf 92' lang='lat' dir='ltr'><strong>per</strong></span> <span class='ocrx_word' id='word_1_101' title='bbox 530 1663 685 1731; x_wconf 89' lang='lat' dir='ltr'><strong>sinodalis</strong></span> <span class='ocrx_word' id='word_1_102' title='bbox 709 1666 962 1749; x_wconf 88' lang='lat' dir='ltr'><strong>constitutiones,</strong></span> <span class='ocrx_word' id='word_1_103' title='bbox 988 1667 1063 1750; x_wconf 89' lang='lat' dir='ltr'><strong>quia</strong></span> <span class='ocrx_word' id='word_1_104' title='bbox 1085 1667 1200 1734; x_wconf 91' lang='lat' dir='ltr'><strong>bannis</strong></span> <span class='ocrx_word' id='word_1_105' title='bbox 1222 1687 1286 1733; x_wconf 91' lang='lat' dir='ltr'><strong>non</strong></span> <span class='ocrx_word' id='word_1_106' title='bbox 1309 1666 1405 1733; x_wconf 93' lang='lat' dir='ltr'><strong>editis</strong></span> <span class='ocrx_word' id='word_1_107' title='bbox 1429 1672 1596 1734; x_wconf 82' lang='lat' dir='ltr'><strong>contraxe-</strong></span> 
     </span>
     <span class='ocr_line' id='line_1_13' title="bbox 263 1771 1598 1858; baseline 0.001 -20"><span class='ocrx_word' id='word_1_108' title='bbox 263 1779 345 1855; x_wconf 89' lang='lat' dir='ltr'><strong>runt,</strong></span> <span class='ocrx_word' id='word_1_109' title='bbox 370 1772 453 1838; x_wconf 89' lang='lat' dir='ltr'><strong>latas</strong></span> <span class='ocrx_word' id='word_1_110' title='bbox 476 1771 647 1837; x_wconf 86' lang='lat' dir='ltr'><strong>incurrisse</strong></span> <span class='ocrx_word' id='word_1_111' title='bbox 670 1777 854 1838; x_wconf 89' lang='lat' dir='ltr'><strong>noscuntur.</strong></span> <span class='ocrx_word' id='word_1_112' title='bbox 892 1773 969 1839; x_wconf 80' lang='lat' dir='ltr'><strong>Cum</strong></span> <span class='ocrx_word' id='word_1_113' title='bbox 995 1779 1101 1840; x_wconf 90' lang='lat' dir='ltr'><strong>autem</strong></span> <span class='ocrx_word' id='word_1_114' title='bbox 1119 1821 1127 1838; x_wconf 90' lang='lat'><strong>.</strong></span> <span class='ocrx_word' id='word_1_115' title='bbox 1146 1823 1154 1839; x_wconf 91' lang='lat'><strong>.</strong></span> <span class='ocrx_word' id='word_1_116' title='bbox 1172 1823 1179 1840; x_wconf 92' lang='lat'><strong>.</strong></span> <span class='ocrx_word' id='word_1_117' title='bbox 1198 1793 1239 1839; x_wconf 84' lang='lat' dir='ltr'><strong>err</strong></span> <span class='ocrx_word' id='word_1_118' title='bbox 1263 1794 1371 1840; x_wconf 91' lang='lat' dir='ltr'><strong>eorum</strong></span> <span class='ocrx_word' id='word_1_119' title='bbox 1395 1775 1598 1858; x_wconf 85' lang='lat' dir='ltr'><strong>separatione</strong></span> 
     </span>
     <span class='ocr_line' id='line_1_14' title="bbox 266 1879 1597 1966; baseline 0.001 -21"><span class='ocrx_word' id='word_1_120' title='bbox 266 1880 466 1964; x_wconf 71' lang='lat' dir='ltr'><strong>...gravia</strong></span> <span class='ocrx_word' id='word_1_121' title='bbox 490 1879 574 1944; x_wconf 90' lang='lat' dir='ltr'><strong>sicut</strong></span> <span class='ocrx_word' id='word_1_122' title='bbox 597 1879 760 1962; x_wconf 89' lang='lat' dir='ltr'><strong>asseritur,</strong></span> <span class='ocrx_word' id='word_1_123' title='bbox 791 1879 948 1947; x_wconf 89' lang='lat' dir='ltr'><strong>scandala</strong></span> <span class='ocrx_word' id='word_1_124' title='bbox 972 1881 1082 1966; x_wconf 89' lang='lat' dir='ltr'><strong>procul</strong></span> <span class='ocrx_word' id='word_1_125' title='bbox 1106 1879 1205 1947; x_wconf 90' lang='lat' dir='ltr'><strong>dubio</strong></span> <span class='ocrx_word' id='word_1_126' title='bbox 1228 1885 1515 1964; x_wconf 86' lang='lat' dir='ltr'><strong>sequerentur...</strong></span> <span class='ocrx_word' id='word_1_127' title='bbox 1540 1901 1597 1946; x_wconf 91' lang='lat' dir='ltr'><strong>nos</strong></span> 
     </span>
     <span class='ocr_line' id='line_1_15' title="bbox 264 1986 1597 2072; baseline -0.002 -18"><span class='ocrx_word' id='word_1_128' title='bbox 264 1986 536 2054; x_wconf 84' lang='lat' dir='ltr'><strong>...fraternitati</strong></span> <span class='ocrx_word' id='word_1_129' title='bbox 561 1993 614 2050; x_wconf 92' lang='lat' dir='ltr'><strong>tue</strong></span> <span class='ocrx_word' id='word_1_130' title='bbox 643 2035 680 2050; x_wconf 91' lang='lat'><strong>..</strong></span> <span class='ocrx_word' id='word_1_131' title='bbox 704 2035 711 2050; x_wconf 94' lang='lat'><strong>.</strong></span> <span class='ocrx_word' id='word_1_132' title='bbox 740 1988 966 2053; x_wconf 89' lang='lat' dir='ltr'><strong>committimus</strong></span> <span class='ocrx_word' id='word_1_133' title='bbox 990 1995 1023 2054; x_wconf 88' lang='lat' dir='ltr'><strong>et</strong></span> <span class='ocrx_word' id='word_1_134' title='bbox 1046 1987 1245 2071; x_wconf 91' lang='lat' dir='ltr'><strong>mandamus,</strong></span> <span class='ocrx_word' id='word_1_135' title='bbox 1282 1988 1441 2072; x_wconf 87' lang='lat' dir='ltr'><strong>quatinus,</strong></span> <span class='ocrx_word' id='word_1_136' title='bbox 1477 1987 1597 2054; x_wconf 89' lang='lat' dir='ltr'><strong>eisdem</strong></span> 
     </span>
     <span class='ocr_line' id='line_1_16' title="bbox 264 2093 1598 2180; baseline -0.002 -18"><span class='ocrx_word' id='word_1_137' title='bbox 264 2095 412 2162; x_wconf 83' lang='lat' dir='ltr'><strong>Conrado</strong></span> <span class='ocrx_word' id='word_1_138' title='bbox 442 2102 474 2160; x_wconf 91' lang='lat' dir='ltr'><strong>et</strong></span> <span class='ocrx_word' id='word_1_139' title='bbox 504 2094 651 2160; x_wconf 76' lang='lat' dir='ltr'><strong>Elisabet</strong></span> <span class='ocrx_word' id='word_1_140' title='bbox 684 2096 843 2180; x_wconf 90' lang='lat' dir='ltr'><strong>separatis</strong></span> <span class='ocrx_word' id='word_1_141' title='bbox 866 2093 909 2160; x_wconf 91' lang='lat' dir='ltr'><strong>ad</strong></span> <span class='ocrx_word' id='word_1_142' title='bbox 941 2101 1076 2180; x_wconf 90' lang='lat' dir='ltr'><strong>tempus,</strong></span> <span class='ocrx_word' id='word_1_143' title='bbox 1109 2095 1150 2160; x_wconf 89' lang='lat' dir='ltr'><strong>de</strong></span> <span class='ocrx_word' id='word_1_144' title='bbox 1183 2115 1245 2180; x_wconf 91' lang='lat' dir='ltr'><strong>quo</strong></span> <span class='ocrx_word' id='word_1_145' title='bbox 1280 2095 1337 2161; x_wconf 91' lang='lat' dir='ltr'><strong>tibi</strong></span> <span class='ocrx_word' id='word_1_146' title='bbox 1370 2097 1472 2162; x_wconf 87' lang='lat' dir='ltr'><strong>visum</strong></span> <span class='ocrx_word' id='word_1_147' title='bbox 1501 2095 1598 2162; x_wconf 84' lang='lat' dir='ltr'><strong>fuerit</strong></span> 
     </span>
     <span class='ocr_line' id='line_1_17' title="bbox 264 2202 1595 2289; baseline 0 -20"><span class='ocrx_word' id='word_1_148' title='bbox 264 2202 427 2288; x_wconf 82' lang='lat' dir='ltr'><strong>expedire,</strong></span> <span class='ocrx_word' id='word_1_149' title='bbox 451 2203 539 2287; x_wconf 91' lang='lat' dir='ltr'><strong>ipsos</strong></span> <span class='ocrx_word' id='word_1_150' title='bbox 558 2224 578 2268; x_wconf 88' lang='lat' dir='ltr'><strong>a</strong></span> <span class='ocrx_word' id='word_1_151' title='bbox 599 2202 735 2289; x_wconf 85' lang='lat' dir='ltr'><strong>prefatis</strong></span> <span class='ocrx_word' id='word_1_152' title='bbox 758 2203 1098 2269; x_wconf 85' lang='lat' dir='ltr'><strong>excommunicationis</strong></span> <span class='ocrx_word' id='word_1_153' title='bbox 1121 2203 1312 2270; x_wconf 90' lang='lat' dir='ltr'><strong>sententiis.</strong></span> <span class='ocrx_word' id='word_1_154' title='bbox 1331 2253 1337 2268; x_wconf 95' lang='lat'><em>.</em></span> <span class='ocrx_word' id='word_1_155' title='bbox 1356 2252 1364 2268; x_wconf 91' lang='lat'><strong><em>.</em></strong></span> <span class='ocrx_word' id='word_1_156' title='bbox 1381 2203 1595 2271; x_wconf 85' lang='lat' dir='ltr'><strong>absolvas...</strong></span> 
     </span>
     <span class='ocr_line' id='line_1_18' title="bbox 263 2308 1596 2396; baseline 0 -20"><span class='ocrx_word' id='word_1_157' title='bbox 263 2310 320 2395; x_wconf 86' lang='lat' dir='ltr'><strong>[et]</strong></span> <span class='ocrx_word' id='word_1_158' title='bbox 345 2309 511 2396; x_wconf 85' lang='lat' dir='ltr'><strong>dispenses</strong></span> <span class='ocrx_word' id='word_1_159' title='bbox 535 2331 607 2376; x_wconf 90' lang='lat' dir='ltr'><strong>cum</strong></span> <span class='ocrx_word' id='word_1_160' title='bbox 630 2309 720 2396; x_wconf 89' lang='lat' dir='ltr'><strong>ipsis,</strong></span> <span class='ocrx_word' id='word_1_161' title='bbox 745 2315 780 2374; x_wconf 91' lang='lat' dir='ltr'><strong>ut</strong></span> <span class='ocrx_word' id='word_1_162' title='bbox 803 2308 1033 2394; x_wconf 91' lang='lat' dir='ltr'><strong>impedimento</strong></span> <span class='ocrx_word' id='word_1_163' title='bbox 1057 2311 1240 2376; x_wconf 85' lang='lat' dir='ltr'><strong>huiusmodi</strong></span> <span class='ocrx_word' id='word_1_164' title='bbox 1263 2331 1326 2376; x_wconf 91' lang='lat' dir='ltr'><strong>non</strong></span> <span class='ocrx_word' id='word_1_165' title='bbox 1350 2311 1498 2377; x_wconf 85' lang='lat' dir='ltr'><strong>obstante</strong></span> <span class='ocrx_word' id='word_1_166' title='bbox 1521 2331 1596 2396; x_wconf 91' lang='lat' dir='ltr'><strong>pos-</strong></span> 
     </span>
     <span class='ocr_line' id='line_1_19' title="bbox 262 2416 1594 2503; baseline -0.001 -20"><span class='ocrx_word' id='word_1_167' title='bbox 262 2418 327 2484; x_wconf 90' lang='lat' dir='ltr'><strong>sint</strong></span> <span class='ocrx_word' id='word_1_168' title='bbox 359 2417 595 2483; x_wconf 87' lang='lat' dir='ltr'><strong>matrimonium</strong></span> <span class='ocrx_word' id='word_1_169' title='bbox 617 2419 649 2483; x_wconf 94' lang='lat' dir='ltr'><strong>in</strong></span> <span class='ocrx_word' id='word_1_170' title='bbox 674 2417 760 2482; x_wconf 80' lang='lat' dir='ltr'><strong>facie</strong></span> <span class='ocrx_word' id='word_1_171' title='bbox 791 2417 927 2483; x_wconf 87' lang='lat' dir='ltr'><strong>ecclesie</strong></span> <span class='ocrx_word' id='word_1_172' title='bbox 959 2416 1132 2495; x_wconf 85' lang='lat' dir='ltr'><strong>celebrare,</strong></span> <span class='ocrx_word' id='word_1_173' title='bbox 1169 2420 1291 2503; x_wconf 88' lang='lat' dir='ltr'><strong>prolem</strong></span> <span class='ocrx_word' id='word_1_174' title='bbox 1315 2417 1390 2484; x_wconf 91' lang='lat' dir='ltr'><strong>inde</strong></span> <span class='ocrx_word' id='word_1_175' title='bbox 1413 2424 1594 2503; x_wconf 86' lang='lat' dir='ltr'><strong>susceptam</strong></span> 
     </span>
     <span class='ocr_line' id='line_1_20' title="bbox 263 2523 1595 2611; baseline -0.002 -21"><span class='ocrx_word' id='word_1_176' title='bbox 263 2532 295 2590; x_wconf 92' lang='lat' dir='ltr'><strong>et</strong></span> <span class='ocrx_word' id='word_1_177' title='bbox 323 2523 561 2611; x_wconf 89' lang='lat' dir='ltr'><strong>suscipiendam</strong></span> <span class='ocrx_word' id='word_1_178' title='bbox 596 2525 771 2609; x_wconf 84' lang='lat' dir='ltr'><strong>legitimam</strong></span> <span class='ocrx_word' id='word_1_179' title='bbox 806 2523 999 2590; x_wconf 89' lang='lat' dir='ltr'><strong>nunciando.</strong></span> <span class='ocrx_word' id='word_1_180' title='bbox 1047 2525 1123 2590; x_wconf 88' lang='lat' dir='ltr'><strong>Dat.</strong></span> <span class='ocrx_word' id='word_1_181' title='bbox 1154 2525 1249 2592; x_wconf 83' lang='lat' dir='ltr'><strong>Avia.</strong></span> <span class='ocrx_word' id='word_1_182' title='bbox 1287 2525 1360 2591; x_wconf 90' lang='lat' dir='ltr'><strong>idus</strong></span> <span class='ocrx_word' id='word_1_183' title='bbox 1394 2525 1530 2591; x_wconf 87' lang='lat' dir='ltr'><strong>ianuarii</strong></span> <span class='ocrx_word' id='word_1_184' title='bbox 1566 2545 1595 2591; x_wconf 92' lang='lat' dir='ltr'><strong>a.</strong></span> 
     </span>
     <span class='ocr_line' id='line_1_21' title="bbox 262 2631 513 2716; baseline -0.004 -19"><span class='ocrx_word' id='word_1_185' title='bbox 262 2631 513 2716; x_wconf 88' lang='lat' dir='ltr'><strong>quartodecimo.</strong></span> 
     </span>
    </p>
   </div>
   <div class='ocr_carea' id='block_1_3' title="bbox 413 2758 711 2827">
    <p class='ocr_par' dir='ltr' id='par_1_3' title="bbox 413 2758 711 2827">
     <span class='ocr_line' id='line_1_22' title="bbox 413 2758 711 2827; baseline 0 -15"><span class='ocrx_word' id='word_1_186' title='bbox 413 2758 711 2827; x_wconf 51' lang='lat' dir='ltr'><strong>wamm.</strong></span> 
     </span>
    </p>
   </div>
   <div class='ocr_carea' id='block_1_4' title="bbox 367 3065 1039 3157">
    <p class='ocr_par' dir='ltr' id='par_1_4' title="bbox 367 3065 1039 3157">
     <span class='ocr_line' id='line_1_23' title="bbox 367 3065 1039 3157; baseline 0.001 -23"><span class='ocrx_word' id='word_1_187' title='bbox 367 3065 494 3134; x_wconf 71' lang='grc'><strong>1833.</strong></span> <span class='ocrx_word' id='word_1_188' title='bbox 524 3069 613 3135; x_wconf 83' lang='grc'><strong>1330</strong></span> <span class='ocrx_word' id='word_1_189' title='bbox 634 3069 773 3136; x_wconf 82' lang='lat' dir='ltr'><strong>Jaauor</strong></span> <span class='ocrx_word' id='word_1_190' title='bbox 798 3071 849 3136; x_wconf 83' lang='lat'><strong>15.</strong></span> <span class='ocrx_word' id='word_1_191' title='bbox 874 3069 1039 3157; x_wconf 79' lang='lat' dir='ltr'><strong>Aoipaoa.</strong></span> 
     </span>
    </p>
   </div>
   <div class='ocr_carea' id='block_1_5' title="bbox 261 3209 1595 3917">
    <p class='ocr_par' dir='ltr' id='par_1_5' title="bbox 261 3209 1595 3717">
     <span class='ocr_line' id='line_1_24' title="bbox 368 3209 1595 3298; baseline 0.001 -24"><span class='ocrx_word' id='word_1_192' title='bbox 368 3209 528 3276; x_wconf 90' lang='lat' dir='ltr'><strong>Iohannes</strong></span> <span class='ocrx_word' id='word_1_193' title='bbox 555 3211 655 3277; x_wconf 87' lang='lat' dir='ltr'>XXII</span> <span class='ocrx_word' id='word_1_194' title='bbox 690 3210 934 3298; x_wconf 86' lang='lat' dir='ltr'><strong>archiepiscopo</strong></span> <span class='ocrx_word' id='word_1_195' title='bbox 959 3211 1140 3278; x_wconf 78' lang='lat' dir='ltr'><strong>Coloniensi</strong></span> <span class='ocrx_word' id='word_1_196' title='bbox 1170 3210 1313 3294; x_wconf 88' lang='lat' dir='ltr'><strong>mandat,</strong></span> <span class='ocrx_word' id='word_1_197' title='bbox 1345 3211 1495 3294; x_wconf 88' lang='lat' dir='ltr'><strong>quatinus</strong></span> <span class='ocrx_word' id='word_1_198' title='bbox 1523 3230 1595 3276; x_wconf 90' lang='lat' dir='ltr'><strong>cum</strong></span> 
     </span>
     <span class='ocr_line' id='line_1_25' title="bbox 263 3316 1592 3404; baseline -0.002 -20"><span class='ocrx_word' id='word_1_199' title='bbox 263 3317 404 3384; x_wconf 88' lang='lat' dir='ltr'><strong>Iohanne</strong></span> <span class='ocrx_word' id='word_1_200' title='bbox 428 3316 470 3383; x_wconf 88' lang='lat' dir='ltr'><strong>de</strong></span> <span class='ocrx_word' id='word_1_201' title='bbox 493 3318 638 3385; x_wconf 85' lang='lat' dir='ltr'><strong>Essende</strong></span> <span class='ocrx_word' id='word_1_202' title='bbox 671 3318 787 3385; x_wconf 88' lang='lat' dir='ltr'><strong>scolari</strong></span> <span class='ocrx_word' id='word_1_203' title='bbox 820 3318 862 3384; x_wconf 90' lang='lat' dir='ltr'><strong>de</strong></span> <span class='ocrx_word' id='word_1_204' title='bbox 891 3318 1089 3385; x_wconf 86' lang='lat' dir='ltr'><strong>srrbdiacono</strong></span> <span class='ocrx_word' id='word_1_205' title='bbox 1122 3320 1231 3404; x_wconf 83' lang='lat' dir='ltr'><strong>genito</strong></span> <span class='ocrx_word' id='word_1_206' title='bbox 1257 3325 1289 3383; x_wconf 93' lang='lat' dir='ltr'><strong>et</strong></span> <span class='ocrx_word' id='word_1_207' title='bbox 1312 3319 1429 3400; x_wconf 88' lang='lat' dir='ltr'><strong>soluta,</strong></span> <span class='ocrx_word' id='word_1_208' title='bbox 1466 3319 1493 3384; x_wconf 89' lang='lat' dir='ltr'><strong>si</strong></span> <span class='ocrx_word' id='word_1_209' title='bbox 1523 3337 1592 3384; x_wconf 89' lang='lat' dir='ltr'><strong>eum</strong></span> 
     </span>
     <span class='ocr_line' id='line_1_26' title="bbox 261 3423 1594 3511; baseline -0.002 -21"><span class='ocrx_word' id='word_1_210' title='bbox 261 3424 304 3490; x_wconf 89' lang='lat' dir='ltr'><strong>ad</strong></span> <span class='ocrx_word' id='word_1_211' title='bbox 327 3423 389 3490; x_wconf 91' lang='lat' dir='ltr'><strong>hoc</strong></span> <span class='ocrx_word' id='word_1_212' title='bbox 410 3424 491 3490; x_wconf 89' lang='lat' dir='ltr'><strong>alias</strong></span> <span class='ocrx_word' id='word_1_213' title='bbox 513 3426 654 3491; x_wconf 91' lang='lat' dir='ltr'><strong>moribus</strong></span> <span class='ocrx_word' id='word_1_214' title='bbox 676 3424 838 3510; x_wconf 89' lang='lat' dir='ltr'><strong>ydoneum</strong></span> <span class='ocrx_word' id='word_1_215' title='bbox 866 3427 1032 3511; x_wconf 88' lang='lat' dir='ltr'><strong>repererit,</strong></span> <span class='ocrx_word' id='word_1_216' title='bbox 1067 3425 1240 3510; x_wconf 86' lang='lat' dir='ltr'><strong>dispenset,</strong></span> <span class='ocrx_word' id='word_1_217' title='bbox 1269 3432 1304 3490; x_wconf 92' lang='lat' dir='ltr'><strong>ut</strong></span> <span class='ocrx_word' id='word_1_218' title='bbox 1339 3423 1469 3490; x_wconf 85' lang='lat' dir='ltr'><strong>defectu</strong></span> <span class='ocrx_word' id='word_1_219' title='bbox 1505 3431 1594 3489; x_wconf 89' lang='lat' dir='ltr'><strong>nata-</strong></span> 
     </span>
     <span class='ocr_line' id='line_1_27' title="bbox 261 3531 1593 3617; baseline 0.001 -23"><span class='ocrx_word' id='word_1_220' title='bbox 261 3531 336 3598; x_wconf 92' lang='lat' dir='ltr'><strong>lium</strong></span> <span class='ocrx_word' id='word_1_221' title='bbox 369 3552 432 3597; x_wconf 91' lang='lat' dir='ltr'><strong>non</strong></span> <span class='ocrx_word' id='word_1_222' title='bbox 465 3532 612 3597; x_wconf 90' lang='lat' dir='ltr'><strong>obstante</strong></span> <span class='ocrx_word' id='word_1_223' title='bbox 646 3534 747 3617; x_wconf 89' lang='lat' dir='ltr'><strong>possit</strong></span> <span class='ocrx_word' id='word_1_224' title='bbox 775 3531 818 3597; x_wconf 90' lang='lat' dir='ltr'><strong>ad</strong></span> <span class='ocrx_word' id='word_1_225' title='bbox 847 3552 957 3598; x_wconf 90' lang='lat' dir='ltr'><strong>omnes</strong></span> <span class='ocrx_word' id='word_1_226' title='bbox 987 3532 1116 3598; x_wconf 89' lang='lat' dir='ltr'><strong>ordines</strong></span> <span class='ocrx_word' id='word_1_227' title='bbox 1145 3532 1325 3617; x_wconf 90' lang='lat' dir='ltr'><strong>promoveri</strong></span> <span class='ocrx_word' id='word_1_228' title='bbox 1349 3536 1382 3596; x_wconf 91' lang='lat' dir='ltr'><strong>et</strong></span> <span class='ocrx_word' id='word_1_229' title='bbox 1406 3531 1593 3596; x_wconf 89' lang='lat' dir='ltr'><strong>beneficium</strong></span> 
     </span>
     <span class='ocr_line' id='line_1_28' title="bbox 264 3638 1365 3717; baseline -0.001 -13"><span class='ocrx_word' id='word_1_230' title='bbox 264 3638 528 3717; x_wconf 89' lang='lat' dir='ltr'><strong>ecclesiasticum,</strong></span> <span class='ocrx_word' id='word_1_231' title='bbox 553 3639 701 3704; x_wconf 90' lang='lat' dir='ltr'><strong>etiamsi</strong></span> <span class='ocrx_word' id='word_1_232' title='bbox 726 3659 833 3705; x_wconf 85' lang='lat' dir='ltr'><strong>curam</strong></span> <span class='ocrx_word' id='word_1_233' title='bbox 858 3641 1034 3705; x_wconf 86' lang='lat' dir='ltr'><strong>animarum</strong></span> <span class='ocrx_word' id='word_1_234' title='bbox 1059 3639 1187 3714; x_wconf 90' lang='lat' dir='ltr'><strong>habeat,</strong></span> <span class='ocrx_word' id='word_1_235' title='bbox 1212 3639 1365 3705; x_wconf 90' lang='lat' dir='ltr'><strong>obtinere.</strong></span> 
     </span>
    </p>

    <p class='ocr_par' dir='ltr' id='par_1_6' title="bbox 261 3743 1595 3917">
     <span class='ocr_line' id='line_1_29' title="bbox 367 3743 1595 3829; baseline 0 -20"><span class='ocrx_word' id='word_1_236' title='bbox 367 3745 418 3809; x_wconf 80' lang='lat' dir='ltr'><strong>En</strong></span> <span class='ocrx_word' id='word_1_237' title='bbox 442 3751 534 3829; x_wconf 92' lang='lat' dir='ltr'><strong>parte</strong></span> <span class='ocrx_word' id='word_1_238' title='bbox 558 3743 668 3811; x_wconf 90' lang='lat' dir='ltr'><strong>dilecti</strong></span> <span class='ocrx_word' id='word_1_239' title='bbox 693 3745 747 3810; x_wconf 86' lang='lat' dir='ltr'><strong>filii</strong></span> <span class='ocrx_word' id='word_1_240' title='bbox 767 3795 774 3810; x_wconf 94' lang='lat'><strong>.</strong></span> <span class='ocrx_word' id='word_1_241' title='bbox 793 3795 827 3810; x_wconf 93' lang='lat'><strong>..</strong></span> <span class='ocrx_word' id='word_1_242' title='bbox 863 3747 939 3813; x_wconf 85' lang='lat' dir='ltr'><strong>Dat.</strong></span> <span class='ocrx_word' id='word_1_243' title='bbox 957 3748 1051 3813; x_wconf 87' lang='lat' dir='ltr'><strong>Avin.</strong></span> <span class='ocrx_word' id='word_1_244' title='bbox 1070 3747 1183 3811; x_wconf 89' lang='lat' dir='ltr'>XVIII</span> <span class='ocrx_word' id='word_1_245' title='bbox 1207 3746 1251 3810; x_wconf 90' lang='lat' dir='ltr'><strong>kl.</strong></span> <span class='ocrx_word' id='word_1_246' title='bbox 1277 3745 1430 3811; x_wconf 82' lang='lat' dir='ltr'><strong>februarii</strong></span> <span class='ocrx_word' id='word_1_247' title='bbox 1455 3767 1484 3810; x_wconf 89' lang='lat' dir='ltr'><strong>a.</strong></span> <span class='ocrx_word' id='word_1_248' title='bbox 1502 3765 1595 3827; x_wconf 89' lang='lat' dir='ltr'><strong>quar-</strong></span> 
     </span>
     <span class='ocr_line' id='line_1_30' title="bbox 261 3851 433 3917; baseline -0.012 0"><span class='ocrx_word' id='word_1_249' title='bbox 261 3851 433 3917; x_wconf 89' lang='lat' dir='ltr'><strong>todecimo.</strong></span> 
     </span>
    </p>
   </div>
   <div class='ocr_carea' id='block_1_6' title="bbox 434 3977 711 4046">
    <p class='ocr_par' dir='ltr' id='par_1_7' title="bbox 434 3977 711 4046">
     <span class='ocr_line' id='line_1_31' title="bbox 434 3977 711 4046; baseline 0.004 -16"><span class='ocrx_word' id='word_1_250' title='bbox 434 3977 505 4046; x_wconf 75' lang='lat' dir='ltr'><strong>Rep.</strong></span> <span class='ocrx_word' id='word_1_251' title='bbox 524 3978 561 4030; x_wconf 82' lang='grc'><strong>95</strong></span> <span class='ocrx_word' id='word_1_252' title='bbox 580 3992 626 4031; x_wconf 85' lang='lat' dir='ltr'><strong>nr.</strong></span> <span class='ocrx_word' id='word_1_253' title='bbox 648 3979 711 4032; x_wconf 83' lang='lat'><strong><em>733.</em></strong></span> 
     </span>
    </p>
   </div>
   <div class='ocr_carea' id='block_1_7' title="bbox 363 4330 1027 4425">
    <p class='ocr_par' dir='ltr' id='par_1_8' title="bbox 363 4330 1027 4425">
     <span class='ocr_line' id='line_1_32' title="bbox 363 4330 1027 4425; baseline 0.005 -25"><span class='ocrx_word' id='word_1_254' title='bbox 363 4330 487 4400; x_wconf 85' lang='grc'><strong>1834.</strong></span> <span class='ocrx_word' id='word_1_255' title='bbox 514 4335 602 4399; x_wconf 83' lang='grc'><strong>1330</strong></span> <span class='ocrx_word' id='word_1_256' title='bbox 624 4336 763 4402; x_wconf 82' lang='lat' dir='ltr'><strong>Jauuor</strong></span> <span class='ocrx_word' id='word_1_257' title='bbox 787 4337 838 4402; x_wconf 78' lang='lat'><strong>15.</strong></span> <span class='ocrx_word' id='word_1_258' title='bbox 863 4336 1027 4425; x_wconf 77' lang='lat' dir='ltr'><strong>Auipaou.</strong></span> 
     </span>
    </p>
   </div>
   <div class='ocr_carea' id='block_1_8' title="bbox 258 4476 1592 4892">
    <p class='ocr_par' dir='ltr' id='par_1_9' title="bbox 258 4476 1592 4892">
     <span class='ocr_line' id='line_1_33' title="bbox 366 4476 1592 4570; baseline 0.006 -27"><span class='ocrx_word' id='word_1_259' title='bbox 366 4478 526 4543; x_wconf 89' lang='lat' dir='ltr'><strong>Iohannes</strong></span> <span class='ocrx_word' id='word_1_260' title='bbox 554 4476 933 4567; x_wconf 65' lang='lat' dir='ltr'><strong>XXIIJ‘archieptscopo</strong></span> <span class='ocrx_word' id='word_1_261' title='bbox 969 4483 1151 4550; x_wconf 80' lang='lat' dir='ltr'><strong>Coloniensi</strong></span> <span class='ocrx_word' id='word_1_262' title='bbox 1185 4485 1327 4570; x_wconf 84' lang='lat' dir='ltr'><strong>mandat,</strong></span> <span class='ocrx_word' id='word_1_263' title='bbox 1362 4486 1511 4570; x_wconf 88' lang='lat' dir='ltr'><strong>quatinus</strong></span> <span class='ocrx_word' id='word_1_264' title='bbox 1543 4486 1592 4550; x_wconf 93' lang='lat' dir='ltr'><strong>Io·</strong></span> 
     </span>
     <span class='ocr_line' id='line_1_34' title="bbox 258 4582 1592 4677; baseline 0.004 -26"><span class='ocrx_word' id='word_1_265' title='bbox 258 4583 357 4651; x_wconf 90' lang='lat' dir='ltr'><strong>hanni</strong></span> <span class='ocrx_word' id='word_1_266' title='bbox 380 4582 421 4650; x_wconf 88' lang='lat' dir='ltr'><strong>de</strong></span> <span class='ocrx_word' id='word_1_267' title='bbox 444 4584 664 4671; x_wconf 84' lang='lat' dir='ltr'><strong>ltleylinheym</strong></span> <span class='ocrx_word' id='word_1_268' title='bbox 696 4589 851 4653; x_wconf 87' lang='lat' dir='ltr'><strong>canonico</strong></span> <span class='ocrx_word' id='word_1_269' title='bbox 881 4589 1018 4655; x_wconf 87' lang='lat' dir='ltr'><strong>ecclesie</strong></span> <span class='ocrx_word' id='word_1_270' title='bbox 1048 4593 1233 4658; x_wconf 91' lang='lat' dir='ltr'><strong>monasterii</strong></span> <span class='ocrx_word' id='word_1_271' title='bbox 1256 4593 1293 4657; x_wconf 89' lang='lat' dir='ltr'><strong>B.</strong></span> <span class='ocrx_word' id='word_1_272' title='bbox 1319 4593 1420 4658; x_wconf 88' lang='lat' dir='ltr'><strong>Marie</strong></span> <span class='ocrx_word' id='word_1_273' title='bbox 1444 4593 1476 4657; x_wconf 92' lang='lat' dir='ltr'><strong>in</strong></span> <span class='ocrx_word' id='word_1_274' title='bbox 1500 4590 1592 4677; x_wconf 77' lang='lat' dir='ltr'><strong>(lapi-</strong></span> 
     </span>
     <span class='ocr_line' id='line_1_35' title="bbox 260 4691 1591 4784; baseline 0.005 -27"><span class='ocrx_word' id='word_1_275' title='bbox 260 4692 339 4758; x_wconf 93' lang='lat' dir='ltr'><strong>tolio</strong></span> <span class='ocrx_word' id='word_1_276' title='bbox 363 4691 472 4758; x_wconf 86' lang='lat' dir='ltr'><strong>Oolon.</strong></span> <span class='ocrx_word' id='word_1_277' title='bbox 498 4691 566 4758; x_wconf 91' lang='lat' dir='ltr'><strong>ord.</strong></span> <span class='ocrx_word' id='word_1_278' title='bbox 591 4692 626 4759; x_wconf 84' lang='lat' dir='ltr'><strong>S.</strong></span> <span class='ocrx_word' id='word_1_279' title='bbox 652 4692 784 4775; x_wconf 78' lang='lat' dir='ltr'><strong>Bened,</strong></span> <span class='ocrx_word' id='word_1_280' title='bbox 818 4696 850 4760; x_wconf 94' lang='lat' dir='ltr'><strong>in</strong></span> <span class='ocrx_word' id='word_1_281' title='bbox 880 4716 944 4780; x_wconf 86' lang='lat' dir='ltr'><strong>qna</strong></span> <span class='ocrx_word' id='word_1_282' title='bbox 967 4697 1106 4764; x_wconf 90' lang='lat' dir='ltr'><strong>ecclesia</strong></span> <span class='ocrx_word' id='word_1_283' title='bbox 1129 4706 1238 4784; x_wconf 87' lang='lat' dir='ltr'><strong>preter</strong></span> <span class='ocrx_word' id='word_1_284' title='bbox 1262 4706 1450 4766; x_wconf 86' lang='lat' dir='ltr'><strong>conventum</strong></span> <span class='ocrx_word' id='word_1_285' title='bbox 1475 4701 1591 4767; x_wconf 90' lang='lat' dir='ltr'><strong>monia·</strong></span> 
     </span>
     <span class='ocr_line' id='line_1_36' title="bbox 259 4799 1591 4892; baseline 0.005 -27"><span class='ocrx_word' id='word_1_286' title='bbox 259 4799 336 4865; x_wconf 93' lang='lat' dir='ltr'><strong>lium</strong></span> <span class='ocrx_word' id='word_1_287' title='bbox 360 4806 467 4866; x_wconf 90' lang='lat' dir='ltr'><strong>certus</strong></span> <span class='ocrx_word' id='word_1_288' title='bbox 491 4801 717 4867; x_wconf 90' lang='lat' dir='ltr'><strong>canonicorum</strong></span> <span class='ocrx_word' id='word_1_289' title='bbox 733 4802 924 4870; x_wconf 90' lang='lat' dir='ltr'><strong>secularium</strong></span> <span class='ocrx_word' id='word_1_290' title='bbox 941 4824 1091 4872; x_wconf 91' lang='lat' dir='ltr'><strong>numerus</strong></span> <span class='ocrx_word' id='word_1_291' title='bbox 1107 4803 1226 4872; x_wconf 91' lang='lat' dir='ltr'><strong>dicitur</strong></span> <span class='ocrx_word' id='word_1_292' title='bbox 1242 4807 1416 4892; x_wconf 89' lang='lat' dir='ltr'><strong>institutus,</strong></span> <span class='ocrx_word' id='word_1_293' title='bbox 1440 4813 1591 4885; x_wconf 89' lang='lat' dir='ltr'><strong>reservet,</strong></span> 
     </span>
    </p>
   </div>
   <div class='ocr_carea' id='block_1_9' title="bbox 0 0 1826 5509">
    <p class='ocr_par' dir='ltr' id='par_1_10' title="bbox 0 0 1826 5509">
     <span class='ocr_line' id='line_1_37' title="bbox 0 0 1826 5509; baseline 0 2"><span class='ocrx_word' id='word_1_294' title='bbox 0 0 1826 5509; x_wconf 95' lang='lat' dir='ltr'><strong> </strong></span> 
     </span>
    </p>
   </div>
  </div>
 </body>
</html>
