3642 5509
844 439 913 496 1335
931 438 1050 496 Jauuar
1068 439 1094 496 8.

767 636 1036 721 Benedictus
1064 635 1169 719 XII.

842 780 1074 848 1333-1333,

398 983 521 1050 2213.
548 985 634 1049 1335
657 985 796 1050 Jonnnr
818 985 850 1048 8.
875 980 1041 1069 Acipnon.

399 1126 593 1192 Benedictus
615 1127 682 1191 XII
715 1133 858 1192 reservat
893 1145 995 1209 usque
1027 1124 1070 1191 ad
1104 1145 1195 1192 suum
1229 1126 1464 1213 beneplacitum
1498 1147 1624 1193 camere

291 1235 467 1321 apostolice
489 1234 611 1300 fructus
633 1236 726 1320 primi
751 1236 826 1300 anni
843 1235 981 1300 omnium
998 1233 1181 1299 vacantium
1205 1240 1238 1298 et
1252 1235 1383 1300 inantea
1398 1241 1622 1301 vacaturorum

291 1342 526 1425 beneficiorum,
563 1341 708 1408 ecclesiis
742 1341 984 1408 cathedralibus
1017 1348 1050 1406 et
1074 1342 1274 1407 monasteriis
1297 1342 1562 1408 conventualibus
1585 1363 1623 1408 33

290 1450 452 1517 beneficiis
476 1471 516 1515 33
540 1470 637 1516 33333
661 1451 905 1536 permutationis
943 1449 1112 1532 resignatis
1135 1448 1187 1514 vel
1220 1449 1422 1532 resignandis
1455 1449 1624 1516 dumtaxat

291 1559 445 1643 33333333,
469 1556 667 1640 mandatque
689 1559 843 1642 magistro
861 1556 997 1622 Iohanni
1015 1556 1055 1622 de
1072 1557 1102 1621 lo
1119 1555 1258 1622 Iordane
1279 1558 1434 1623 canonico
1451 1558 1623 1624 Biterrensi

290 1665 457 1752 capellano
491 1673 524 1731 et
557 1665 755 1731 thesaurario
789 1664 882 1731 sedes
907 1665 1094 1750 apostolice,
1128 1672 1163 1729 ut
1197 1663 1326 1730 eosdem
1351 1665 1475 1732 frustm
1496 1666 1624 1731 nomine

290 1773 378 1840 dicte
402 1793 529 1839 camere
553 1774 685 1858 colligat
709 1781 742 1840 33
765 1775 935 1859 percipiat.

397 1880 603 1948 Attendentis
627 1881 742 1965 gravia
758 1889 790 1946 et
806 1881 1024 1966 importabilia
1042 1929 1049 1944 .
1068 1930 1075 1944 .
1094 1931 1100 1942 .
1125 1881 1200 1944 Dat.
1218 1880 1313 1946 Avin.
1331 1880 1375 1944 Vl
1400 1879 1473 1946 idus
1489 1881 1624 1947 ianuarii

289 1989 320 2056 h.
346 1989 460 2075 primo.

439 2115 591 2184 1333130
611 2113 637 2184 f.
657 2113 703 2167 31²
724 2128 772 2167 nr.
793 2113 857 2167 159.

396 2374 516 2444 2217.
547 2375 633 2439 1335
656 2376 795 2441 Jonnnr
817 2373 849 2437 9.
873 2370 1039 2459 Acipnon.

397 2518 591 2586 Benedictus
616 2517 682 2582 XII
715 2515 859 2601 pluribus
893 2516 1090 2601 principibus
1126 2522 1158 2581 et
1193 2517 1433 2602 quamplurimis
1469 2515 1624 2602 archiepi-

290 2613 396 2714 scopis
431 2635 463 2692 33
498 2627 668 2712 episeopis,
705 2624 876 2690 abbatibus
912 2631 973 2690 ete·
1010 2624 1180 2690 Germanis
1215 2644 1388 2707 eorumque
1427 2625 1459 2688 in
1492 2644 1623 2689 numero

291 2735 470 2802 Coloniensi
495 2735 627 2799 nunciat
650 2732 840 2798 electionem
865 2730 906 2796 de
930 2752 965 2797 33
989 2732 1118 2797 factam.

397 2841 543 2908 Altitudo
560 2841 688 2907 celestis
705 2839 830 2906 consilii
850 2889 855 2901 .
876 2889 883 2904 .
903 2889 910 2904 .
935 2841 1055 2905 Datum
1072 2840 1166 2904 Avin.
1184 2839 1213 2904 V
1229 2839 1301 2905 idus
1316 2839 1453 2905 ianuarii
1469 2861 1498 2905 a.
1510 2840 1622 2926 primo.

460 2966 532 3036 1133.
553 2964 607 3018 119
626 2979 674 3017 nr.
694 2966 728 3030 1‚·
751 2963 803 3017 Ba
824 2965 906 3018 1686.

392 3253 516 3320 2218.
554 3255 637 3319 1335
660 3253 800 3319 Junuar
823 3253 854 3316 9.
877 3251 1043 3339 Acipnon,

398 3398 600 3463 Benedictus
625 3398 701 3460 XII
721 3417 795 3461 cum
818 3396 968 3462 Iohanne
991 3418 1067 3483 repe
1091 3397 1227 3461 Boemc'e
1251 3405 1281 3461 et
1302 3397 1458 3463 Beotrc'ce
1482 3397 1623 3462 3131333·-

291 3507 597 3590 533333133333333,
625 3512 662 3568 ut
691 3525 759 3568 non
788 3505 939 3568 obstante
967 3507 1068 3569 tercio
1093 3506 1397 3590 consanpuiniiutis
1419 3505 1532 3590 produ
1553 3526 1621 3568 rnu-

291 3616 486 3680 trimonium
510 3613 706 3677 contrahere
729 3611 874 3675 caleant.

397 3737 603 3823 [Benedictus
620 3735 663 3820 ll]
688 3735 821 3800 Iohanni
846 3738 915 3820 regi
933 3737 1063 3801 Boemie
1079 3757 1118 3802 ac
1135 3737 1276 3802 Bealrici
1300 3735 1341 3802 de
1363 3737 1523 3801 Borbonio
1546 3743 1622 3801 nate

289 3845 447 3912 Ludovici
471 3843 563 3910 ducis
587 3844 784 3909 Borbonesii.

396 3953 466 4018 Etsi
489 3953 573 4017 inter
596 3951 694 4017 illos.
723 3999 730 4012 .
762 4001 769 4016 .
809 3951 921 4035 Nuper
943 3950 1101 4034 siquidem
1127 3973 1184 4038 pro
1209 3959 1300 4037 parte
1323 3959 1430 4017 vestra
1452 3952 1544 4017 nohis
1567 3971 1622 4015 ex·

290 4061 406 4147 posito,
430 4059 515 4144 quod
540 4065 775 4124 tractante...
816 4057 978 4144 Phylippo
1012 4080 1088 4144 rege
1122 4060 1258 4124 Francis
1281 4059 1395 4124 illustri
1420 4059 1525 4124 fuerat
1549 4078 1621 4124 con-

289 4167 466 4252 cordatum,
490 4173 524 4232 ut
549 4167 784 4232 matrimonium
811 4167 1052 4232 contraheretur
1081 4167 1243 4232 intervos
1272 4187 1329 4251 per
1352 4166 1452 4232 verba
1479 4166 1622 4250 legitime

289 4277 330 4343 de
354 4277 494 4362 presenti
519 4275 668 4359 quodque
693 4296 732 4341 ex
757 4297 806 4358 eo,
838 4275 924 4359 quod
949 4295 1006 4340 vos
1029 4276 1061 4339 in
1086 4275 1181 4340 tertio
1204 4275 1309 4358 gradu
1334 4275 1621 4359 consanguinitatis

289 4404 330 4450 33
358 4391 493 4467 utroque
525 4384 626 4450 latere
660 4384 855 4468 contingitis,
889 4405 952 4448 non
985 4383 1140 4468 poteratis
1170 4383 1350 4449 huiusmodi
1383 4382 1621 4447 matrimonium

289 4491 478 4559 contrahere
503 4491 741 4576 dispensatione
767 4542 773 4555 .
801 4540 808 4555 .
834 4541 841 4555 .
867 4512 930 4555 non
954 4491 1097 4572 obtenta,
1128 4491 1283 4574 nobisque
1311 4513 1369 4576 pro
1397 4498 1490 4576 parte
1514 4497 1622 4555 vestra

289 4599 451 4665 humiliter
485 4599 676 4684 supplicato,
713 4606 748 4664 ut
784 4599 954 4684 providere
979 4599 1071 4664 vobis
1096 4647 1104 4663 .
1129 4648 1136 4662 .
1164 4648 1171 4663 .
1196 4599 1412 4682 dignaremur,
1447 4619 1506 4664 noe
1540 4597 1621 4663 dieti

288 4707 440 4792 Phylippi
474 4707 560 4790 regis
590 4707 681 4772 nobis
714 4727 809 4791 super·
839 4705 899 4771 hoc
928 4706 1089 4770 humiliter
1112 4705 1322 4790 supplicantis
1346 4727 1385 4772 ac
1409 4707 1524 4773 vestris
1546 4727 1618 4792 sup

288 4813 516 4901 plicationibus
549 4814 693 4880 inclinati
726 4814 901 4898 vobiscum,
935 4822 970 4878 ut
1002 4813 1231 4900 impedimento
1258 4865 1264 4878 .
1290 4864 1297 4877 .
1324 4863 1331 4880 .
1356 4822 1389 4881 et
1412 4816 1526 4900 quavis
1555 4815 1622 4882 alia
