3642 5509
824 421 894 488 1327
913 429 977 488 Julr
996 428 1020 487 1.

359 628 468 698 1211.
501 631 587 697 1327
611 630 688 698 Jota·
716 635 742 696 l.
773 630 938 718 Aoipnon.

360 775 519 840 Iohannes
546 774 645 839 XXII
679 772 866 840 Borehardo
900 772 942 839 de
965 773 1106 840 Cameno
1135 779 1280 839 reservat
1303 773 1383 838 ecel.
1408 773 1589 839 Susatensis

253 882 363 947 Golon.
389 881 485 964 dieo,
516 882 548 946 in
579 901 642 964 qua
677 881 784 963 alique
808 879 948 947 maiores
972 889 1005 946 et
1029 887 1166 963 quatuor
1188 881 1326 946 minores
1350 881 1489 965 pueriles
1512 901 1587 944 nun·

254 993 371 1073 eupate
403 987 568 1073 prebende
601 993 684 1070 sunt,
721 1007 816 1053 unam
848 987 890 1053 de
923 987 1097 1054 maioribus
1126 986 1308 1072 prebendis,
1344 1008 1407 1052 non
1441 988 1588 1052 obstante

254 1096 338 1178 quod
371 1097 403 1161 In
437 1094 527 1162 dieta
559 1095 697 1161 eeclesia
726 1094 949 1161 canonicatum
980 1101 1012 1160 et
1035 1115 1131 1160 unam
1155 1094 1196 1160 de
1220 1096 1393 1160 minorihus
1416 1094 1588 1179 prebendis

253 1204 386 1268 obtinet.
433 1203 556 1268 Tamen
580 1204 733 1267 maiorem
757 1209 924 1268 assecutus
948 1201 1089 1267 dimittat
1111 1203 1275 1268 minorem.

359 1310 545 1394 Apostoliee
569 1308 656 1374 sedis
681 1310 914 1394 eirenrnspeeta
929 1357 936 1373 .
952 1357 982 1373 ..
1007 1310 1081 1373 Dat.
1099 1308 1193 1373 Asin.
1211 1309 1256 1373 kl.
1274 1308 1342 1373 iulii
1359 1329 1388 1373 a.
1408 1307 1587 1373 undeoimo.

359 1418 396 1481 In
420 1437 447 1482 e.
476 1438 517 1481 m.
551 1415 675 1482 decano
700 1417 735 1481 B.
762 1415 863 1481 Marie
887 1415 931 1481 ad
953 1415 1073 1498 gradus
1098 1415 1209 1481 Colon.
1243 1423 1275 1480 et
1305 1415 1476 1480 scolastice
1505 1415 1587 1478 Bun-

252 1525 357 1590 nensis
382 1523 493 1590 (tolon.
524 1524 606 1590 dioc.
636 1545 675 1590 ae
699 1525 816 1590 Bosolo
845 1523 886 1589 de
915 1524 1032 1590 Parma
1061 1526 1216 1589 eanonioo
1241 1523 1455 1589 Tornaeensis
1484 1520 1586 1587 eoele-

253 1651 380 1697 siarum.

412 1765 486 1835 Beq.
505 1767 543 1819 84
559 1763 583 1833 f.
603 1767 652 1819 86‘
670 1781 720 1821 nr.
740 1765 826 1820 2229.

358 2043 475 2109 1212.
510 2047 595 2110 1327
619 2046 696 2112 Jozt
720 2049 750 2114 1.
789 2045 955 2131 Aoipnon.

359 2186 518 2253 lohannes
547 2188 646 2253 XXII
681 2187 829 2254 Conrado
863 2186 904 2253 de
929 2188 1102 2253 Tremonia
1134 2186 1258 2253 eonfert
1291 2187 1371 2252 eool.
1397 2183 1586 2251 widenbru-

252 2293 361 2377 gensis
384 2293 641 2378 Osnaburgensis
675 2294 759 2360 dioe.
794 2297 1030 2378 canonicatum,
1063 2294 1260 2380 prebendam
1290 2313 1375 2375 vero,
1409 2293 1437 2357 si
1466 2293 1586 2375 quain

252 2399 342 2465 dieta
364 2401 443 2466 eoel.
468 2409 566 2466 vaoat
589 2402 641 2468 vel
666 2422 737 2467 eum
760 2403 937 2484 vacaverit,
963 2401 1068 2467 eidem
1092 2408 1246 2469 reservat.

359 2508 534 2575 Probitatis
557 2514 611 2574 tue
634 2509 822 2574 merita...
870 2508 946 2573 Dat.
964 2509 1058 2573 Avin.
1079 2507 1125 2573 kl.
1149 2508 1219 2572 iulii
1242 2529 1271 2573 a.
1296 2507 1475 2573 undecimo.

358 2616 396 2682 In
420 2636 448 2684 e.
476 2637 519 2682 m.
553 2615 676 2682 deoano
701 2617 779 2682 eoel.
804 2615 838 2681 S.
865 2616 1023 2701 Stephani
1047 2613 1088 2681 de
1112 2617 1259 2685 Tesoone
1289 2614 1527 2681 Montiealbani
1553 2619 1586 2678 et

250 2723 374 2789 eontori
397 2743 437 2791 ao
460 2723 633 2790 scolastico
657 2723 840 2790 Susatensis
863 2722 975 2792 Oolon.
1000 2722 1085 2789 dioo.
1110 2723 1329 2790 eeclesiarum.

409 2848 482 2919 Bep.
502 2849 540 2902 84
557 2847 582 2917 f.
599 2849 655 2902 107
672 2863 721 2902 nr.
740 2847 826 2902 2286.

353 3119 581 3186 12121327
605 3121 681 3186 Joli
706 3123 736 3185 1.
772 3120 939 3206 Amphora.

303 3317 307 3324 .
357 3263 516 3329 Iohannes
543 3263 643 3329 XXII
682 3261 864 3329 Christiano
897 3261 939 3327 de
971 3261 1084 3327 Bunde
1117 3262 1242 3328 confert
1275 3262 1354 3328 eool.
1388 3261 1420 3327 S.
1455 3263 1584 3329 Andree

251 3369 362 3436 Colon.
387 3371 621 3452 canonicatum,
645 3370 843 3455 prebendam
867 3389 943 3436 vero
967 3369 1072 3434 eidem
1096 3376 1249 3435 reservat.

356 3476 407 3541 Ad
431 3476 557 3542 illorum
579 3477 862 3563 provisionem...
888 3476 965 3542 Dat.
983 3477 1077 3542 Avin.
1093 3476 1139 3540 kl.
1157 3477 1225 3541 iulii
1249 3497 1279 3541 a.
1298 3475 1476 3542 undecimo.
1515 3471 1520 3482 “

355 3585 393 3649 In
417 3603 446 3649 e.
463 3605 503 3649 m.
538 3581 662 3650 decano
686 3583 720 3649 S.
746 3583 879 3668 Georgii
903 3589 937 3648 et
963 3582 1166 3649 thesaurario
1190 3583 1223 3648 S.
1242 3583 1387 3649 Severini
1411 3583 1521 3650 Coton.
1546 3605 1585 3651 ao

249 3691 367 3756 Iacobo
390 3688 432 3756 de
455 3691 580 3757 Mutina
602 3691 769 3776 capellano
792 3691 902 3776 papali
926 3691 1082 3757 eanonieo
1098 3689 1341 3757 Cameracensis
1367 3692 1582 3757 ecelesiarum.

411 3815 485 3885 Ray.
504 3815 542 3869 84
566 3814 591 3884 f.
612 3813 679 3870 330‘
697 3831 745 3869 nr.
764 3815 848 3870 2865.

355 4111 469 4178 1214.
507 4113 594 4178 1327
617 4112 694 4179 Jazt
718 4115 749 4178 1.
778 4109 944 4198 Aoipnon.

356 4249 517 4317 Iohannes
543 4249 642 4316 XXII
674 4249 810 4318 Iohanni
840 4250 994 4317 Iohannis
1022 4249 1064 4316 de
1093 4249 1244 4316 Setheme
1274 4251 1307 4315 in
1330 4250 1444 4315 Bonna
1467 4250 1584 4317 clerieo

250 4355 361 4423 Goion.
392 4356 476 4424 dioe.
515 4364 661 4425 reservat
699 4357 886 4425 benefioinm
921 4357 1175 4424 eeclesiastIoum
1208 4377 1279 4424 oum
1314 4378 1390 4423 eura
1424 4357 1476 4424 vel
1514 4358 1583 4424 sine

249 4483 337 4546 eura,
370 4466 460 4531 euius
489 4464 621 4548 fruetus,
657 4466 685 4531 si
713 4485 785 4530 eum
819 4485 906 4548 eura,
942 4465 1075 4550 viginti,
1110 4464 1237 4531 sivero
1266 4465 1334 4530 stne
1364 4485 1441 4530 eura
1476 4463 1583 4544 fuerit,

249 4570 431 4654 quindecim
453 4571 656 4639 marcharum
686 4573 813 4656 argenti
837 4591 863 4640 s.
885 4578 908 4637 t.
931 4570 963 4638 d.
987 4572 1130 4639 valorem
1157 4591 1298 4637 annuum
1324 4592 1388 4638 non
1411 4569 1582 4655 excedant,

247 4679 411 4764 pertinens
433 4679 477 4746 ad
501 4678 745 4765 dispositionem
769 4679 924 4765 prepositi
948 4678 1064 4746 decani
1087 4686 1121 4746 et
1144 4677 1278 4766 capituli
1302 4679 1382 4745 eoel.
1403 4678 1583 4746 Bonnensis

248 4785 357 4854 Oolon.
382 4785 465 4853 dioo.
