3642 5509
229 414 285 471 164
822 408 975 470 inassati
999 412 1023 468 1.

233 615 305 662 enm
329 595 404 661 olim
427 614 486 681 per
507 594 560 661 bo.
583 615 644 660 me.
669 594 898 678 Berengarinm
923 594 1109 680 episcopum
1134 593 1350 660 Tusculanum
1374 594 1566 660 auctoritate

233 702 412 788 apostoliea
434 708 505 768 eret
527 700 758 787 dispensatum,
782 708 905 767 utnon
929 702 1078 768 obstante
1101 699 1243 785 delectu,
1272 722 1366 786 quem
1389 700 1511 788 patitur
1534 702 1566 766 in

233 808 348 876 dextro
381 809 555 891 oculorum,
587 810 690 894 possit
728 808 772 874 ad
800 829 911 875 omnes
935 808 1063 875 ordines
1096 809 1275 894 promoveri
1300 816 1332 875 et
1357 810 1566 895 capellaniam

231 915 412 1003 predictam
435 917 574 983 retinere
597 936 637 981 ae
660 917 693 980 in
716 914 863 1001 predicto
886 917 982 981 altari
1005 918 1119 983 missas
1142 917 1287 1002 privatas
1310 917 1484 999 celebrare,
1505 915 1568 982 dIs-

232 1029 358 1109 pensat,
392 1030 428 1087 ut
460 1022 547 1087 dioto
582 1022 713 1088 deiectu
746 1043 809 1087 non
841 1023 990 1089 obstante
1018 1043 1114 1088 unum
1142 1021 1231 1088 alind
1254 1020 1443 1089 beneficium
1467 1023 1568 1089 eoele-

232 1130 397 1197 siastioum
421 1129 490 1195 sino
515 1150 593 1195 eura
615 1130 724 1195 valeat
747 1131 892 1216 recipere
917 1137 949 1196 et
972 1131 1121 1197 retinere.

342 1236 466 1305 Meritis
489 1243 542 1304 tue
565 1236 804 1322 probitatis...
841 1237 916 1303 Dat.
940 1238 1033 1303 AvIn.
1048 1238 1082 1304 II
1105 1238 1151 1303 kl.
1175 1236 1244 1303 iulii
1268 1258 1298 1303 a.
1323 1235 1522 1304 duodecimo.

397 1362 470 1432 neq.
489 1362 527 1417 ar
545 1360 650 1433 paon
667 1376 716 1415 nr.
735 1359 822 1416 2550.

340 1621 464 1689 1500.
495 1624 582 1688 1328
604 1622 681 1690 Joli
706 1625 735 1687 1.
760 1622 928 1710 Aoipnon:

343 1763 505 1831 Iohannes
528 1764 628 1831 XXII
656 1767 810 1832 Wernero
835 1765 876 1832 de
899 1767 1055 1833 BaoheIm
1080 1767 1206 1833 confert
1229 1766 1306 1833 eeol.
1333 1766 1366 1832 S.
1392 1763 1513 1831 Florini
1538 1762 1571 1828 in

237 1871 438 1939 Continentia
462 1874 594 1939 Trever.
618 1872 703 1939 dioo.
727 1874 961 1950 canonicatum,
992 1872 1186 1959 prebendam
1211 1894 1287 1940 vero
1317 1893 1356 1938 ae
1379 1871 1570 1956 dignitatem

238 1978 292 2045 vel
316 1985 521 2065 personatum
545 2000 601 2046 seu
625 1981 767 2047 officinm
791 1981 824 2045 in
847 1979 960 2046 eadem
985 1982 1064 2047 ecel.
1089 1982 1119 2046 ei
1148 1987 1302 2065 reservat,
1336 2001 1398 2047 non
1422 1980 1571 2045 obstante

237 2085 325 2170 quod
348 2086 381 2151 in
405 2087 484 2152 eoel.
508 2087 542 2153 S.
567 2086 710 2154 Castoris
733 2089 765 2152 in
790 2087 992 2154 Continentia
1015 2086 1205 2154 decanatum
1230 2107 1269 2154 ae
1294 2086 1516 2153 canonicatum
1539 2089 1572 2148 et

236 2191 438 2278 prebendam
461 2212 585 2259 neonon
610 2194 844 2279 parrochialem
869 2193 1038 2262 ecelesiam
1055 2193 1097 2260 de
1112 2192 1360 2280 Bocchonheym
1384 2190 1471 2259 diete
1488 2191 1571 2257 dloo.

238 2317 280 2364 ex
304 2298 544 2384 dispensatione
567 2300 748 2386 apostoliea
771 2302 903 2369 obtinet.

348 2405 423 2472 Vite
446 2426 629 2474 aemorum
653 2407 805 2477 honestas
819 2458 827 2475 .
842 2458 872 2475 ..
911 2410 989 2475 Dat.
1014 2410 1108 2475 AvIn.
1133 2408 1179 2475 kl.
1204 2408 1271 2474 iulii
1294 2429 1324 2474 a.
1349 2406 1549 2474 duodecimo.

347 2514 385 2578 In
408 2532 436 2579 e.
464 2535 505 2579 m.
541 2514 575 2581 in
598 2514 778 2603 Limppurg
805 2524 838 2583 et
866 2518 900 2583 in
929 2515 1141 2583 DIetkirohen
1171 2514 1305 2583 decanis
1327 2515 1459 2582 Trever.
1488 2512 1572 2580 dioc.

237 2642 280 2688 ao
303 2621 459 2706 magistro
483 2622 618 2689 Iohanni
642 2622 683 2690 de
706 2625 882 2710 Gottingen
906 2625 1062 2691 oanonioo
1085 2623 1231 2709 Magum.
1256 2622 1472 2689 eeclesiarum.

400 2747 473 2819 Ray.
491 2750 530 2804 88
547 2747 572 2819 f.
591 2748 648 2804 123
665 2766 712 2804 nr.
733 2752 819 2805 3316.

344 3012 468 3082 1507.
494 3014 581 3078 1328
604 3011 680 3078 Joli
703 3014 735 3077 8.
759 3008 924 3097 Aoipoon.

344 3158 506 3224 Iohannes
533 3154 632 3220 XXII
668 3153 828 3220 Winando
851 3161 928 3219 nato
957 3152 1117 3237 quondam
1141 3149 1335 3217 Theoderici
1358 3148 1400 3215 de
1423 3148 1572 3215 Soervier

239 3267 321 3348 (vel.-
344 3264 511 3346 Sterwier)
541 3261 668 3328 ooniert
691 3260 770 3327 eool.
795 3261 829 3326 S.
854 3260 1022 3327 Adalberti
1046 3267 1138 3325 extra
1161 3279 1267 3325 muros
1290 3258 1455 3341 Aquenses
1479 3274 1573 3321 eano-

238 3374 380 3440 nioatum
404 3378 438 3437 et
460 3368 658 3456 prebendam
681 3374 835 3435 vacantes
859 3388 916 3453 per
940 3369 1060 3434 obitum
1077 3366 1211 3433 Winriei
1235 3365 1276 3431 de
1298 3362 1494 3445 lInIenerlre²
1519 3361 1573 3445 qui

240 3478 362 3545 dudum
387 3476 475 3562 apud
498 3474 609 3543 sedem
632 3474 844 3561 apostolicam
867 3473 953 3539 dlem
977 3473 1094 3540 elausit
1117 3479 1303 3540 extremum.

348 3583 511 3649 Virtutum
534 3580 653 3664 studia,
677 3582 824 3664 quibus.
854 3629 862 3647 .
891 3629 899 3645 .
936 3581 1011 3647 Dat.
1028 3580 1122 3646 Avin.
1150 3580 1230 3645 VIII
1257 3578 1330 3645 idus
1353 3577 1421 3644 iulii
1443 3598 1473 3644 a.
1498 3574 1573 3641 duo-

242 3691 380 3759 decimo.

346 3798 384 3863 ln
407 3816 495 3862 em.
521 3794 633 3862 abbati
657 3794 840 3861 monasterii
864 3795 898 3861 S.
916 3795 1027 3861 Iaoobi
1051 3801 1083 3859 et
1106 3793 1229 3861 deoano
1253 3794 1287 3861 S.
1305 3793 1456 3861 Iohannis
1473 3790 1573 3859 Leod.

241 3926 282 3973 ao
304 3905 425 3973 Iaeobo
449 3902 491 3969 de
514 3902 641 3968 Mutina
663 3901 835 3969 scolastico
858 3902 942 3969 Tull.
968 3902 1186 3969 eeclesiarum.

404 4027 477 4098 Rey.
496 4028 535 4083 88
553 4026 579 4097 f.
598 4025 659 4081 223
674 4041 722 4081 nr.
741 4028 827 4081 3684.

352 4306 475 4377 1508.
501 4310 588 4374 1328
611 4308 687 4375 Joli
709 4308 741 4373 9.
765 4306 932 4396 Avipnoo.

351 4450 512 4519 Iohannes
535 4450 634 4516 XXII
664 4451 806 4517 Eoberto
836 4450 878 4516 de
900 4450 1070 4518 Hervorde
1095 4452 1249 4518 canonico
1273 4451 1353 4518 eool.
1378 4448 1576 4517 Susaoiensis

245 4558 357 4626 Golon.
373 4556 458 4626 dioo.
476 4564 621 4625 reservat
645 4557 834 4633 beneficium
858 4560 1113 4625 ecclesiasticum
1138 4579 1207 4624 enm
1233 4579 1311 4626 eura
1333 4558 1385 4627 vel
1408 4560 1477 4625 siue
1502 4576 1578 4623 eura

245 4665 288 4734 ad
317 4665 472 4752 prepositi
501 4664 617 4732 decani
646 4673 678 4732 et
706 4665 840 4751 capituli
869 4666 950 4731 eool.
974 4666 1176 4733 Susaoiensis
1200 4665 1310 4733 Solon.
1334 4664 1418 4731 dioo.
1443 4664 1577 4750 disposi-

245 4775 365 4847 tionem
399 4773 609 4840 oommnniter
634 4773 687 4842 rel
722 4772 850 4839 divisim
884 4774 1058 4861 pertinens,
1092 4774 1188 4841 etiam
1221 4775 1248 4841 si
1277 4773 1319 4840 de
1349 4771 1578 4841 eonsuetudine
