3642 5509
254 372 306 432 ns
809 375 879 435 1328
898 371 961 434 Juli
980 375 1023 434 28.

357 555 479 624 1532.
502 557 589 623 1328
612 559 690 626 Julc'
716 560 771 625 25.
795 557 962 644 Aaipnon.

360 699 521 767 Iohannes
544 699 644 766 XXII
677 699 827 768 Gotfrido
851 701 892 768 dc
916 701 1102 768 Hardevist
1131 710 1164 769 ct
1187 702 1358 788 Hadcwigi
1386 703 1479 771 uxou'
1508 705 1587 786 eius,

254 807 378 874 civibus
403 808 660 891 coloniensibus,
696 806 846 875 concedit
873 808 1062 875 facultatem
1092 809 1233 876 habendi
1260 830 1368 876 secum
1390 812 1492 877 altare
1515 832 1584 897 por·

305 914 326 978 'l
370 923 429 980 at.

255 922 346 1000 ΜΘ
360 937 418 1088 Utc
428 1041 466 1087 eo
489 1021 639 1089 libentius
655 1071 662 1088 .
677 1071 707 1087 ..
738 1023 813 1088 Dat.
830 1022 926 1088 Avin.
943 1023 1023 1089 VIII
1040 1021 1086 1090 kl.
1102 1026 1231 1108 angusti
1247 1045 1278 1090 a.
1295 1022 1498 1091 duodecimo.

404 1163 477 1232 Ray.
496 1162 536 1217 88
551 1160 576 1232 f.
595 1165 613 1217 1
630 1179 678 1219 nn.
698 1165 784 1219 0001.

362 1446 484 1515 1533.
509 1449 597 1514 1328
621 1447 698 1515 Jatt
721 1448 775 1515 25.
799 1445 965 1536 Anipnon.

362 1592 523 1660 Iohannes
547 1591 647 1658 XXII
682 1591 833 1659 Gotfrido
857 1591 899 1658 de
923 1590 1110 1659 Hardevust
1132 1599 1166 1658 et
1189 1590 1362 1677 Hadangi
1386 1592 1478 1659 uxori
1508 1591 1587 1676 cius,

256 1701 380 1768 ciuibus
395 1701 647 1784 coloniensibus,
672 1698 829 1785 indulget,
853 1706 898 1782 ut,
924 1720 995 1765 cum
1019 1698 1062 1766 ad
1085 1700 1157 1766 loca
1181 1700 1401 1767 ecclesiastico
1423 1701 1589 1786 supposita

255 1799 426 1878 interdicto
451 1828 505 1874 cos
530 1806 693 1872 declina-e
718 1806 899 1891 contigerit,
924 1806 1023 1873 liceat
1038 1808 1085 1873 eis
1101 1815 1134 1872 et
1158 1806 1279 1872 familie
1303 1826 1411 1872 eorum
1434 1826 1493 1892 per
1517 1827 1587 1891 pro·

255 1917 359 2002 prium
388 1914 440 1980 vel
472 1914 569 1980 alium
599 1913 760 1998 ydoneum
791 1911 992 1980 sacerdotem
1020 1912 1131 1979 divina
1154 1913 1264 1979 officia
1286 1913 1396 1979 facere
1420 1913 1587 1997 celebrari,

255 2022 360 2089 ianuis
382 2023 499 2089 clausis
523 2029 582 2087 etc.

363 2129 407 2195 Ut
430 2148 508 2213 erga
538 2125 647 2194 sedcm
672 2127 884 2213 apostolicam
901 2177 909 2194 .
927 2177 961 2194 ..
1009 2129 1086 2195 Dat.
1110 2128 1204 2194 Avin.
1230 2128 1310 2194 VIII
1333 2128 1379 2194 ki.
1403 2129 1532 2214 augusti
1555 2151 1585 2195 a.

255 2234 455 2303 duodecimo.

405 2360 477 2433 ch.
497 2363 536 2416 88
553 2360 578 2432 f.
598 2365 615 2417 1
633 2377 680 2417 nr.
700 2363 786 2418 3000.

360 2629 481 2698 1534.
507 2634 594 2698 1328
617 2633 694 2700 Jats·
717 2637 770 2701 26.
800 2633 966 2723 Aaipnou.

361 2775 529 2842 Iohannes
542 2777 649 2841 XXII
672 2778 780 2843 tribus
804 2779 1037 2845 amoenioribus
1052 2779 1204 2857 nmndat,
1228 2780 1389 2864 quatinus
1404 2778 1588 2844 Hannicum

258 2882 422 2949 Iohannis
446 2886 643 2972 confirment
670 2892 702 2951 at
730 2893 891 2952 tucantur
919 2887 956 2951 in
978 2888 1192 2972 possessione
1219 2887 1438 2953 canonicatus
1461 2890 1493 2951 et
1510 2905 1589 2971 pre·

256 2991 360 3056 bande
383 2993 420 3057 in
444 2992 581 3058 ccclesia
605 2991 640 3058 8.
658 2993 793 3058 Flavini
815 2994 852 3058 in
878 2991 1100 3079 Confluentis.

364 3139 535 3224 [Iohannes
551 3141 661 3226 XIIII]
687 3141 810 3208 decano
831 3150 864 3208 et
881 3145 1004 3210 cantori
1021 3144 1150 3210 maios-Is
1165 3163 1205 3209 ac
1221 3142 1419 3209 thesaurario
1435 3141 1470 3209 S.
1488 3140 1589 3206 Marie

256 3245 299 3314 ad
323 3246 444 3332 gradus
466 3249 610 3333 Magunt.
635 3249 853 3314 ecclesiarum.

368 3355 526 3440 Exposuit
561 3355 652 3422 nobis
687 3354 825 3422 dilectus
861 3357 943 3422 filius
965 3358 1124 3423 Henricus
1147 3355 1299 3423 Iohannis
1333 3356 1505 3422 canonicus
1539 3374 1589 3420 ec·

256 3461 353 3528 closis
376 3460 409 3526 S.
427 3461 548 3526 FlorIni
571 3462 604 3526 in
620 3461 823 3528 Confluentis
839 3463 970 3530 Trevcr.
994 3462 1090 3547 dioc,
1115 3463 1200 3546 quod
1224 3462 1299 3528 olim
1322 3463 1405 3529 inter
1429 3461 1589 3546 qnondam

255 3568 429 3633 Henricam
466 3567 586 3634 dictum
622 3568 663 3634 de
699 3568 904 3636 Bracharaco
940 3571 1022 3638 alias
1057 3570 1098 3636 de
1121 3569 1336 3655 Asperschcm
1367 3576 1399 3635 ct
1427 3567 1589 3653 quondam

255 3673 452 3740 Hertwicum
477 3674 518 3738 de
542 3675 638 3741 Mune
662 3676 796 3742 clericos
823 3696 858 3742 sc
886 3683 1066 3744 asserentes
1090 3678 1262 3743 canonicos
1286 3675 1430 3743 eiusdem
1454 3676 1590 3742 ecclesie

255 3800 351 3866 super
379 3780 570 3847 canonicatu
600 3789 633 3847 et
662 3781 838 3868 prebenda,
872 3785 928 3866 qui
952 3789 1148 3850 vacaverunt
1177 3784 1210 3848 in
1233 3783 1347 3849 eadem
1371 3783 1509 3849 ccclesia
1532 3801 1591 3867 per

255 3888 375 3953 obitum
400 3887 561 3971 quondam
583 3888 776 3956 Theodenci
800 3888 841 3956 dc
864 3891 965 3957 Dicae
989 3891 1134 3957 canonici
1158 3888 1349 3976 prebendati
1373 3888 1517 3957 eiusdem
1540 3908 1590 3954 cc·

256 3993 364 4079 clusin,
388 4014 469 4078 quos
493 3995 621 4079 quidem
646 3999 871 4063 canonicatum
899 4005 933 4064 et
961 3997 1160 4084 prebendam
1184 4004 1318 4080 uterque
1341 3995 1465 4062 illorum
1489 3994 1531 4063 ad
1554 4015 1590 4062 se

254 4108 402 4187 spectare
435 4101 598 4187 dicebant,
633 4112 705 4170 orta
737 4106 873 4171 materia
906 4105 1084 4191 questionis
1112 4125 1152 4170 ac
1179 4105 1263 4170 intcr
1290 4123 1346 4170 cos
1374 4123 1471 4189 super
1493 4101 1589 4169 dictis

256 4210 447 4276 canonicatu
470 4216 503 4276 et
526 4211 693 4297 prebenda
715 4211 749 4277 in
772 4213 919 4278 Romana
943 4213 1033 4278 curia
1056 4211 1176 4278 diutius
1199 4211 1338 4297 IitIgato,
1362 4209 1489 4276 demum
1507 4210 1591 4275 Hen-

255 4318 341 4384 ricus
375 4338 437 4384 non
473 4316 642 4403 possidens
677 4318 764 4404 apud
798 4318 907 4385 sedem
944 4318 1155 4404 apostolicam
1179 4324 1212 4384 et
1235 4319 1417 4384 Hertwicus
1445 4316 1590 4402 prefatus

255 4424 424 4510 possidens
456 4427 543 4510 Ipsos
577 4428 800 4492 canonicatum
824 4433 857 4493 et
881 4425 1078 4512 prebendam
1111 4446 1173 4492 non
1205 4425 1297 4491 finita
1330 4423 1510 4491 huiusmodi
1534 4423 1590 4489 lita

256 4549 316 4598 nec
341 4533 449 4615 aliqua
473 4551 569 4618 super
592 4553 631 4599 ea
655 4534 816 4600 sententia
839 4533 1044 4619 promulgata
1066 4533 1098 4598 in
1122 4532 1186 4599 ilus
1210 4533 1354 4619 partibus
1378 4532 1534 4614 obierunt,
1558 4537 1591 4597 et

256 4646 370 4726 postea
392 4638 477 4706 Idem
503 4641 660 4707 Henricus
684 4641 836 4706 Iohannis
865 4641 971 4705 dintos
994 4641 1217 4706 canonicatum
1241 4646 1274 4706 et
1297 4637 1493 4724 prebendam
1518 4659 1590 4704 auc

256 4749 386 4824 toritate
408 4749 590 4836 apostolica
618 4749 773 4816 canonice
795 4747 858 4815 sibi
883 4746 1018 4815 collatos
1041 4748 1151 4814 extitit
1173 4754 1349 4816 aesecutns.
1396 4747 1513 4815 Verum
1537 4745 1591 4814 de·
