3642 5509
745 408 813 464 1332
831 409 1005 465 November
1024 410 1049 463 2.
1515 411 1570 467 455

233 595 338 654 stante
363 588 448 671 qnod
472 589 504 653 in
525 589 666 672 Aquensi
683 587 786 656 Leod.
806 589 890 654 dioc.
915 591 1149 676 preposituram
1174 599 1207 656 et
1230 613 1263 656 m
1287 590 1400 657 eadem
1425 611 1464 656 ac
1480 590 1570 657 dicta

233 694 344 761 Colon.
381 703 414 762 et
447 697 479 761 ln
512 698 700 781 Maguntina
734 717 774 761 ae
803 697 933 762 Trever.
969 697 1048 763 eccl.
1082 699 1292 764 canonicatus
1324 705 1356 764 et
1388 699 1570 783 prebendas

233 802 366 868 obtinet.

339 911 500 978 Nobilitas
522 913 659 996 generis,
685 932 806 979 morum
831 911 929 979 decor
959 961 997 979 ..
1023 963 1031 980 .
1079 914 1153 979 Dat.
1178 915 1273 980 Avin.
1298 913 1366 980 IIII
1389 934 1491 980 nonas
1513 934 1569 980 no·

234 1018 373 1084 vembris
397 1039 427 1083 a.
453 1019 559 1084 XVII.

340 1126 379 1190 In
402 1146 429 1193 e.
446 1147 486 1191 m.
512 1126 622 1192 abbati
646 1127 830 1193 monasterii
848 1127 880 1193 S.
899 1128 1041 1194 Cornelii
1059 1127 1205 1194 ludensis
1225 1133 1257 1192 et
1274 1129 1397 1194 cantori
1413 1129 1450 1193 Β.
1468 1127 1568 1194 llario

233 1232 393 1315 Aquensis
416 1232 527 1299 Colon.
553 1240 585 1298 et
608 1232 709 1298 Leod.
735 1232 819 1300 dioc.
844 1255 884 1300 ac
907 1236 1078 1301 scolastico
1103 1235 1265 1301 Tullensis
1288 1235 1506 1302 ecclesiarum.

394 1358 468 1428 Ray,
488 1359 544 1412 105
562 1374 610 1412 nr.
630 1361 675 1413 48.

338 1624 458 1691 2145.
489 1627 575 1689 1332
604 1625 790 1690 November
810 1627 840 1688 2.
867 1617 1034 1705 Aoipaoa.

337 1751 498 1816 Iohannes
530 1749 630 1816 XXII
666 1748 910 1835 archiepiscopo
935 1749 1046 1815 Golon.
1076 1750 1219 1833 mandat,
1250 1751 1399 1834 quatinus
1427 1750 1567 1816 nobilem

232 1861 331 1924 virum
366 1857 602 1923 Theodericum
632 1855 754 1921 dictum
778 1856 980 1922 Sohuirmam
1013 1858 1147 1923 militem
1178 1866 1211 1923 et
1234 1857 1373 1925 nobilem
1402 1857 1567 1923 mulierem

231 1965 425 2048 Hedwigem
449 1964 489 2029 de
516 1963 735 2048 Wyssurghen
757 1965 792 2045 (l)
815 1961 926 2030 Golon.
952 1962 1049 2047 dioc,
1083 1967 1136 2048 qui
1164 1965 1313 2048 scientes,
1348 1964 1432 2047 qnod
1466 1984 1566 2047 qnon-

230 2073 304 2138 dam
348 2071 452 2138 Adam
496 2071 537 2137 de
576 2071 685 2136 Husen
727 2071 814 2156 prior
860 2071 994 2138 maritus
1043 2071 1185 2138 eiusdem
1231 2072 1399 2156 Hcdwigr's
1440 2073 1567 2158 prefato

231 2180 433 2247 Theoderico
462 2185 577 2262 quarta
607 2179 896 2262 consanguinitatis
920 2178 1006 2244 linea
1029 2179 1198 2262 attinebat,
1232 2179 1469 2244 matrimonium
1493 2199 1567 2244 con·

230 2294 398 2354 traxerunt
422 2294 454 2353 et
478 2292 703 2352 consumarunt
727 2293 759 2350 et
783 2285 925 2352 sobolem
948 2294 1169 2372 susceperunt,
1193 2287 1220 2353 si
1236 2286 1298 2373 ipsi
1322 2287 1566 2371 archiepiscopo

230 2394 405 2480 expediens
429 2392 588 2476 videatur,
613 2393 691 2478 ipsis
715 2391 918 2460 Theoderico
943 2400 975 2459 et
997 2394 1156 2479 Hedwige
1180 2393 1338 2481 separatis
1361 2393 1404 2459 ad
1428 2401 1565 2479 tempus,

230 2504 378 2568 absolvat
407 2523 427 2567 a
457 2502 617 2567 sententia
650 2501 1005 2583 excommunicationis,
1040 2522 1135 2585 quam
1168 2508 1299 2587 propter
1331 2500 1488 2587 premissa
1521 2502 1566 2565 in·

230 2617 404 2694 currerent,
439 2608 560 2675 eisdem
590 2608 802 2694 penitentiam
831 2609 1007 2674 salutarem
1035 2610 1183 2694 iniungat
1206 2617 1239 2675 et
1262 2629 1334 2675 cum
1359 2607 1479 2674 eisdem
1503 2607 1566 2674 dis·

229 2725 352 2803 penset,
386 2723 421 2782 ut
453 2717 687 2782 matrimonium
717 2715 757 2780 de
789 2736 872 2781 noro
902 2716 1093 2782 contrahere
1128 2724 1160 2782 et
1192 2716 1225 2782 in
1258 2716 1370 2783 eodem
1401 2715 1489 2782 licite
1519 2735 1565 2781 re·

229 2844 358 2890 manere
385 2824 525 2905 valeant,
559 2822 681 2907 prolem
714 2829 898 2908 susceptam
930 2829 962 2888 et
990 2823 1227 2909 suscipiendam
1253 2844 1294 2889 ex
1319 2825 1365 2889 eis
1388 2823 1564 2908 legitimam

229 2929 422 2997 nunciando.

335 3037 490 3103 Exhibita
512 3037 605 3102 nobis
628 3055 686 3122 pro
710 3042 802 3122 parte
825 3085 832 3102 .
857 3087 864 3103 .
888 3085 895 3102 .
947 3038 1024 3103 Dat.
1048 3039 1144 3105 Arin.
1168 3039 1235 3104 IIII
1259 3059 1360 3105 nonas
1383 3038 1565 3105 novembrIs

229 3168 257 3212 a.
284 3145 558 3229 decimoseptimo.

390 3250 462 3320 Rep.
484 3249 539 3303 105
557 3264 605 3303 nr.
625 3249 706 3303 1074.

334 3492 455 3560 214⁰.
482 3495 569 3557 1332
592 3492 779 3557 November
805 3491 855 3555 19.
882 3489 1047 3577 Aoipnoa.

335 3617 494 3685 Iohannes
518 3616 618 3681 XXII
651 3613 770 3700 Egidio
795 3613 836 3680 de
860 3615 1066 3683 Betrenstorf
1092 3616 1211 3683 clerico
1239 3617 1371 3684 Trever.
1403 3617 1487 3685 dioc.
1516 3639 1563 3684 re·

227 3732 336 3793 servat
359 3723 619 3791 consideratione
642 3722 795 3788 Iohannis
826 3724 914 3808 regis
937 3723 1069 3790 Beomie
1096 3723 1287 3791 beneficium
1311 3725 1564 3792 ecclesiasticum

228 3854 299 3898 cum
325 3852 401 3898 cura
425 3832 475 3897 rel
499 3833 567 3896 sine
598 3849 675 3895 cura
703 3835 889 3896 consuetum
914 3830 1041 3898 clericis
1064 3831 1263 3899 secularibus
1291 3833 1449 3916 assignari
1473 3835 1563 3900 cuins

228 3941 361 4020 fructus,
394 3940 421 4005 si
452 3958 524 4003 cum
555 3957 643 4020 cura,
667 3937 849 4021 sexaginta,
883 3939 910 4004 si
935 3959 1011 4004 vero
1035 3939 1104 4005 sine
1127 3959 1205 4004 cura
1227 3939 1324 4006 fuerit
1347 3939 1563 4025 quadraginta

227 4046 377 4112 librarum
409 4044 626 4111 turonensium
656 4064 827 4129 parvorum
857 4051 917 4111 eto.
948 4054 1099 4130 spectans
1129 4047 1338 4112 communiter
1360 4047 1412 4112 vel
1436 4046 1562 4114 divisim

227 4153 270 4219 ad
298 4152 518 4238 dixpositioem
552 4152 681 4217 abbans
710 4157 742 4217 et
770 4159 947 4219 conventus
979 4154 1163 4220 monasterii
1195 4153 1396 4220 Stabulensis
1429 4153 1496 4218 ord.
1528 4153 1561 4219 S.

229 4259 350 4326 Bened.
375 4259 477 4325 Leod.
503 4258 586 4325 dioc.

334 4367 547 4451 Exigentibus
572 4373 626 4430 tue
649 4365 896 4451 probitatis...
945 4367 1020 4433 Dat.
1045 4367 1139 4433 Avin.
1157 4367 1240 4434 XIII
1264 4367 1308 4432 kl.
1334 4367 1515 4434 decembris
1531 4390 1560 4434 a.

227 4473 499 4559 decimoseptimo.

334 4581 371 4645 ln
396 4599 423 4645 e.
446 4600 487 4643 m.
517 4577 641 4644 decano
666 4579 700 4645 S.
723 4579 893 4666 symeonis
918 4587 950 4647 et
973 4583 1096 4649 cantori
1119 4583 1249 4649 maioris
1273 4583 1407 4649 Trever.
1431 4603 1471 4649 ac
1494 4602 1562 4650 sco·

227 4689 340 4756 lastioo
365 4685 525 4752 Tullensis
549 4685 768 4753 ecclesiarum.

386 4794 458 4863 Περ.
479 4793 516 4848 96
533 4809 581 4848 nr.
601 4795 686 4850 3430.
