3642 5509
234 405 288 486 aas
781 421 1049 515 renuentum-r.

349 611 423 676 Vite
447 630 632 676 aemorum
657 609 808 676 honestas
835 659 842 675 .
872 661 879 674 .
909 659 917 676 .
964 612 1040 675 Dat.
1065 610 1159 677 Avin.
1185 611 1247 675 VII
1271 609 1344 676 idus
1366 609 1519 676 februarii
1543 631 1573 675 a.

240 715 474 783 tertiodecimo.

347 825 384 889 In
408 845 436 890 6.
464 847 504 894 m.
540 824 663 890 decano
694 825 728 890 S.
753 824 883 890 Andree
908 832 940 890 et
964 825 1135 891 scolastico
1159 825 1193 890 S.
1219 825 1365 890 Severini
1394 825 1504 890 Colon.
1535 847 1574 891 ac

239 931 394 1015 magistro
418 932 587 998 Ambrosio
612 931 653 996 de
677 932 872 1016 Lamayrola
896 932 1051 997 canonico
1076 931 1248 996 hlediolan.
1273 933 1491 997 ecclesianam.

390 1056 464 1124 Bep.
484 1055 520 1109 91
538 1055 563 1124 f.
584 1055 641 1108 132
659 1070 706 1109 aar.
727 1055 810 1109 2374.

343 1335 466 1402 1676.
493 1337 756 1401 13299οὀ1001·
784 1336 1000 1423 1.Αο19000.

344 1477 505 1544 Iohannes
522 1479 621 1543 XXII
645 1478 781 1545 Nicolao
806 1477 846 1543 de
871 1479 973 1546 Nesla
996 1479 1122 1544 confert
1146 1479 1225 1544 eccl.
1243 1479 1438 1546 xanctensis
1462 1480 1572 1546 Colon.

238 1582 322 1652 dioc.
348 1585 582 1669 canonicatum,
615 1584 812 1670 prehendam
837 1606 876 1652 ac
904 1585 1059 1650 ferculum
1083 1606 1159 1652 vero
1188 1585 1293 1651 eidem
1323 1596 1476 1671 reservat,
1509 1609 1573 1652 non

238 1693 386 1759 obstante
421 1691 508 1776 quod
541 1690 776 1778 parrochialem
813 1693 982 1758 ecelesiam
1019 1692 1059 1758 de
1094 1693 1190 1757 Mune
1223 1692 1311 1758 dicte
1343 1693 1454 1758 Oolon.
1489 1694 1572 1760 dioc.

240 1800 385 1865 othnet..

346 1905 527 1972 Laudabile
551 1907 767 1972 testimonium
792 1906 879 1990 quod
903 1957 910 1970 .
938 1955 944 1968 .
971 1957 978 1972 .
1026 1909 1102 1972 Dat.
1126 1907 1220 1972 Avin.
1240 1907 1303 1971 VII
1326 1906 1399 1972 idus
1422 1907 1573 1974 februarii

238 2036 268 2080 a.
293 2013 527 2080 tertIodecimo.

344 2121 382 2186 In
407 2141 435 2186 e.
461 2143 502 2186 m.
536 2120 660 2187 decano
689 2121 723 2187 S.
750 2119 879 2186 Andree
909 2128 942 2186 et
969 2121 1139 2187 scolastico
1163 2121 1195 2186 S.
1223 2120 1370 2186 Severini
1395 2121 1507 2186 Colon.
1532 2142 1572 2187 ac

219 2227 394 2312 magistro
418 2228 587 2294 Ambrosio
612 2227 652 2294 de
675 2228 872 2312 Lamayrola
896 2228 1052 2294 canonico
1076 2226 1249 2293 Mediolon.
1274 2228 1493 2293 ecclesiamm.

399 2352 472 2422 1169.
492 2352 530 2407 92
546 2352 571 2421 f.
591 2353 647 2406 109
664 2367 711 2407 ar.
731 2355 812 2406 3111.

345 2623 461 2690 1671.
491 2626 577 2689 1329
601 2627 756 2691 Fehroor
780 2625 831 2689 19.
862 2624 1027 2711 Aot'paoo.

344 2767 503 2834 Iohannes
526 2767 626 2832 XXII
661 2767 796 2833 Iohanni
827 2766 996 2832 Bertrandi
1030 2767 1071 2832 de
1104 2768 1198 2852 Hoyo
1231 2769 1387 2836 canonico
1421 2767 1500 2833 ecel.
1534 2767 1568 2832 S.

236 2872 406 2940 Adalberti
430 2875 590 2956 Aquensis
612 2873 714 2940 Leod.
749 2875 832 2940 dioc.
869 2873 1124 2939 consideratione
1148 2875 1234 2939 Petri
1259 2876 1446 2941 Portuensis
1477 2881 1511 2939 et
1536 2873 1570 2939 S.

236 2980 351 3046 Rufiue
374 2982 517 3065 episcopi
541 3002 599 3066 pro
624 3001 662 3047 eo
687 2983 854 3066 capellano
879 2988 911 3046 et
934 2981 1087 3046 familiari
1112 3002 1169 3046 suo
1191 2983 1404 3067 supplicantIs
1428 2987 1572 3048 reservat

236 3087 424 3174 heneficium
458 3089 712 3155 ecclesiasticum
747 3109 817 3153 cum
852 3109 929 3153 cura
961 3089 1011 3154 vel
1045 3090 1114 3155 sine
1148 3110 1224 3154 cura
1256 3088 1299 3154 ad
1327 3088 1570 3174 dispositionem

238 3194 382 3279 episcopi
395 3194 585 3262 Leodiensie
608 3197 781 3281 pertinens,
807 3196 897 3260 cuius
921 3194 1053 3277 fructus,
1078 3195 1105 3259 si
1130 3215 1199 3261 cum
1225 3217 1312 3279 cura,
1337 3196 1519 3280 sexaginta,
1543 3194 1571 3260 si

237 3321 314 3367 vero
338 3303 407 3368 siue
431 3321 508 3368 cura
532 3302 637 3384 fuerit,
663 3300 877 3384 quadraginta
901 3302 1052 3366 llbrarum
1078 3303 1292 3368 turonensium
1314 3323 1487 3389 parvorum
1503 3321 1529 3367 s.
1546 3309 1569 3366 t.

173 3462 176 3468 ,
238 3407 270 3473 d.
294 3409 435 3475 valorem
460 3428 597 3473 annuum
622 3428 684 3472 non
709 3407 878 3490 excedant,
902 3409 936 3472 iu
961 3407 1093 3473 civitate
1110 3409 1161 3473 vel
1184 3408 1307 3475 diocesi
1324 3409 1425 3475 Leod.
1451 3429 1572 3474 vacans

237 3517 289 3583 vel
317 3517 463 3601 proxime
486 3521 683 3595 vacaturum,
717 3513 963 3597 nonobstante,
997 3515 1082 3597 quod
1110 3517 1142 3580 in
1175 3515 1208 3581 S.
1236 3515 1404 3582 Adalberti
1429 3516 1570 3599 Aquensi

236 3621 338 3689 Leod.
371 3620 455 3689 dioc.
489 3622 712 3686 canonicatum
747 3628 779 3685 et
811 3620 1010 3705 prebendam
1043 3643 1082 3689 ac
1110 3624 1143 3686 in
1167 3623 1340 3688 Leodiensi
1364 3623 1443 3689 ecel.
1468 3623 1571 3688 altare

237 3729 297 3796 SS.
313 3729 479 3795 Lamberti
503 3727 601 3812 Eligii
625 3735 657 3792 et
680 3727 792 3792 Alexis
816 3728 949 3793 obIInet.

343 3834 524 3902 Laudabile
547 3833 773 3918 testimonium,
798 3833 883 3917 quod
908 3881 915 3896 .
943 3884 950 3899 .
978 3884 985 3899 .
1048 3837 1126 3901 Dat.
1149 3837 1243 3902 Avin.
1268 3837 1317 3902 XI
1340 3838 1384 3902 kl.
1410 3838 1516 3902 martii
1539 3858 1569 3902 a.

239 3943 478 4009 terciodecimo.

345 4051 383 4115 In
406 4070 434 4115 e.
450 4072 491 4115 m.
516 4051 615 4136 priori
638 4049 794 4116 secularis
818 4049 851 4116 S.
877 4049 985 4116 Ursini
1011 4050 1218 4116 Biturioensis
1241 4058 1274 4116 et
1297 4051 1331 4116 S.
1355 4051 1510 4117 Iohannis
1533 4072 1572 4117 ao

238 4157 270 4225 S.
290 4158 419 4223 MartIni
444 4157 546 4223 Leod.
570 4157 741 4242 prepositis
766 4157 983 4223 ecclesiarum.

390 4269 462 4365 Rey.
480 4295 519 4349 90
535 4294 560 4363 f.
580 4295 638 4349 249
656 4310 704 4348 ar.
724 4296 807 4348 1646.

343 4553 464 4620 1672.
493 4556 577 4620 1329
602 4553 700 4620 Mdrz
726 4558 754 4618 1.
780 4555 946 4642 Avipaoa.

344 4697 505 4764 Iohannes
528 4697 627 4762 XXII
660 4696 861 4763 Theoderico
886 4696 928 4762 de
950 4696 1096 4764 Essende
1131 4697 1256 4763 oonlert
1288 4699 1367 4764 eccl.
1393 4697 1572 4764 Bonnensis

239 4805 350 4872 Golon.
376 4804 461 4871 dloc.
491 4806 713 4870 canonicatum
742 4813 774 4870 et
804 4804 1000 4889 prebendam
1015 4812 1180 4901 recantes
1203 4825 1261 4891 per
1284 4805 1516 4891 promotionem
1540 4813 1573 4871 et
