3642 5509
284 439 338 499 864
802 443 872 499 1380
891 443 1068 515 September
1087 443 1130 500 21.

284 630 319 690 tn
352 632 384 690 ct
402 675 408 691 .
428 675 461 690 ..
501 626 707 692 Treveronsis
740 625 1000 712 archiepiscopus
1034 647 1104 692 cum
1139 627 1264 692 Bavaro
1298 646 1393 712 super
1426 623 1614 709 quibusdam

283 734 475 798 tractatibus
507 734 718 819 personaliter
743 735 947 816 convenistis,
981 755 1060 817 qnos
1089 733 1218 817 quidem
1253 740 1410 800 tractatus
1443 732 1615 799 secundum

284 847 371 905 tuum
389 841 541 906 iudicium
558 848 591 906 et
607 841 686 906 dicti
703 841 937 926 archiepiscopi
954 861 1077 906 necnon
1095 848 1127 906 et
1146 890 1152 906 .
1172 889 1179 906 .
1198 890 1205 906 .
1239 839 1365 908 Ottonis
1381 841 1473 907 ducis
1490 841 1616 906 Austric

283 967 379 1033 super
402 949 463 1015 hoc
496 950 621 1034 plenius
644 949 808 1014 informati
842 949 1014 1013 utilitatem
1038 950 1071 1013 in
1094 951 1240 1014 omnibus
1273 956 1305 1014 et
1329 949 1481 1015 honorem
1505 956 1617 1015 sancte

283 1055 427 1121 Romane
452 1057 588 1121 ecclesie
608 1062 705 1138 atque
728 1064 871 1122 nostrum
895 1057 1054 1142 respicere
1077 1058 1109 1121 in
1127 1056 1247 1121 eisdem
1265 1057 1467 1122 asserebatur
1490 1057 1615 1139 litteris,

284 1170 379 1250 prout
402 1172 436 1229 tu
460 1169 493 1227 et
520 1164 582 1248 ipsi
605 1183 664 1228 nos
687 1162 904 1228 intendebatis
929 1183 985 1248 per
1014 1164 1185 1230 sollemnes
1208 1164 1341 1230 nuncios
1371 1163 1496 1247 plenius
1519 1163 1616 1229 infor-

283 1290 380 1335 mare.
428 1269 619 1336 Huiusmodi
637 1277 743 1335 autern
760 1277 916 1336 tractatus
933 1270 1045 1346 forma,
1070 1278 1163 1355 prout
1181 1271 1267 1336 missi
1285 1291 1342 1355 per
1359 1279 1390 1336 te
1414 1278 1446 1336 et
1470 1271 1615 1357 archiep-

283 1379 427 1463 iscopum
451 1385 482 1443 ot
507 1377 620 1443 ducem
645 1378 808 1463 predictos
831 1378 930 1444 verbo
955 1385 987 1442 et
1008 1379 1127 1463 scripto
1152 1379 1244 1444 nobis
1267 1385 1481 1464 exposuerant
1497 1379 1615 1455 nuncii,

283 1488 425 1551 noscitur
448 1506 517 1552 esse
541 1487 631 1552 talis:

389 1593 441 1657 lta
463 1601 512 1658 est
535 1593 674 1657 intencio
698 1591 897 1658 dominorum
914 1595 1005 1658 —in
1030 1614 1128 1677 regno
1153 1599 1185 1660 et
1208 1593 1353 1678 imperio.
1378 1592 1445 1679 (Of.
1464 1596 1545 1680 Rep.
1562 1615 1614 1659 ar.

284 1701 371 1765 1908
395 1709 426 1765 et
452 1701 561 1778 1930.)

389 1807 550 1890 Profecto,
574 1807 628 1890 lili,
653 1806 738 1890 quod
756 1807 861 1873 dictus
885 1814 1042 1874 tractatus
1057 1808 1229 1874 utilitatem
1254 1816 1286 1874 ot
1303 1809 1454 1873 honorem
1479 1805 1615 1873 ecclesie

282 1935 345 1979 non
368 1916 522 1999 respiciat
545 1934 649 1997 neque
672 1922 825 1996 nostrum,
855 1916 951 1980 immo
980 1917 1006 1980 si
1029 1915 1129 1995 fieret,
1161 1916 1245 1998 quod
1269 1916 1414 2000 prefatus
1444 1913 1614 1981 conclude-

282 2022 376 2087 batur
400 2028 567 2104 tractatus,
596 2023 720 2087 scilicet
743 2021 829 2104 quod
854 2022 998 2088 Bavarus
1028 2023 1060 2088 in
1084 2024 1174 2108 regio
1198 2030 1230 2088 et
1255 2022 1413 2108 imperiali
1438 2029 1615 2087 remaneret

284 2128 414 2209 honore,
444 2130 476 2194 in
500 2128 553 2194 dei
578 2130 743 2210 offensam,
774 2131 910 2195 ecclesie
935 2129 1094 2195 catholice
1118 2151 1157 2195 ac
1190 2132 1329 2196 omnium
1362 2127 1614 2196 christicolarum

283 2235 492 2322 irreparabile
510 2235 713 2320 dispendium
730 2243 763 2302 et
778 2238 1014 2304 subversionem
1032 2237 1191 2302 catholice
1207 2237 1281 2303 fidei
1297 2237 1435 2318 cederet,
1449 2257 1490 2302 ex
1506 2242 1615 2301 nostra

284 2344 491 2428 responsione
514 2345 610 2409 missa
635 2344 693 2408 tibi
718 2344 916 2429 prolatisque
933 2343 1130 2430 principibus
1154 2345 1242 2420 satis,
1268 2352 1302 2410 ut
1319 2343 1487 2426 credimus,
1512 2341 1616 2427 potuit

283 2449 372 2532 regie
400 2449 576 2535 prudencie
606 2449 764 2533 dictisque
788 2451 987 2537 principibus
1015 2472 1181 2536 apparere.
1229 2453 1278 2516 De
1307 2452 1380 2517 aliis
1402 2456 1520 2532 autem,
1554 2469 1616 2532 que

284 2563 358 2622 acta
376 2563 577 2641 tractataque
600 2579 639 2624 ac
655 2558 803 2624 ordinata
819 2560 850 2623 in
868 2558 1066 2646 parlamento
1092 2559 1179 2624 fuere
1200 2559 1356 2644 predicto,
1381 2560 1498 2625 seimus
1515 2557 1614 2622 multa

284 2683 324 2728 ex
349 2664 395 2730 eis
422 2685 482 2730 nee
513 2665 556 2730 ad
584 2664 637 2731 dei
670 2687 730 2731 nec
762 2668 898 2732 ecclesie
927 2687 986 2732 nec
1010 2666 1184 2751 reipublice
1208 2667 1378 2732 utilitatem
1404 2664 1528 2748 cedere,
1557 2663 1614 2730 sed

283 2771 315 2834 in
349 2792 498 2854 magnum
534 2793 643 2838 eorum
680 2780 896 2859 contemptum
933 2774 1234 2860 depressionemque
1273 2775 1372 2859 ipsius
1408 2772 1545 2839 ecclesie
1581 2777 1613 2838 et

283 2877 492 2961 proiodiciurn
517 2901 556 2944 ao
580 2880 792 2945 hereticorum
817 2881 973 2946 favorem.

389 2987 487 3052 Novit
521 3007 647 3071 quoque
679 2987 857 3071 prudencia
894 2987 994 3071 regia,
1028 2987 1112 3071 quod
1147 2989 1270 3054 nunciis
1298 2989 1361 3052 tuis
1393 2986 1613 3069 dictorumque

282 3093 460 3177 principum
494 3095 526 3157 in
562 3096 650 3159 curia
674 3095 820 3159 Romana
852 3094 1064 3160 existentibus
1097 3095 1196 3159 nobili
1230 3095 1298 3159 viro
1322 3095 1422 3160 Azoni
1456 3093 1497 3158 do
1522 3094 1612 3160 Vice-

282 3201 451 3266 comitibus
475 3200 516 3266 de
541 3201 723 3267 Mediolano
747 3203 806 3268 sub
831 3202 892 3267 hac
917 3202 1019 3268 forma
1042 3203 1214 3286 scripsisti:

389 3307 546 3374 Iohannes
570 3307 622 3374 dei
647 3310 819 3393 gracia-
841 3310 959 3374 Datum
985 3309 1200 3392 Lucemburgi
1224 3309 1289 3375 lIIl
1314 3308 1391 3374 iulii.
1440 3307 1507 3394 (Os.
1532 3311 1611 3394 Ray.

282 3436 334 3478 ar.
361 3417 470 3495 1921.)
1230 3419 1233 3424 ’

388 3524 436 3588 Ac
452 3524 581 3608 insuper
597 3523 757 3607 prefatam
774 3523 888 3588 ducem
906 3525 1043 3606 Austrio,
1069 3525 1122 3606 qui
1139 3523 1327 3588 obedientes
1343 3523 1470 3608 prefato
1487 3522 1612 3588 Bavaro

281 3636 316 3693 ot
334 3630 380 3693 vir
404 3629 582 3694 catholicus
598 3630 818 3713 impugnabat,
845 3631 1005 3696 revocasti
1029 3632 1070 3695 ab
1087 3632 1149 3694 isto
1166 3633 1330 3717 proposito
1348 3630 1478 3713 eiusque
1496 3629 1612 3694 Bavan'

281 3737 399 3820 privati
423 3737 501 3817 iure,
535 3735 671 3819 siquod
706 3737 766 3801 sibi
796 3757 837 3801 ex
861 3736 953 3802 dixta
986 3738 1143 3803 electione
1167 3741 1327 3821 quesitum
1351 3738 1466 3819 luerat,
1500 3756 1539 3802 ae
1572 3733 1613 3800 de

281 3843 417 3908 diversis
442 3841 606 3907 heresibus
623 3843 825 3909 condemnati
850 3845 1094 3929 stipendiarium
1117 3853 1149 3911 et
1172 3845 1332 3911 subditum
1350 3843 1497 3911 effecisti.
1544 3843 1613 3909 Nec

280 3949 332 4014 his
364 3955 542 4032 contentus,
576 3950 667 4033 quasi
692 3970 853 4017 cursorem
886 3971 943 4017 seu
976 3972 1195 4037 precursorem
1228 3960 1260 4018 et
1289 3952 1497 4018 mediatorem
1531 3951 1612 4014 inter

281 4056 402 4121 dietum
427 4057 585 4124 Bavarum
611 4064 644 4122 et
668 4059 817 4124 civitates
847 4059 1036 4125 obedientes
1060 4061 1196 4125 ecclesie
1221 4081 1343 4128 necnon
1373 4058 1454 4125 alios
1478 4057 1612 4123 devotos

281 4163 416 4228 ecclesio
438 4170 471 4228 te
495 4164 701 4247 constituens,
727 4165 861 4232 devotos
885 4167 971 4250 ipsos
988 4167 1124 4234 ecclesie
1148 4188 1167 4231 a
1188 4166 1358 4232 (levatione
1383 4165 1547 4230 retrahere
1564 4186 1610 4247 ac,

280 4277 315 4334 ut
348 4271 451 4355 ipsum
485 4271 660 4336 hereticum
684 4274 716 4336 in
740 4292 830 4337 suurn
864 4293 974 4356 regem
1004 4280 1036 4338 et
1068 4275 1292 4358 imperatorem
1326 4274 1516 4357 reciperent,
1550 4293 1612 4337 non

280 4378 401 4459 absque
418 4379 509 4460 gravi
527 4377 579 4442 dei
602 4378 724 4444 offensa
740 4386 988 4465 contemptuque
1006 4387 1116 4445 sancte
1133 4380 1269 4446 ecclesie
1287 4401 1325 4445 ac
1342 4386 1395 4444 tuo
1412 4387 1445 4445 ot
1461 4382 1611 4464 ipsorum,

280 4483 394 4567 grandi
418 4485 560 4568 periculo
584 4506 756 4570 procurare
779 4486 910 4551 nimium
936 4493 1057 4552 temere
1080 4487 1311 4572 presumpsisti.
1359 4488 1400 4551 Et
1424 4508 1487 4552 non
1512 4487 1611 4552 solum

281 4590 341 4655 hec
364 4591 397 4655 in
413 4591 595 4656 Theutonia
619 4593 799 4676 attentasti,
823 4593 1000 4658 sedeciam
1026 4600 1097 4659 turos
1120 4593 1263 4676 nuncios,
1288 4593 1438 4660 videlicet
1455 4593 1611 4659 Thomam

280 4696 321 4761 de
354 4697 629 4782 Septenrfontibus
670 4707 703 4764 et
735 4700 907 4784 Syrnonern
941 4701 1083 4785 Philippi
1118 4707 1149 4765 ot
1182 4702 1368 4784 magistrum
1402 4702 1441 4767 G.
1477 4700 1611 4784 Pichon,

281 4824 374 4888 quern
399 4805 440 4870 ad
466 4805 586 4870 curiam
616 4807 789 4872 novissime
813 4807 993 4890 destinasti,
1023 4805 1109 4892 apud
1134 4813 1165 4873 te
1189 4806 1365 4891 dimiseras,
1395 4807 1479 4874 sicut
1504 4828 1610 4875 coram
