3642 5509
768 427 838 482 13³4
857 427 920 482 Juli
938 427 982 482 20.
1492 425 1545 480 523

210 607 297 673 nulla
313 608 371 673 tali
386 607 579 673 necessitate
596 613 732 690 cogente
749 609 845 674 armis
861 606 1029 673 intendere
1045 607 1163 674 diceris
1179 614 1212 672 et
1236 606 1278 673 ad
1295 607 1417 672 alienas
1441 612 1545 672 terras

211 714 415 781 invadendas
438 715 548 780 tacere
573 715 705 780 bellicos
729 722 916 801 apparatus,
951 736 991 780 cx
1016 716 1130 798 quibus
1154 722 1266 780 contra
1294 722 1326 779 te
1348 715 1545 799 presumptio

210 822 321 898 oritur,
345 843 408 887 non
433 823 536 905 quails
560 830 592 887 et
616 821 741 906 deceat,
766 821 825 889 sed
849 843 910 906 que
934 823 1102 907 plurImum
1125 822 1282 888 dedeceat
1305 828 1424 887 statum
1447 827 1545 886 tuum.

212 930 364 996 Volumus
399 949 476 1014 ergo
512 929 635 1013 tibique
670 930 874 1014 precipimus
910 937 946 996 ut
980 937 1087 995 mente
1123 930 1245 1014 pariter
1280 935 1312 993 et
1341 929 1491 1014 operibus
1514 935 1546 992 et

210 1031 366 1117 exemplis
389 1039 422 1097 te
446 1051 561 1115 gerens
587 1039 618 1097 et
643 1032 816 1098 ostendens
839 1033 1033 1118 pontificem,
1063 1033 1186 1097 abicias
1209 1032 1268 1097 hec
1292 1039 1326 1096 et
1349 1051 1547 1115 quecumque

210 1141 275 1205 alia
308 1140 406 1206 statui
444 1149 497 1204 tuo
532 1159 595 1204 non
626 1139 851 1204 convenientia
884 1139 1040 1224 presulari
1065 1159 1168 1222 queve
1203 1139 1262 1203 tibi
1295 1145 1426 1224 possent
1460 1137 1546 1201 lame

209 1247 365 1314 iacturam
395 1254 562 1329 statusque
596 1247 771 1333 periculum
807 1266 974 1331 generare,
1011 1267 1068 1332 pro
1103 1245 1193 1311 firmo
1216 1247 1364 1328 sciturus,
1389 1242 1486 1327 quod,
1520 1244 1546 1309 si

209 1374 301 1420 secus
325 1354 435 1420 tacere
459 1353 543 1420 forte
567 1373 776 1439 presumeres,
812 1354 846 1419 id
871 1353 1082 1437 equanimiter
1116 1353 1200 1419 terre
1227 1353 1318 1418 salva
1351 1352 1547 1418 conscientia

210 1482 274 1528 non
296 1481 471 1548 possemus.
520 1461 595 1526 Dat.
620 1463 713 1530 Avin.
737 1462 820 1526 XIII
844 1462 889 1526 kl.
915 1462 1044 1546 augusti
1069 1462 1174 1526 tertio.

359 1587 432 1654 Rep.
453 1584 552 1655 13210.
570 1587 619 1640 53¹
637 1602 685 1639 aar.
705 1586 774 1650 192,·
808 1587 901 1640 Instr.
927 1583 1011 1640 misc.
1032 1584 1154 1640 Amor.
1174 1585 1206 1638 X
1210 1585 1239 1639 V.
1258 1583 1319 1652 2f.
1339 1585 1374 1638 77
1378 1605 1388 1648 ;
1420 1583 1546 1637 Arnaar.

359 1674 500 1730 XXXIV.
521 1675 540 1728 2
557 1675 669 1744 fi135,·
688 1675 947 1743 Ra.1910,·Idubel
965 1673 1009 1730 a'm
1033 1672 1149 1730 Hc'ator.
1172 1674 1331 1729 Jaumocu
1357 1673 1440 1727 XIX.
1459 1672 1545 1726 1898.

358 1779 410 1835 pp.
430 1765 496 1819 468.

316 1981 447 2047 2293.
474 1983 559 2046 1337
584 1981 660 2048 Jott
683 1983 738 2046 20.
767 1980 934 2067 Acipcon.

318 2122 524 2207 [Benchotus
548 2123 626 2208 XII]
652 2123 756 2189 eidem
781 2123 1025 2210 archiepiscopo
1050 2123 1243 2190 Coloniensi.
1331 2146 1335 2154 ·

316 2231 468 2296 Militanti
493 2231 629 2296 ecclesie
653 2231 764 2298 divina
788 2281 796 2297 .
822 2279 862 2296 ..
911 2232 990 2297 Cum
1014 2231 1135 2314 itaque,
1169 2233 1232 2296 iam
1258 2237 1307 2297 est
1330 2230 1396 2313 diu,
1431 2231 1547 2296 mentis

209 2345 318 2405 nostre
343 2338 553 2404 direxerimus
586 2339 688 2404 aciem
724 2337 767 2404 ad
802 2359 842 2404 ea
871 2338 1056 2424 specialiter
1079 2340 1282 2424 interponere
1312 2345 1420 2405 nostre
1443 2337 1546 2403 sollci-

210 2443 330 2511 tudinis
354 2445 562 2528 interventus,
599 2464 661 2529 que
695 2446 916 2512 salubritatem
949 2445 1210 2512 reformationem
1246 2453 1279 2512 et
1302 2452 1421 2511 statum
1446 2446 1547 2510 tocius

210 2553 346 2619 ecclesie
369 2553 493 2618 illarum
518 2553 656 2638 partium
673 2553 867 2638 generaliter
889 2556 1052 2638 respicere
1072 2553 1291 2636 dinoscantur,
1314 2560 1346 2619 et
1369 2573 1455 2618 nunc
1478 2572 1546 2637 pre·

210 2660 341 2726 habitos
363 2660 450 2725 circa
473 2659 628 2744 premissa
651 2667 826 2746 conceptus
860 2659 901 2726 de
926 2661 1059 2727 oonsilio
1096 2669 1150 2726 tuo
1174 2669 1206 2726 et
1230 2660 1452 2726 nonnullorum
1476 2679 1547 2744 pre·

211 2768 346 2833 latorum
370 2766 497 2832 illarum
520 2767 660 2852 partium
689 2765 731 2833 ad
756 2767 899 2834 debitum
928 2768 1077 2834 effectum
1102 2766 1262 2835 deducere
1285 2768 1490 2834 intendamus
1514 2773 1546 2832 et

210 2874 251 2940 ob
275 2872 336 2939 hoo
359 2875 553 2959 presentiam
589 2880 676 2940 tuam
710 2875 803 2941 noble
838 2875 908 2940 fore
932 2884 1121 2961 oportunam
1155 2882 1188 2941 et
1211 2877 1321 2941 utilem
1346 2877 1545 2956 extimemus,

209 2980 405 3047 fraternitati
428 2988 482 3047 tue
505 2983 537 3046 in
560 2983 680 3048 virtute
712 2980 896 3048 obedientie
931 2980 1077 3050 districte
1108 2982 1317 3069 precipIeudo
1346 2982 1545 3056 mandamus,

210 3088 359 3172 quatinus
383 3089 468 3153 omui
492 3090 701 3154 excusatione
725 3097 758 3154 et
778 3091 949 3156 occasione
972 3090 1108 3155 sublatIs
1130 3090 1216 3155 inira
1233 3089 1390 3156 kalendas
1406 3089 1547 3154 octobris

211 3195 355 3282 proxime
379 3202 529 3262 venturas
553 3195 595 3260 ad
619 3216 677 3262 nos
701 3201 734 3262 et
756 3197 968 3281 apostolicam
993 3195 1102 3262 sedem
1126 3197 1337 3282 personaliter
1359 3195 1490 3262 studeas
1514 3203 1546 3260 te

211 3302 365 3369 conterre.
412 3304 462 3368 De
487 3303 540 3369 die
558 3324 633 3370 vero
654 3303 903 3389 presentationis
927 3303 1122 3390 presentium
1147 3310 1180 3369 et
1196 3305 1414 3386 assignatione
1437 3322 1545 3367 aarum

209 3409 337 3475 dilectis
360 3410 435 3477 tiliIs
458 3411 554 3476 llario
586 3409 626 3476 de
650 3411 898 3477 Monterotundo
932 3419 965 3476 et
988 3411 1107 3503 Iacobo
1142 3411 1183 3476 de
1207 3410 1343 3477 Ocleriis
1366 3410 1547 3476 cursoribus

209 3518 326 3584 nostris
350 3517 462 3583 iuratis
486 3517 641 3583 latoribus
664 3519 805 3605 ipsarum
830 3519 882 3584 vel
906 3520 959 3583 uni
986 3539 1028 3584 ex
1051 3519 1099 3584 eis
1118 3517 1267 3584 dabimus
1290 3518 1416 3603 plenam
1440 3516 1546 3599 fidem,

210 3625 325 3708 quibus
341 3624 440 3691 etiam
463 3625 666 3708 iniunximus,
692 3625 777 3709 quod
801 3624 843 3691 de
861 3627 1100 3711 presentatione
1115 3624 1263 3712 predicta
1285 3624 1449 3710 publicum
1473 3643 1545 3689 con·

209 3730 261 3796 tici
285 3732 408 3797 faciant
432 3733 685 3798 instrumentum.
733 3732 808 3798 Dat.
833 3731 929 3799 Avin.
955 3733 1037 3798 XIII
1061 3732 1107 3798 kl.
1131 3733 1260 3818 augusti
1284 3754 1314 3798 a.
1339 3733 1444 3799 tertio.

370 3855 619 3927 Rog.132f.54
641 3857 785 3924 nr.193;
813 3857 907 3912 Instr.
926 3855 1011 3912 misc.
1031 3856 1153 3912 Amatur.
1173 3857 1240 3912 XV.
1260 3859 1295 3911 11
1311 3856 1389 3925 fuso.
1408 3855 1470 3925 2f.
1490 3857 1547 3923 77,-

371 3945 494 4000 Armar.
513 3945 656 4002 XXXIV.
682 3946 702 4001 2
719 3946 743 4016 f.
764 3946 844 4014 135,·
862 3947 915 4001 Ra.
935 3946 1034 4012 1910.‚·
1066 3946 1165 4001 uacet
1182 3944 1226 4001 im
1248 3943 1365 4000 Histor.
1384 3943 1545 4002 Jouroacu

372 4036 456 4091 XIX.
475 4037 541 4091 468.

318 4323 449 4390 2294.
476 4326 563 4389 1337
587 4324 665 4390 Joti
687 4326 741 4389 28.
766 4321 932 4412 Acipcoc.

318 4466 512 4532 Benedictus
535 4466 601 4532 XII
626 4468 789 4534 Walramo
813 4468 1060 4555 archiepiscopo
1084 4469 1266 4536 Coloniensi
1290 4469 1432 4553 mandat,
1469 4491 1545 4554 qua·

210 4573 295 4639 tinus
318 4593 390 4638 cum
418 4573 621 4640 Genekinide
646 4573 686 4642 de
710 4574 858 4641 Gladelre
882 4585 915 4640 et
931 4575 1043 4643 Drude
1065 4576 1108 4642 de
1131 4576 1222 4642 Beke
1243 4576 1354 4643 Colon.
1371 4577 1467 4659 dioc,
1492 4578 1546 4661 qui

209 4683 404 4766 ignorantes,
440 4681 526 4765 quod
550 4683 581 4747 iu
607 4691 720 4765 quarto
745 4683 1035 4767 consanguinitatis
1066 4683 1171 4769 gradu
1193 4686 1331 4750 invicem
1364 4704 1399 4751 se
1423 4685 1545 4750 contin·

209 4795 299 4873 gunt,
325 4788 561 4856 matrimoninm
577 4797 815 4873 contraxerunt,
840 4789 1014 4878 dispenset,
1040 4798 1074 4857 ut
1096 4792 1128 4857 iu
1145 4791 1326 4858 huiusmodi
1342 4792 1545 4860 matrimonio
