3642 5509
741 449 811 509 1327
831 452 963 509 October
981 450 1007 508 6.
1505 448 1541 507 Ίθ

208 632 319 699 Oolon.
344 654 383 699 ac
407 633 440 699 S.
457 633 558 698 Maris
582 633 623 699 ad
648 631 769 715 gradm
792 633 902 699 Oolon.
927 632 1006 697 ecel.
1031 631 1202 717 prepositis
1219 630 1367 713 mandat,
1390 632 1539 713 quatinus

208 742 389 807 Beatricem
413 748 522 806 natam
543 741 717 805 Hermauni
741 738 821 805 dicti
845 739 934 805 Oreit
959 740 1095 824 puellam
1123 739 1296 804 litteratam
1321 737 1431 803 Oolon.
1455 738 1539 804 dioc.

209 848 390 932 eapientem
419 848 452 912 in
485 847 678 913 monast-erio
702 846 736 912 S.
762 846 864 911 Mario
887 848 921 911 iu
945 846 1101 931 Capitolis
1125 845 1233 911 Solon.
1258 844 1325 909 ord.
1360 846 1394 911 S.
1418 844 1540 911 Bened.

209 953 339 1019 domino
371 954 530 1036 famulari,
564 953 590 1018 si
615 953 658 1019 sit
678 953 810 1038 pdouea
833 960 866 1018 et
889 950 978 1018 aliud
1003 954 1190 1017 canonicum
1223 973 1285 1018 non
1315 952 1460 1035 obsistat,
1494 952 1540 1017 fa·

208 1062 297 1127 ciant
319 1062 419 1146 recipi
443 1060 566 1126 indicto
590 1061 784 1126 monasterio
807 1061 839 1125 in
863 1060 1064 1126 monacham.

317 1168 527 1254 Oupicntibus
550 1169 650 1233 vit-arn
674 1166 791 1234 ducere
821 1217 828 1231 .
852 1217 860 1232 .
887 1218 894 1232 .
942 1166 1018 1235 Dat.
1045 1167 1140 1232 Avin.
1165 1167 1198 1231 ll
1222 1186 1323 1232 nonas
1347 1165 1487 1232 octobris
1511 1187 1540 1231 a.

209 1274 410 1342 duodecimo.

371 1402 443 1472 sep.
461 1403 500 1455 ss
517 1400 542 1471 f.
561 1400 628 1456 me
645 1416 693 1457 ar.
712 1404 775 1456 ses.

314 1671 438 1737 1294.
473 1675 560 1737 1327
584 1673 726 1739 October
748 1675 780 1737 6.
808 1670 973 1759 Aoipnou.

320 1814 490 1901 [Iohannes
512 1816 623 1900 XXII]
662 1816 758 1881 Petro
783 1815 940 1899 Guigonis
968 1814 1008 1880 de
1038 1814 1234 1881 Oustronovo
1265 1814 1477 1897 Lingonensis
1511 1820 1542 1879 ct

209 1924 308 1988 Petro
332 1922 373 1988 de
397 1921 536 1989 viveriis
560 1922 758 1989 vivariensis
781 1922 990 1988 ecclesiarum
1014 1922 1188 1987 canonicis.

318 2029 396 2095 Oum
420 2029 562 2095 nonnulli
585 2030 703 2114 prelati
718 2036 752 2094 et
767 2029 829 2095 alie
850 2048 986 2114 persone
1010 2027 1230 2095 ecclesiastice
1254 2047 1378 2093 necnon
1402 2025 1545 2112 capitula

211 2145 244 2202 et
276 2145 454 2205 conventus
487 2136 631 2202 civitatis
663 2142 696 2203 et
729 2135 868 2202 diocesis
898 2156 938 2201 ac
967 2136 1133 2221 provincie
1167 2134 1374 2200 Treuerensis
1409 2134 1545 2199 ecclesie

211 2244 357 2309 Romane
380 2243 626 2309 necessitatibus
654 2244 765 2326 utique
789 2243 953 2327 gravibus,
988 2242 1102 2325 quibus
1130 2262 1188 2326 pro
1212 2240 1412 2325 repressione
1436 2248 1468 2305 et
1492 2260 1545 2305 cx-

211 2350 410 2435 pugnatione
434 2348 646 2416 hereticorum
671 2357 703 2415 et
726 2349 892 2415 rebellium
916 2350 1055 2433 partium
1078 2349 1172 2413 Italie
1201 2399 1208 2414 .
1232 2396 1239 2412 .
1265 2396 1272 2412 .
1302 2348 1452 2413 continue
1476 2367 1545 2432 pre-

212 2458 307 2522 mitur
329 2476 427 2542 supra
450 2458 545 2539 vires,
570 2458 602 2522 in
627 2456 884 2523 consideratione
907 2455 1081 2523 deductis.
1101 2504 1108 2521 .
1128 2462 1241 2523 ,certa
1264 2456 1451 2540 pecuniaria
1472 2456 1545 2521 sub·

211 2563 296 2630 sidia
327 2565 420 2630 nobis
453 2571 486 2629 et
517 2563 622 2630 eidem
655 2564 809 2643 ecclesie:
824 2564 975 2630 duxerint
1004 2563 1181 2629 liberaliter
1204 2560 1379 2644 offerenda,
1408 2582 1467 2628 uos
1484 2611 1491 2626 .
1510 2612 1545 2627 ..

213 2670 365 2755 exigendi
398 2670 530 2757 petendi
562 2679 594 2737 et
622 2670 799 2757 reeipiendi
823 2672 864 2737 ab
889 2669 1010 2739 eisdem
1124 2670 1234 2736 oblata
1264 2667 1444 2735 huiusmodi
1474 2670 1547 2735 sub-

212 2778 298 2845 sidia
320 2798 377 2844 seu
401 2780 497 2844 etiam
522 2778 687 2844 offerenda
711 2787 744 2844 et
767 2800 807 2846 ea
829 2777 872 2845 ad
895 2787 1037 2845 nostram
1062 2798 1221 2845 eameram
1245 2776 1545 2843 transmittendi...

212 2905 337 2951 necnon
359 2886 521 2952 solventes
544 2896 577 2951 et
601 2886 854 2970 assignantes..
873 2935 880 2950 .
899 2885 1045 2969 quitandi
1069 2893 1102 2951 et
1125 2883 1313 2952 absolvendi
1331 2883 1372 2950 de
1389 2884 1460 2967 hiis,
1486 2903 1547 2967 que

213 2993 402 3078 receperitis
424 2993 466 3058 ab
491 2992 689 3060 eisdem...
713 2992 919 3059 concedimus
947 3042 981 3057 ..
1008 2993 1205 3059 facultatem.
1253 2991 1406 3057 Volumus
1429 2998 1547 3073 sutem,

214 3108 249 3166 ut
271 3120 368 3185 super
396 3102 531 3184 siugulis
558 3102 830 3186 assignationibus
858 3099 1040 3166 huiusmodi
1064 3100 1127 3166 duo
1153 3100 1264 3165 confici
1290 3098 1420 3164 faciatis
1446 3099 1548 3163 consi·

214 3207 303 3273 milia
325 3208 456 3292 publica
479 3209 700 3293 instrumenta,
725 3228 857 3292 quorum
881 3209 984 3274 altero
1008 3227 1106 3294 penes
1122 3207 1251 3272 eosdem
1275 3205 1477 3289 assignantes
1501 3204 1548 3269 di·

214 3314 311 3379 misso
335 3313 491 3397 reliquum
514 3314 556 3380 ad
582 3314 717 3380 eandem
742 3314 861 3380 curetis
888 3334 1049 3381 cameram
1073 3313 1244 3379 destinare.
1293 3312 1368 3377 Dat.
1393 3312 1489 3377 Aviu.
1515 3312 1547 3376 11

214 3441 316 3487 nouas
339 3422 481 3488 octobris
504 3442 533 3487 a.
558 3421 760 3487 duodecimo.

363 3546 436 3616 Req.
457 3548 510 3600 114
526 3562 576 3615 pa.
596 3546 669 3616 [If.
690 3548 746 3600 163
764 3562 812 3600 ar.
832 3548 921 3613 1631,·
942 3546 993 3601 ss.
1014 3546 1079 3600 920.

321 3808 444 3875 1295.
469 3811 555 3875 1327
581 3810 722 3876 October
744 3813 776 3875 6.
801 3808 966 3896 Aoipnou.

323 3951 496 4036 [lohannes
510 3952 621 4038 XXII]
647 3952 890 4038 archiepiscopo
915 3952 1106 4018 Ooloniensi.

324 4058 375 4124 Ad
408 4058 603 4124 audientiam
637 4061 836 4144 apostolatus
867 4062 967 4125 nostri
1000 4059 1157 4144 pervenit,
1193 4059 1278 4143 quod
1306 4061 1456 4126 nonnulle
1484 4070 1550 4128 tam

217 4165 341 4231 nobiles
365 4185 460 4248 quam
488 4165 551 4231 alie
582 4166 743 4232 inferioris
773 4172 876 4232 status
899 4186 1046 4250 persone,
1081 4186 1143 4249 que
1178 4173 1253 4232 ante
1288 4176 1360 4252 post
1385 4175 1417 4233 et
1441 4174 1552 4233 eontra

217 4291 386 4357 processus
420 4293 478 4357 per
512 4293 570 4338 nos
603 4272 729 4339 habitos
762 4272 917 4339 adversus
940 4272 1141 4338 Ludovicum
1171 4273 1246 4339 olim
1275 4272 1389 4339 ducem
1414 4274 1552 4340 Bavarie

218 4379 362 4462 aliosque
394 4379 532 4445 ecclesie
554 4379 699 4445 Romane
727 4379 862 4445 rebelles
890 4377 986 4445 dietis
1011 4377 1178 4445 Ludovico
1202 4387 1234 4445 et
1258 4379 1430 4446 rebellibus
1454 4380 1553 4446 adhe·

218 4493 327 4551 serunt
343 4538 351 4553 .
369 4538 377 4554 .
396 4535 403 4550 .
419 4486 538 4551 saniori
562 4484 658 4551 duete
682 4486 815 4553 consilio
840 4484 1027 4552 desiderant
1050 4487 1091 4551 ab
1115 4485 1296 4553 huiusmodi
1320 4485 1496 4553 adhesione
1519 4494 1552 4553 et

219 4594 380 4676 obsequiis
403 4594 530 4658 omnino
555 4612 682 4658 cessare
706 4600 738 4659 et
765 4613 823 4678 per
847 4593 1117 4659 reconciliationis
1144 4594 1282 4678 gratiam
1307 4593 1413 4660 redire
1435 4594 1478 4659 ad
1503 4614 1551 4661 ec·

220 4700 316 4765 clesie
338 4701 494 4765 unitatem
620 4700 800 4784 Igitur...
829 4700 1024 4765 fraternitati
1055 4706 1109 4765 tue
1141 4699 1329 4766 absolvendi
1359 4700 1553 4768 auctoritate

220 4815 330 4873 nostre
352 4812 481 4872 eentum
515 4806 557 4873 de
588 4808 733 4893 personis
765 4806 920 4893 predictis
950 4815 1004 4872 tue
1028 4808 1202 4893 provincie,
1237 4828 1298 4890 que
1329 4810 1551 4895 premissorum
