3642 5509
751 439 822 495 1888
840 441 921 496 Mltrz
941 439 983 496 12.
1475 443 1526 498 187

194 619 273 685 sisse
297 619 433 686 tibi...
455 621 656 687 meminimus
679 620 899 686 facultatem¹.
948 622 1014 687 Nos
1038 621 1199 706 igiturex
1226 642 1274 703 e0,
1299 621 1384 705 qnod
1409 624 1525 688 consti·

194 731 280 791 tutus
303 727 336 790 in
359 726 542 793 sacerdotio
571 748 633 793 nou
658 727 769 794 existis
793 747 852 793 nee
876 747 989 794 munus
1013 733 1067 794 tue
1090 728 1341 795 consecrationis
1365 731 1525 816 receperis

192 851 253 896 nec
276 832 374 899 fueris
398 833 497 918 pallio
519 883 526 898 .
546 885 553 899 .
572 884 579 900 .
601 834 781 917 decoratus,
813 834 875 919 [ne]
900 835 987 900 circa
1011 834 1189 920 predictam
1214 835 1524 902 administrationem

194 939 252 1005 tibi
275 941 376 1024 possit
400 941 522 1024 aliquid
546 962 604 1026 per
627 961 843 1024 quascumque
867 941 953 1020 obici
977 943 1029 1008 vel
1052 943 1181 1028 opponi,
1205 949 1241 1008 nt
1263 995 1270 1010 .
1289 994 1296 1008 .
1316 994 1322 1008 .
1345 942 1523 1029 predictam

192 1047 499 1115 administrationem
533 1051 565 1114 in
598 1049 816 1135 spiritualibus
847 1057 879 1116 et
912 1050 1142 1135 temporalibus
1171 1051 1269 1117 etiam
1296 1051 1329 1115 in
1354 1050 1426 1133 hiis,
1463 1070 1524 1133 que

192 1157 360 1238 negocium
396 1156 563 1222 electionis
598 1158 683 1241 regis
726 1157 942 1222 Romanorum
981 1157 1014 1221 in
1051 1158 1277 1243 imperatorem
1316 1157 1524 1242 promovendi

192 1280 319 1344 quoque
343 1261 438 1328 modo
462 1264 648 1348 contingere
672 1263 890 1346 dinoscuntur,
915 1283 1027 1348 gerere
1051 1265 1162 1331 valeas
1184 1314 1191 1329 .
1210 1313 1242 1330 ..
1268 1264 1341 1347 illis,
1367 1285 1429 1348 quc
1452 1270 1526 1330 snut

192 1368 323 1448 ordinis,
357 1369 526 1436 dumtaxat
555 1370 710 1456 exceptis,
744 1391 805 1454 qne
829 1392 885 1456 per
909 1372 1084 1436 antistitem
1108 1371 1303 1456 ...possis
1338 1391 1410 1437 cum
1433 1391 1525 1456 opor-

192 1485 302 1541 tunum
326 1477 481 1555 extiterit,
516 1498 676 1560 exercere,
710 1476 995 1563 auctoritatessnbi
1024 1480 1220 1564 presentium
1244 1478 1524 1562 indulgemus...

193 1583 266 1649 Dat
293 1584 387 1652 Avin.
404 1585 437 1649 ll
461 1584 534 1651 idus
557 1586 698 1651 octobris
721 1606 750 1650 a.
776 1584 1014 1652 terciodecimo.

341 1709 413 1779 Rep.
433 1711 488 1763 115
503 1725 536 1778 p.
555 1710 575 1762 Ι
588 1707 612 1778 f.
631 1709 679 1764 82‘
696 1724 745 1764 nr.
764 1711 829 1764 484.

299 2015 532 2082 15881328
556 2017 695 2083 October
719 2019 770 2081 14.
795 2015 961 2104 Avipoon.
998 1962 1000 1965 ι

299 2176 459 2244 lohannes
474 2177 573 2242 XXII
597 2178 803 2262 Heydeurieo
820 2178 860 2243 de
877 2177 1022 2244 Essendc
1044 2178 1206 2263 preposito
1230 2177 1310 2243 eccl.
1327 2176 1360 2243 S.
1378 2176 1524 2243 Severini

192 2281 302 2348 (tolon.
327 2291 472 2350 reservat
495 2283 573 2350 eccl.
598 2284 777 2350 Bonnensis
801 2285 909 2352 Coton.
935 2283 1020 2351 dioc.
1054 2286 1286 2371 preposituram
1316 2304 1388 2350 cum
1415 2284 1525 2351 obedi·

192 2389 287 2456 antiis
322 2411 377 2456 seu
411 2392 564 2475 curtibus,
599 2411 679 2474 quas
708 2392 867 2458 Henricns
900 2392 1022 2457 clectus
1045 2392 1254 2476 Maguntinus
1285 2412 1369 2457 nunc
1402 2391 1525 2456 obtinet

191 2517 318 2582 queque
338 2498 372 2566 in
387 2500 533 2584 proximo
551 2519 667 2566 vacare
688 2506 858 2585 sperantur
874 2520 932 2584 per
944 2499 1077 2565 Henrici
1095 2499 1378 2566 consecrationem.
1401 2499 1523 2564 Tamen

191 2607 304 2691 vigore
329 2605 422 2673 huius
445 2606 551 2690 gratio
573 2606 808 2693 preposituram
833 2608 1034 2673 Bonnensem
1057 2613 1224 2674 assecutus
1240 2607 1367 2673 omnino
1384 2605 1525 2671 dimittat

191 2714 425 2799 preposituram
449 2715 482 2780 S.
500 2715 656 2783 Severini.

297 2821 410 2887 Matris
434 2821 571 2888 ecclesie
593 2821 798 2908 providentia
826 2871 833 2888 .
864 2871 871 2888 .
901 2871 908 2886 .
956 2824 1033 2888 Dat.
1058 2822 1153 2888 Avin.
1177 2823 1209 2888 II
1233 2821 1306 2888 idus
1329 2821 1470 2888 octobris
1494 2843 1523 2886 a.

191 2926 424 2994 tertiodecimo.

297 3036 335 3100 ln
359 3055 388 3101 e.
404 3057 446 3101 m.
471 3035 624 3123 episcopo
641 3036 900 3105 Padeburnensis
924 3045 957 3104 et
980 3037 1104 3104 decano
1129 3037 1390 3103 Monasteriensis
1406 3057 1445 3102 ac
1460 3058 1524 3101 ma·

190 3143 292 3226 gistro
316 3143 486 3210 Ambrosio
510 3142 550 3209 de
573 3143 771 3230 Lamayrola
795 3146 951 3210 canonico
975 3143 1146 3210 Mediolau.
1171 3144 1390 3210 ecclesiarum.

340 3269 413 3339 Rep.
433 3269 472 3323 90
489 3269 514 3340 f.
533 3270 594 3323 888
611 3284 659 3324 nr.
679 3269 765 3324 1922.

298 3547 420 3615 lust.
452 3549 539 3613 1328
563 3547 702 3614 October
728 3551 780 3615 15.
806 3547 971 3635 Anipnoo.

299 3689 471 3774 [Iohannes
495 3690 605 3776 XXII]
631 3691 771 3756 Henrico
795 3691 898 3757 electo
922 3691 1122 3775 Magantino.

299 3797 384 3863 Oura
406 3798 577 3883 pastorolis
600 3797 697 3863 officii
723 3847 730 3863 .
755 3846 761 3860 .
787 3848 794 3863 .
835 3798 963 3864 Dudum
989 3796 1147 3881 siquidem
1172 3795 1311 3865 ecclesie
1333 3798 1523 3882 Maguntina

189 3923 249 3989 per
272 3904 393 3970 obitum
416 3905 467 3971 bo.
492 3924 553 3970 me.
577 3905 699 3970 Mathia
716 3953 722 3968 .
742 3955 749 3970 .
767 3911 915 3990 vacante,
949 3925 1006 3972 nos
1031 3905 1135 3971 eidem
1160 3905 1306 3988 ecclesie,
1341 3904 1431 3970 cuius
1453 3925 1525 3991 pro·

190 4010 345 4076 visionem
374 4010 493 4078 dudum
524 4017 600 4077 aute
627 4012 728 4097 ipsius
751 4012 987 4098 archiepiscopi
1012 4013 1132 4077 obitum
1156 4011 1249 4077 uobis
1278 4061 1285 4076 .
1315 4062 1322 4078 .
1354 4063 1359 4075 .
1390 4032 1430 4077 ea
1453 4013 1524 4078 vice

190 4117 338 4183 duximus
360 4167 366 4182 .
385 4168 393 4183 .
411 4167 418 4182 .
435 4118 674 4204 reservandam,
702 4168 760 4184 ...
789 4117 831 4183 ad
856 4125 888 4184 te
911 4120 1109 4205 prepositum
1133 4118 1269 4185 ecclesie
1292 4119 1471 4185 Bonnensis
1489 4168 1523 4184 ..

189 4223 366 4309 dirigentes
389 4225 537 4291 intuitum
562 4225 678 4292 mentis
705 4232 823 4308 nostre,
857 4224 898 4290 de
926 4246 1064 4311 persona
1094 4232 1150 4290 tna
1172 4225 1323 4291 duximus
1346 4224 1448 4291 eidem
1474 4245 1524 4291 ec·

190 4332 286 4398 clesie
303 4380 310 4397 .
330 4381 362 4398 ..
385 4331 629 4418 providendum,
654 4341 685 4398 te
709 4333 755 4398 illi
779 4332 982 4419 proficientes
1004 4335 1037 4398 in
1061 4332 1337 4418 archiepiscopum
1361 4342 1394 4399 et
1418 4339 1523 4418 pasto·

189 4458 256 4504 rem
291 4440 415 4523 tibique
449 4439 534 4505 illius
567 4438 875 4506 administrationem
910 4441 944 4505 in
979 4440 1200 4525 spiritualibus
1232 4447 1264 4505 et
1294 4441 1523 4525 temporalibus

189 4547 333 4632 plenarie
358 4549 593 4614 committentes
620 4596 626 4611 .
654 4595 661 4610 .
691 4594 697 4608 .
738 4548 829 4614 Nos.
857 4597 864 4611 .
895 4597 902 4612 .
932 4555 967 4612 nt
991 4554 1035 4629 tn,
1061 4547 1116 4631 qni
1140 4547 1173 4612 iu
1197 4546 1388 4614 diaconatus
1411 4547 1523 4614 ordine

190 4655 382 4720 constitutus
402 4655 525 4737 existis,
550 4676 569 4719 a
586 4674 787 4739 quocumque
811 4655 957 4722 antistite
981 4655 1142 4721 catholico
1160 4703 1167 4717 .
1187 4705 1195 4721 .
1213 4705 1220 4720 .
1237 4654 1280 4721 ad
1295 4655 1525 4741 presbiteratus

290 4812 318 4880 1)
339 4812 424 4886 confi
443 4830 491 4870 ar.
511 4815 596 4869 ress.
