3642 5509
289 449 342 506 252
862 453 930 510 1329
948 452 1023 510 tuni
1042 452 1067 508 2.

289 631 437 698 duximus
466 631 716 720 dispensandum
746 635 870 721 ipsique
893 635 1034 702 Henrieo
1059 684 1067 701 .
1093 686 1100 700 .
1127 686 1133 700 .
1159 636 1282 703 fructus
1309 637 1485 704 remisimus
1508 657 1618 724 supra-

289 738 394 806 dictos
416 791 421 802 .
447 789 455 804 .
482 791 489 806 .
516 741 708 807 Discretioni
734 749 867 808 vestro.
894 793 901 808 .
927 792 934 807 .
959 741 1158 827 mandamus,
1184 745 1334 827 quatinus
1360 793 1368 810 .
1395 794 1403 810 .
1428 792 1435 806 .
1460 745 1621 831 prefatam

289 847 521 932 parrochialem
547 847 717 914 ecelesiam
741 850 773 914 in
798 849 913 916 Wanle
942 858 1073 936 propter
1099 851 1256 936 premissa
1279 859 1459 936 vacantem,
1493 851 1522 918 si
1545 858 1621 918 tem-

288 974 366 1039 pore
398 953 474 1020 date
507 955 700 1040 presentium
725 976 788 1022 nou
811 957 854 1024 sit
877 958 910 1022 in
934 977 974 1023 ea
997 957 1093 1023 alicui
1126 959 1220 1024 alteri
1253 959 1437 1044 specialiter
1463 959 1513 1025 ius
1546 978 1621 1044 quc·

288 1063 394 1142 situm,
430 1061 533 1128 cidem
559 1063 697 1129 Henrico
722 1064 772 1129 vel
802 1063 1000 1149 procuratori
1029 1085 1086 1130 sno
1114 1114 1121 1129 .
1152 1115 1159 1130 .
1190 1117 1197 1133 .
1227 1065 1372 1132 conferre
1394 1073 1427 1131 et
1454 1065 1621 1151 assignare

288 1172 406 1238 curctis
431 1220 438 1236 .
469 1221 475 1236 .
505 1221 512 1236 .
552 1173 628 1237 Dat.
647 1173 741 1238 Avin.
764 1174 829 1238 llll
852 1193 954 1241 nonas
978 1175 1056 1240 iunii
1080 1195 1110 1239 a.
1128 1172 1360 1242 tertiodecimo.

449 1297 521 1368 seq.
541 1296 581 1350 92
598 1297 622 1368 f.
643 1298 707 1352 186¹
725 1313 772 1352 nr.
793 1298 876 1352 3308.

392 1584 513 1653 1727.
548 1588 634 1652 1329
657 1589 744 1654 Just
767 1592 798 1653 2.
826 1587 992 1676 Avipoou.

395 1729 554 1797 lohannes
577 1731 677 1796 XXII
709 1733 849 1798 Hemioc
882 1731 1044 1815 qnondam
1068 1731 1194 1798 Alberti
1219 1729 1446 1797 Vertichmark
1475 1730 1516 1796 de
1541 1731 1621 1796 Dus·

289 1838 368 1921 borg
401 1837 524 1904 confert
557 1839 636 1904 eccl.
671 1839 703 1904 S.
729 1839 868 1906 Servatii
896 1839 1114 1905 Traiectensis
1144 1838 1245 1905 Leod.
1274 1838 1359 1904 dioc.
1388 1838 1620 1921 canonicatum,

287 1944 482 2030 prebendam
508 1965 583 2010 vere
613 1943 718 2011 eidem
749 1953 902 2027 reservat,
937 1967 1000 2012 non
1024 1947 1173 2012 obstante
1197 1944 1282 2028 quod
1307 1946 1336 2010 ci
1361 1943 1403 2009 dc
1425 1944 1621 2029 parrochiali

288 2052 425 2118 ecclesia
448 2051 489 2117 de
507 2053 621 2117 Wanle
645 2052 755 2124 Oolou·
781 2052 864 2119 dioc.
889 2052 986 2119 hodie
1010 2060 1059 2119 est
1082 2054 1243 2138 provisum
1267 2059 1323 2118 ant
1348 2052 1433 2134 quod
1457 2051 1619 2119 defectum

287 2160 407 2244 patitur
431 2160 584 2224 natalium
608 2157 776 2226 desoluto
800 2160 929 2244 genitus
953 2166 986 2225 ct
1009 2160 1125 2226 solnta.

394 2266 587 2331 Litterarum
609 2265 756 2350 scientia,
772 2267 838 2333 vite
854 2286 1031 2333 aemorum
1049 2319 1056 2336 .
1073 2319 1082 2335 .
1099 2317 1107 2333 .
1132 2269 1208 2333 Dat.
1225 2267 1320 2332 Avin.
1335 2267 1402 2332 1111
1417 2285 1519 2332 nonas
1541 2265 1620 2332 iunii

287 2393 316 2437 a.
342 2373 572 2439 tertiodecimo.

394 2480 433 2545 In
456 2500 483 2545 e.
502 2502 542 2546 m.
572 2480 695 2546 decano
720 2486 752 2545 et
775 2480 946 2548 scolastico
970 2481 1003 2548 S.
1028 2481 1184 2548 Gereonio
1207 2479 1407 2547 Coloniensis
1430 2501 1470 2546 ae
1493 2479 1621 2547 thesau-

287 2587 371 2652 rario
395 2586 589 2653 Turonensis
612 2588 828 2654 ecclesiarum.

448 2713 520 2782 Rep.
540 2711 580 2766 92
596 2711 621 2782 f.
639 2713 693 2767 187
711 2727 758 2766 or.
779 2713 862 2768 3309.

392 3014 531 3082 *1728
565 3019 651 3083 1328
675 3019 763 3084 Just
777 3019 810 3083 5.
839 3016 1004 3105 Aoiyuoo.

393 3158 552 3225 lohannes
569 3159 668 3224 XXII
696 3159 820 3225 decano
845 3160 924 3225 eccl.
949 3161 982 3225 S.
1008 3161 1140 3244 Georgii
1165 3160 1276 3226 Goion.
1301 3160 1444 3242 mandat,
1472 3160 1621 3243 quatinus

287 3286 336 3348 ea,
371 3286 433 3350 que
457 3265 497 3331 rie
522 3267 613 3332 bonis
644 3266 828 3332 monasterii
857 3267 894 3331 B.
920 3267 1021 3332 Marie
1045 3267 1239 3350 Magdalene
1263 3268 1374 3334 Goion.
1404 3266 1471 3332 ord.
1496 3267 1531 3332 S.
1554 3267 1619 3330 Au-

287 3373 407 3456 gustini
430 3392 488 3458 per
512 3373 734 3440 concessiones
750 3395 770 3438 a
788 3373 949 3458 priorissis
965 3380 997 3439 et
1021 3381 1179 3440 conventu
1203 3372 1283 3439 dicti
1307 3374 1492 3440 monasterii
1515 3372 1621 3438 factas

287 3480 427 3544 alienata
450 3479 608 3545 invenerit
632 3479 744 3546 illicite
764 3481 815 3546 vel
840 3480 1008 3561 distracto,
1031 3481 1074 3547 ad
1097 3483 1147 3547 ius
1170 3487 1203 3547 et
1225 3483 1453 3567 proprietatem
1478 3478 1620 3546 eiusdem

286 3585 431 3670 legitime
455 3607 608 3653 revocare
632 3595 792 3672 procuret.

394 3691 445 3758 Ad
469 3692 666 3759 audientiam
690 3700 832 3760 nostram
856 3696 1026 3780 pervenit.
1055 3746 1061 3760 .
1088 3745 1095 3760 .
1143 3697 1218 3762 Dat.
1243 3697 1338 3762 Avin.
1362 3715 1464 3761 nonas
1487 3696 1565 3760 iunii
1589 3716 1621 3780 p.

286 3820 317 3864 n.
342 3820 371 3865 a.
396 3799 628 3865 tertiodecimo.

450 3923 499 3978 Or.
519 3924 641 3978 mamm.
662 3940 730 3978 cum
749 3926 873 3993 plumbo
891 3927 982 3994 pond.
1021 3927 1084 3984 Sub
1100 3925 1185 3996 plica
1204 3927 1246 3981 ad
1265 3924 1404 3981 mulcta:
1442 3889 1601 4016 LJJOJUL

449 4065 487 4119 In
506 4064 589 4133 plica
608 4068 649 4122 ad
669 4067 782 4121 deutra
802 4067 834 4122 R.
850 4065 963 4138 Stephi.
983 4069 1020 4123 In
1034 4069 1143 4124 dorae:
1167 4033 1568 4159 1⁸⁰⁰bfiffsd21uffiggsliiff⁰ym⁶
1589 4099 1621 4108 ··

451 4173 645 4244 Duecetdorf.
665 4174 753 4230 Aret.
772 4188 834 4245 rep.
854 4174 952 4230 Marte
971 4177 1107 4245 Mcqclut.
1127 4174 1161 4231 in
1182 4176 1282 4231 Coton.
1301 4176 1467 4246 Naettrap.
1486 4192 1534 4230 nr.
1553 4176 1599 4231 23.

392 4472 514 4540 1729.
539 4475 625 4539 1329
648 4476 736 4541 Just
760 4477 791 4540 7.

394 4615 571 4683 Servioium
597 4617 693 4684 electi
717 4618 892 4704 Spyrcusis
915 4621 948 4684 in
972 4620 1153 4686 Alamania.

395 4722 524 4788 Eisdem
559 4745 642 4789 anno
677 4723 788 4809 [1329]
822 4725 889 4791 ind.
924 4726 1014 4810 [Xll]
1051 4725 1104 4791 dic
1139 4724 1214 4809 [VII
1239 4728 1365 4815 mensis
1383 4727 1473 4811 iunii}
1497 4727 1569 4793 looo
1593 4735 1626 4794 et

287 4831 423 4898 testibus
448 4834 607 4898 consuetis
631 4834 834 4918 presentibus
859 4833 1009 4900 dominus
1032 4835 1214 4902 Walramus
1238 4836 1361 4902 clectus
1385 4836 1558 4920 Spyrensis
1579 4855 1627 4901 re
