3642 5509
759 479 827 536 1329
846 481 1014 536 December
1032 481 1056 536 6.
1516 481 1568 538 296

233 658 340 727 scalco
370 659 412 726 de
435 659 586 745 Barbegb
616 661 786 728 scolastico
815 661 974 728 Bunnensi
1005 661 1147 747 mandat,
1177 664 1326 747 quatinus
1350 669 1470 729 eertum
1496 683 1567 729 ceu-

233 789 313 852 sum,
338 788 430 852 quem
455 769 598 834 nonnulli
623 769 830 835 ecclesiarum
854 768 970 855 prelati
991 777 1023 836 et
1044 770 1098 835 alii
1123 770 1233 836 clerici
1257 770 1417 836 seculares
1441 776 1473 835 ct
1496 771 1566 836 reli·

232 878 325 962 giesi,
358 879 553 943 monasteria
580 885 613 943 et
635 879 717 961 loca,
751 878 895 963 capitula
919 878 1057 962 collegia
1081 883 1114 944 et
1138 885 1323 960 conventus,
1358 886 1509 962 exempta
1532 885 1565 943 et

233 1005 296 1049 non
320 991 480 1070 exempta,
513 1005 636 1050 necnon
667 986 913 1052 communitates
943 986 1078 1051 barones
1109 985 1232 1051 nobiles
1261 993 1293 1050 et
1317 985 1379 1050 alie
1406 985 1567 1050 interioris

232 1098 335 1158 status
366 1112 511 1178 persone,
546 1094 790 1159 communitates
824 1114 951 1177 quoque
980 1114 1036 1160 seu
1065 1094 1289 1159 universitates
1319 1113 1376 1178 per
1402 1092 1565 1158 civitatem

232 1200 386 1266 diocesim
411 1206 442 1265 et
466 1202 664 1286 provinciam
682 1201 906 1268 Coloniensem
931 1202 1096 1268 constituti
1121 1201 1256 1266 eeclesia
1273 1200 1417 1266 Romane
1441 1200 1566 1265 solvere

234 1308 326 1374 annis
351 1307 487 1392 singulis
510 1315 658 1375 tenentur
680 1316 713 1374 et
736 1309 844 1395 plures
868 1329 909 1375 ex
934 1311 981 1375 eis
1004 1331 1024 1375 a
1047 1309 1151 1394 longis
1174 1315 1258 1374 retro
1284 1308 1479 1392 temporibus
1503 1327 1564 1372 non

233 1414 367 1483 solvisse
400 1416 559 1498 dicuntur,
596 1418 637 1482 ab
670 1436 708 1481 eo
742 1423 895 1502 tempore,
933 1436 995 1499 qno
1028 1417 1070 1483 ab
1103 1417 1171 1482 eius
1200 1416 1363 1482 solucione
1389 1421 1565 1498 cessarunt,

233 1542 358 1588 necnon
381 1529 414 1589 et
437 1524 643 1608 imposterum
666 1543 767 1605 nsque
791 1522 833 1588 ad
858 1523 1093 1608 beneplacitum
1127 1522 1304 1608 apostolice
1336 1521 1422 1588 sedis
1455 1529 1565 1606 petere

232 1630 363 1714 exigere
396 1636 428 1696 et
461 1631 604 1716 recipere
636 1637 758 1698 curent.
806 1630 910 1715 Super
942 1629 1077 1715 singulis
1106 1629 1316 1696 solutionibus
1352 1628 1415 1694 duo
1450 1629 1564 1694 confici

231 1737 409 1802 consimilia
441 1737 571 1822 publica
606 1737 817 1803 instrumenta
849 1738 982 1821 faciant,
1016 1757 1149 1821 quorum
1183 1736 1284 1802 altero
1308 1756 1407 1822 penes
1434 1735 1563 1802 eosdem

230 1844 391 1910 solventes
414 1844 545 1912 dimisso
562 1845 716 1928 reliquam
733 1845 773 1910 ad
793 1865 952 1911 cameram
969 1845 1178 1930 apostolicam
1195 1844 1321 1909 mittere
1344 1864 1407 1908 non
1424 1841 1562 1908 tardent.

337 1952 416 2017 Cum
438 1953 581 2016 nonnulli
605 1951 799 2017 ecclesiam.
826 2000 832 2013 .
862 2000 869 2016 .
918 1953 990 2016 Dat.
1016 1959 1171 2037 utsupra
1196 1954 1247 2032 (=
1265 1950 1360 2016 Aviu.
1386 1951 1465 2015 VllI
1490 1948 1563 2014 idus

230 2057 408 2124 decembris
431 2080 450 2124 a
475 2057 725 2141 quartodecimo.

389 2201 461 2270 Bag.
481 2202 537 2254 115
554 2215 585 2268 p.
606 2200 641 2253 H
658 2200 682 2269 f.
703 2200 768 2253 148‘
786 2215 833 2253 or.
854 2201 949 2267 1860,·
967 2201 1018 2255 Ita.
1040 2199 1117 2253 1233
1136 2215 1165 2253 ιι.
1185 2200 1212 2254 2.

336 2511 451 2578 1814.
487 2514 574 2577 1329
605 2513 784 2577 December
807 2516 838 2577 6.
863 2510 1028 2598 Aoiguoa.

335 2655 497 2722 lohannes
529 2657 628 2721 XXII
652 2655 834 2723 Henderico
859 2657 1021 2742 preposito
1045 2657 1078 2723 S.
1104 2657 1249 2723 Severini
1273 2655 1383 2722 Colon.
1408 2662 1442 2721 et
1457 2655 1561 2722 Gode-

229 2765 338 2830 scalco
373 2763 414 2828 de
450 2763 599 2848 Barbegh
635 2764 806 2830 scolastico
836 2765 1000 2830 Bonnensi
1025 2763 1174 2830 coneedit
1208 2763 1395 2830 facultatem
1430 2762 1561 2848 petendi

229 2870 382 2956 exigendi
411 2877 443 2937 et
466 2871 644 2957 recipiendi
667 2871 823 2956 subsidia,
856 2891 918 2954 que
949 2872 1099 2938 nonnulle
1126 2891 1262 2956 persone
1286 2871 1506 2938 ecclesiastice
1530 2876 1562 2936 et

228 2980 388 3045 seculares
420 2979 562 3044 civitatis
595 2977 733 3044 diocesis
769 2986 800 3043 et
829 2979 995 3064 provincie
1019 2978 1217 3045 coloniensis
1247 2979 1336 3062 nium
1361 2977 1403 3043 ad
1427 2979 1560 3043 Terram

229 3085 382 3151 Sanctam
415 3094 564 3170 gerentes
588 3085 770 3152 devotionis
794 3085 945 3151 affectum
969 3085 1003 3150 in
1027 3085 1169 3152 eiusdem
1193 3085 1293 3151 Terre
1317 3085 1436 3151 Sancte
1459 3083 1560 3150 subsi-

229 3191 317 3258 dium
342 3193 542 3277 legaverunt.
589 3193 703 3259 Omnia
726 3199 758 3258 et
779 3193 906 3276 singula
929 3192 1038 3276 legata
1062 3199 1094 3257 et
1117 3191 1260 3259 subsidia
1284 3190 1463 3257 huiusmodi
1489 3211 1559 3256 oon·

228 3299 370 3365 scribant
402 3300 639 3385 particulariter
671 3308 703 3365 et
736 3298 886 3364 distinete
920 3319 958 3364 ac
992 3319 1151 3365 cameram
1184 3299 1395 3384 apostolicam
1424 3297 1464 3363 de
1496 3297 1560 3362 illis

227 3405 365 3472 reddant
391 3409 553 3473 certiores.

335 3515 413 3580 Cum
437 3516 521 3581 sicut
543 3517 727 3600 accepimus
745 3565 751 3580 .
771 3564 804 3580 ..
838 3515 913 3580 Dat.
939 3521 974 3580 ut
997 3534 1094 3600 supra
1118 3519 1169 3596 (=
1187 3515 1282 3580 Avin.
1307 3513 1386 3578 Vlll
1410 3511 1482 3577 idus
1505 3510 1559 3577 de-

228 3622 364 3688 cembris
387 3643 417 3687 a.
443 3622 693 3704 quartodecimo.

397 3766 469 3835 Ray.
489 3767 607 3836 tropa.
627 3767 663 3820 ΙΙ
676 3766 701 3836 f.
718 3769 781 3821 148¹
799 3768 951 3822 ar.1862.

334 4081 450 4147 1815.
477 4083 563 4147 1329
587 4083 770 4149 December
794 4087 824 4148 7.
856 4083 1020 4170 Anigraoa.

333 4223 493 4290 Iohannes
516 4225 615 4290 XXII
640 4225 810 4291 vilmanno
834 4233 909 4293 nato
934 4226 1087 4293 Iohannis
1111 4224 1151 4291 de
1177 4225 1380 4293 Confluentis
1404 4223 1557 4288 canonico

226 4331 305 4395 eccl.
330 4332 363 4396 S.
385 4331 506 4396 Florini
531 4333 563 4396 iu
588 4331 788 4398 Continentia
812 4335 943 4399 Trevcr.
969 4333 1052 4402 dioc.
1078 4340 1221 4399 reservat
1244 4332 1433 4399 beneficium
1459 4331 1558 4397 ecclc·

225 4438 389 4504 siasticum
423 4459 494 4504 cum
529 4460 606 4505 cura
635 4441 686 4505 vel
719 4443 787 4508 sine
821 4463 897 4507 cura
926 4442 968 4508 ad
997 4441 1237 4528 dispositionem
1262 4441 1416 4527 prepositi
1441 4439 1556 4505 decani

226 4554 259 4611 et
292 4547 423 4631 capituli
455 4547 532 4612 eccl.
559 4547 592 4615 S.
618 4547 760 4615 Castoris
783 4550 816 4613 in
839 4549 1040 4615 confluentia
1065 4550 1196 4615 Trever.
1230 4549 1313 4614 dioc.
1349 4547 1559 4613 communiter

225 4654 276 4719 vel
306 4653 431 4721 divisim
463 4661 623 4739 spectans,
660 4656 749 4721 cuius
772 4656 907 4741 fructus,
942 4659 968 4722 si
1000 4664 1155 4740 curatum,
1180 4656 1306 4739 viginti,
1330 4655 1357 4722 si
1390 4675 1466 4720 vero
1489 4655 1557 4721 sine

226 4781 302 4826 cura
326 4761 434 4846 fuerit,
470 4761 650 4846 quindecim
685 4763 886 4829 marcharum
922 4763 1047 4850 argenti
1082 4785 1107 4828 s.
1136 4771 1159 4828 t.
1188 4763 1219 4829 d.
1249 4763 1389 4828 valorem
1418 4783 1555 4827 aunuum

225 4889 288 4935 non
313 4870 483 4956 excedunt,
516 4891 579 4938 non
612 4871 761 4937 obstante
785 4871 871 4954 quod
895 4871 937 4938 de
960 4872 1151 4939 canonicatu
1175 4879 1208 4938 et
1231 4869 1395 4956 prebenda
1419 4870 1498 4936 eccl.
1522 4867 1556 4934 S.
