3642 5509
766 425 834 486 1331
854 427 977 500 August
996 423 1039 484 30.
1509 424 1561 483 419

226 613 367 682 membro
401 613 535 682 notabili
559 621 591 680 te
615 614 676 680 sibi
710 618 840 679 auctore
873 609 1003 676 domiuo
1036 608 1220 694 presidente
1255 607 1423 693 plurimum
1454 608 1560 675 iocun-

227 724 351 808 damur,
385 725 538 789 nunciata
570 722 664 789 nobis
693 741 751 806 per
781 721 904 785 litteras
933 739 997 783 non
1021 717 1226 784 mediocriter
1250 715 1425 781 letabunda
1449 737 1562 782 couva-

228 832 382 898 lescentie
413 839 477 914 tue,
512 831 622 906 irater,
656 829 802 913 auspicia
829 847 867 893 co
891 827 1071 911 placentius
1100 824 1245 910 prolecto
1276 822 1465 907 audivimus,
1500 845 1562 908 quo

228 938 437 1025 displicentor
465 948 519 1004 tue
547 938 720 1003 fatalitatis
748 955 896 1000 occasum
926 932 1036 1019 procul
1061 932 1158 997 dubio
1182 930 1375 1013 audiremus,
1409 931 1451 996 ad
1474 937 1562 996 tuam

227 1047 375 1112 notitiam
400 1046 610 1132 proferentes,
642 1041 727 1126 quod
751 1049 827 1107 ante
851 1040 1067 1125 receptionem
1092 1039 1269 1104 litterarum
1294 1036 1474 1104 huiusmodi
1499 1060 1562 1104 ma·

228 1157 327 1220 iorem
351 1161 475 1239 partem
499 1151 736 1233 beneficiorum,
771 1149 812 1214 dc
841 1149 956 1232 quibus
986 1148 1106 1233 petiisti
1136 1167 1274 1232 pernes
1299 1147 1395 1212 certis
1419 1148 1563 1231 personis

229 1263 389 1348 expressis
417 1263 448 1325 in
473 1259 594 1326 eisdem
622 1259 739 1324 litteris
768 1255 941 1343 provideri,
975 1255 1239 1322 distribucramus
1263 1259 1317 1318 tuo
1341 1253 1458 1319 intuitu
1481 1255 1563 1319 inter
1670 1258 1674 1268 '

229 1369 397 1435 officialem
422 1374 455 1433 et
479 1367 633 1450 quosdam
658 1373 730 1431 tuos
754 1365 835 1429 alios
858 1365 1043 1430 servitores.
1090 1364 1166 1427 Dat.
1184 1362 1283 1426 Xllll
1307 1361 1351 1424 kl.
1373 1362 1563 1445 septembris

229 1497 259 1542 a.
285 1477 357 1541 XV.

390 1583 463 1653 Rep.
483 1580 577 1650 116Ῑ”Ι
597 1580 644 1634 80¹
663 1595 710 1634 nr.
731 1580 795 1632 374.

336 1870 464 1937 2066.
492 1873 578 1936 1331
604 1869 736 1957 Adparet
756 1871 811 1934 30.
840 1868 1003 1956 Aoipoon.

338 2015 498 2081 Iohannes
518 2014 618 2078 XXII
649 2011 800 2078 Bortoldo
825 2011 977 2077 Kirclrem
1002 2011 1127 2076 conlcrt
1151 2011 1229 2076 ecel.
1255 2011 1287 2077 S.
1313 2011 1464 2078 Arnualis
1487 2013 1563 2078 Met.
1632 2049 1637 2054 -

232 2122 316 2187 dioc.
342 2123 577 2203 canonicatum,
602 2119 797 2205 prebendam
815 2139 891 2184 vero
917 2118 1019 2184 eidem
1045 2127 1197 2202 reservat,
1223 2140 1287 2183 non
1311 2119 1459 2185 obstante
1479 2120 1564 2202 quod

232 2229 421 2296 beneficium
455 2227 708 2295 ecclesiasticum
743 2247 815 2291 cum
848 2247 925 2292 eura
958 2225 1009 2291 vel
1042 2225 1111 2291 siue
1144 2245 1221 2292 cura
1250 2225 1291 2291 ad
1322 2226 1564 2312 dispositionem
1591 2245 1596 2254 ·

232 2338 376 2422 episcopi
400 2345 432 2402 et
456 2336 589 2421 capituli
613 2335 765 2400 Metensis
793 2335 1002 2400 communiter
1026 2334 1078 2399 vel
1107 2332 1235 2399 divisim
1265 2335 1429 2419 pertinens
1453 2335 1564 2418 vigore

232 2445 408 2509 litterarum
433 2443 681 2529 apostolicarum
706 2447 868 2527 expectat.
1235 2498 1239 2506 .

339 2550 560 2635 Suffragantia
587 2549 647 2614 tibi
674 2550 821 2614 merita.
848 2598 888 2613 ..
948 2550 1023 2614 Dat.
1048 2549 1143 2612 Avin.
1168 2549 1217 2612 Ill
1246 2549 1290 2613 kl.
1320 2549 1511 2633 septembris
1534 2571 1564 2615 a.

232 2657 481 2741 quintodecimo.

338 2767 376 2830 ln
400 2786 428 2830 c.
445 2787 486 2831 m.
511 2765 641 2830 maioris
665 2770 698 2829 et
721 2764 755 2829 S.
779 2762 959 2828 Salvatoris
983 2763 1058 2827 Met.
1084 2762 1216 2828 decanis
1240 2783 1279 2827 ac
1303 2763 1474 2829 scolastico
1492 2765 1565 2829 Tul-

233 2874 330 2938 lensis
354 2873 572 2939 ecelesiarum.

381 3005 453 3074 Καρ.
474 3004 512 3057 97
529 3018 577 3055 ar.
597 3002 662 3055 764.

336 3275 466 3342 2067.
497 3276 581 3340 1331
606 3273 738 3361 Asperat
752 3275 807 3337 31.
833 3271 1027 3359 (Aoipnoa.)

339 3418 510 3504 [Iohannes
533 3418 643 3502 XXII]
666 3418 807 3483 Henrico
831 3416 1074 3502 archiepiscopo
1100 3418 1290 3483 Coloniensi.

340 3526 496 3591 Satistieri
526 3527 643 3591 mutuis
667 3526 833 3611 cupientes
856 3524 1028 3590 affectibus
1052 3523 1218 3609 diligentis
1243 3527 1363 3611 pariter
1387 3533 1419 3590 et
1442 3525 1565 3609 dilecti,

232 3640 341 3700 actore
368 3633 441 3716 deo,
474 3635 557 3699 sicut
585 3654 696 3718 nuper,
730 3646 764 3697 ut
792 3632 948 3718 eripimus,
983 3653 1167 3716 prosperum
1198 3641 1316 3698 statum
1341 3640 1428 3698 tuum
1457 3653 1566 3719 perce·

233 3743 345 3826 pimus,
370 3742 418 3807 sic
434 3747 467 3806 et
483 3747 624 3806 nostrum
642 3741 711 3821 tibi,
734 3741 846 3821 irater,
871 3748 906 3805 ut
923 3739 1042 3822 diligis,
1067 3740 1136 3805 iore
1159 3741 1349 3806 incolumem
1371 3742 1565 3825 intimamus,

232 3850 309 3915 licet
332 3847 504 3914 solicitudo
528 3847 663 3912 iniuncti
687 3847 780 3913 nobis
803 3847 900 3912 officii
925 3846 1078 3912 creditrix
1097 3848 1229 3913 arbitrio
1246 3849 1413 3913 exterioris
1430 3848 1567 3914 hominis

232 3958 278 4021 ita
301 3976 398 4043 parce
421 3954 599 4039 indulgeat,
623 3953 709 4036 quod
733 3953 819 4019 illam
844 3953 935 4036 quies
959 3953 1067 4036 aliqua
1091 3955 1146 4019 rix
1170 3955 1317 4020 alternat.
1366 3955 1440 4021 Dat.
1462 3956 1495 4020 ΙΙ
1519 3955 1565 4020 kl.

232 4064 424 4149 septembris
445 4085 474 4128 a.
500 4062 572 4129 XV.

382 4206 455 4276 Rep.
475 4206 528 4259 116
545 4204 570 4275 f.
590 4204 638 4258 80¹
655 4219 703 4258 nr.
723 4205 790 4259 376.

341 4461 471 4528 2068.
503 4465 589 4527 1331
614 4463 807 4547 September
830 4465 882 4526 24.
908 4461 1073 4549 Aoipaon.

338 4604 498 4672 Iohannes
523 4605 622 4669 XXII
655 4605 795 4670 Henrico
820 4603 861 4670 de
884 4604 1021 4670 stilre
1045 4604 1161 4670 rectori
1186 4603 1397 4689 parrochialis
1421 4604 1500 4670 eccl.
1525 4603 1566 4670 de

234 4711 428 4780 Godelshem
454 4712 564 4776 Colon.
589 4711 673 4778 dioc.
707 4719 850 4778 reservat
884 4711 1072 4777 beneficium
1102 4712 1356 4777 ecclesiasticum
1387 4731 1459 4777 cunr
1490 4731 1567 4778 cura

234 4822 285 4887 rel
310 4821 377 4885 sine
402 4840 479 4885 cura
503 4821 712 4886 communiter
729 4819 779 4884 vel
803 4819 932 4885 divisim
949 4819 990 4884 ad
1008 4813 1248 4903 dispositionem
1275 4813 1429 4905 propositi
1452 4817 1566 4888 decani
