3642 5509
782 412 852 468 1339
870 411 944 469 Juni
961 409 1004 468 22.

321 589 450 658 2666.
480 591 567 657 1339
591 593 679 659 Jttat‘
701 595 755 661 22.
780 591 948 681 Acipaoa.

324 735 520 801 Benedictus
544 736 610 802 XII
638 738 802 803 Walramo
830 737 1075 823 archiepiscopo
1100 738 1282 805 Coloniensi
1306 737 1451 818 mandat,
1477 757 1552 819 qua·

217 842 302 907 tinus
326 843 465 909 Henrieo
489 843 578 909 dicto
602 845 709 930 Beyer
732 846 889 911 canonico
914 846 992 911 eccl.
1017 845 1050 912 S.
1076 845 1238 913 cuniberti
1264 846 1375 911 Golon.
1406 865 1462 930 pro
1487 864 1551 928 quo

216 947 343 1013 notario
374 955 406 1014 et
433 953 608 1017 secretario
638 971 696 1018 auo
720 952 901 1018 Walramus
925 953 1130 1038 supplicavit,
1160 951 1330 1039 provideat
1360 952 1402 1017 de
1426 955 1552 1017 canoni·

217 1062 292 1120 catu
315 1056 393 1121 eccl.
419 1056 453 1122 S.
476 1057 580 1124 Cassii
605 1059 785 1125 Bunneusis
808 1059 918 1125 Colon.
945 1058 1029 1126 dioc.
1054 1061 1141 1126 etin
1166 1059 1279 1126 eadem
1304 1061 1383 1127 eccl.
1409 1065 1551 1124 reservet

217 1159 322 1227 eidem
345 1162 552 1247 prebendam,
577 1164 812 1228 nonobstante
836 1163 923 1246 quod
947 1163 1105 1231 Henricus
1127 1166 1160 1229 in
1185 1163 1273 1230 dicta
1297 1164 1376 1230 eccl.
1401 1163 1434 1228 S.
1457 1163 1551 1229 Cuni-

216 1266 298 1333 berti
322 1270 546 1336 canonicatum
570 1276 603 1335 et
625 1268 823 1354 prehendam
848 1271 982 1336 obtinet.

324 1376 465 1462 Dignum
490 1377 680 1442 arbitramur
705 1384 738 1442 et
762 1397 963 1462 congruum.
990 1427 997 1442 .
1026 1427 1033 1441 .
1080 1379 1155 1444 Dat.
1180 1376 1276 1446 Avin.
1301 1378 1332 1443 Χ
1357 1377 1401 1442 kl.
1427 1377 1496 1444 iulii
1519 1398 1551 1444 a

217 1489 341 1566 quarto.

376 1591 450 1662 Rep.
469 1592 523 1647 127
541 1607 589 1646 nr.
609 1592 670 1645 718.

318 1855 447 1921 2364.
473 1858 560 1921 1339
583 1857 670 1923 Juni
693 1860 747 1920 22.
772 1854 937 1944 Avipaoa.
967 1951 971 1958 ἡ

321 1997 517 2064 Benedictus
540 1999 606 2063 XII
633 1998 794 2064 Walramo
818 1999 1062 2085 archiepiscopo
1087 1999 1197 2066 Bolon.
1223 2000 1368 2080 mandat,
1399 2001 1550 2086 quatinus

216 2105 351 2172 Iohanni
375 2106 416 2171 de
439 2105 553 2172 Flacte
577 2106 694 2172 clerico
718 2107 829 2172 Colon.
855 2106 940 2174 dioc.
965 2107 1111 2173 conferat
1135 2109 1214 2175 eccl.
1240 2106 1281 2174 dc
1298 2108 1493 2175 Monasterio
1517 2111 1551 2174 in

215 2214 327 2299 Byssia
350 2212 460 2279 Bolon.
485 2213 570 2278 dioc.
595 2214 830 2296 canonicatum,
854 2214 1052 2300 prebendam
1077 2235 1153 2281 vero
1176 2214 1281 2281 eidem
1305 2223 1458 2282 reservet.

321 2321 465 2405 Dignum
488 2321 680 2387 arbitramur
703 2330 735 2388 et
759 2341 964 2405 congruum.
990 2374 998 2391 .
1026 2371 1033 2388 .
1080 2323 1155 2390 Dat.
1180 2324 1273 2388 Avin.
1298 2323 1331 2388 X
1354 2323 1398 2390 kl.
1422 2323 1492 2390 iulii
1515 2345 1547 2389 a.

215 2428 337 2512 quinto.

375 2518 447 2589 Beq.
467 2517 524 2572 127
541 2533 590 2571 nr.
610 2517 673 2572 779.

320 2785 448 2855 2366.
480 2791 566 2853 1339
590 2790 677 2855 Jaat
699 2790 754 2854 30.
779 2786 946 2876 Aoipaoa.

213 3057 275 3120 quc
291 3038 423 3123 prelatis
438 3057 562 3104 necnon
580 3038 731 3122 capitulis
743 3044 775 3103 et
789 3038 999 3105 conventibus
1012 3039 1221 3105 ecclesiarum
1233 3059 1272 3106 ac
1286 3041 1550 3107 monasteriorum

214 3151 246 3210 et
269 3143 405 3210 ducibus
420 3145 656 3210 marchionibus
680 3145 850 3211 comitibus
867 3165 906 3211 ac
931 3145 1113 3228 baronibus,
1138 3147 1401 3214 universitatibus
1424 3168 1550 3232 quoque

214 3258 246 3317 ct
271 3251 549 3318 communitatibus
573 3272 612 3318 ac
635 3251 771 3335 singulis
800 3255 943 3337 personis
967 3253 1134 3319 civitatum
1158 3260 1332 3320 castrorum
1362 3261 1394 3320 et
1416 3255 1549 3322 aliorum

213 3361 353 3425 locorum
378 3379 639 3442 quorumcunque
676 3358 816 3425 destinat
854 3360 989 3444 litteras,
1031 3360 1145 3444 quibus
1181 3381 1236 3427 eos
1264 3369 1368 3446 rogat,
1402 3363 1550 3444 quatinus

212 3465 345 3531 latorem
377 3468 571 3552 presentium
595 3467 767 3532 Henricum
798 3466 838 3532 de
862 3468 1036 3534 Tremonia
1066 3469 1197 3534 militem
1223 3469 1371 3535 nuncium
1395 3469 1549 3535 Walrami

212 3574 446 3660 archiepiscopi
460 3574 658 3640 coloniensis
681 3575 724 3640 ad
749 3575 870 3641 curiam
893 3595 951 3661 pro
975 3575 1072 3642 certis
1088 3577 1188 3660 ipsius
1203 3575 1437 3662 archicpiscopi
1454 3597 1549 3662 nego·

212 3682 265 3746 tiis
297 3680 501 3764 destinatum,
538 3679 581 3746 ad
613 3683 716 3766 ipsum
752 3681 1028 3768 archiepiscopum
1064 3683 1301 3768 presentialiter
1334 3691 1549 3750 revertentem

212 3808 283 3853 cum
308 3788 520 3855 familiaribus
543 3788 734 3871 equitaturis
757 3789 848 3856 bonis
870 3797 903 3854 et
926 3790 1020 3856 rebus
1044 3810 1152 3856 eorum
1176 3791 1297 3873 absque
1321 3789 1548 3875 impedimento

211 3895 319 3978 aliquo
343 3894 479 3962 transire
496 3916 554 3981 per
570 3903 673 3962 terras
688 3915 763 3963 suas
779 3897 967 3982 permittant
990 3897 1172 3980 nullamque
1196 3897 1315 3964 eisdem
1332 3898 1549 3964 turbationem

102 4059 106 4064 .
211 4022 267 4068 scu
295 4002 474 4069 molestiam
498 4003 650 4087 inierant,
674 4004 814 4086 quinimo
838 4004 978 4070 Henrioo
1003 4003 1043 4070 de
1076 4024 1188 4070 securo
1213 4005 1383 4088 conductu,
1417 4006 1444 4071 si
1468 4025 1549 4091 opus

211 4109 310 4175 tuerit
332 4117 365 4176 et
389 4111 581 4193 requisierit,
605 4110 781 4177 liberaliter
804 4109 1006 4196 provideant.

319 4217 399 4282 Cum
422 4215 562 4283 dilectus
585 4216 697 4283 filius.
717 4266 750 4283 ..
797 4219 873 4284 Dat.
897 4217 992 4284 Avin.
1019 4220 1056 4283 11
1084 4218 1128 4284 kl.
1152 4218 1220 4285 iulii
1244 4239 1272 4285 a.
1295 4219 1417 4302 quinto.

370 4350 443 4418 Bep.
464 4350 518 4403 127
536 4365 584 4403 ar.
604 4349 748 4415 8405132.
768 4349 852 4406 2046.

314 4559 443 4626 2666.
471 4562 558 4625 1339
581 4561 658 4627 Jctt
677 4565 706 4626 1.
734 4561 901 4649 Aoipaoa.

317 4685 513 4751 Benedictus
535 4685 602 4751 XII
624 4686 795 4753 abbatibus
818 4686 852 4751 S.
876 4684 987 4770 Bgidii
1011 4686 1053 4752 de
1077 4686 1318 4753 Publicomoute
1342 4708 1442 4775 propa
1468 4690 1547 4756 Leo-

210 4791 297 4858 dium
324 4798 356 4857 et
379 4793 411 4856 in
441 4791 694 4879 Grutneliughcu
726 4801 818 4859 entra
850 4813 958 4860 muros
990 4795 1251 4861 constantienses
1284 4799 1546 4864 monasteriorum
