3642 5509
784 491 853 545 1329
871 489 990 546 Januar
1009 489 1052 544 tt.
1513 487 1567 544 trs

234 670 456 737 canonicatum
491 679 523 736 et
556 671 750 756 prebendam
784 672 908 737 obtinet
933 678 966 737 et
988 673 1022 737 in
1047 671 1287 736 llonasteriensi
1319 672 1398 737 eccl.
1429 671 1488 737 sub
1512 691 1566 736 ex-

233 779 416 862 pectatione
440 779 603 864 prebende
628 801 666 843 ac
691 779 861 862 dignitatis
885 780 936 844 vel
960 785 1150 864 personatus
1173 798 1229 844 seu
1253 778 1349 844 officii
1374 780 1567 844 auctoritate

232 885 410 970 apostolica
433 887 464 950 in
490 885 678 951 canonicum
703 895 752 951 est
775 893 933 970 receptus.

339 993 501 1060 Nobilitas
524 992 662 1078 generis,
687 993 863 1058 litterarum
888 993 1024 1058 scientia
1053 1041 1060 1056 .
1086 1043 1093 1056 .
1120 1041 1126 1055 .
1182 993 1256 1056 Dat.
1280 991 1375 1056 Avin.
1401 992 1497 1056 Vllll
1521 991 1566 1056 kt.

233 1100 385 1164 februarii
411 1121 440 1165 a.
465 1099 703 1164 terciodecimo.

340 1209 377 1272 ln
401 1227 429 1272 e.
454 1229 495 1272 m.
524 1207 556 1272 S.
585 1208 790 1274 Pantaleonis
813 1215 846 1272 et
870 1208 903 1273 S.
929 1208 1059 1273 Martini
1084 1206 1195 1274 Colon.
1225 1209 1488 1274 monasteriorum
1512 1207 1567 1272 ab·

234 1311 360 1381 batibus
383 1335 423 1380 ao
447 1314 675 1382 archidiacono
699 1315 907 1383 Nannetensi.

393 1439 465 1508 Ray.
485 1439 524 1493 90
542 1439 565 1509 f.
581 1439 647 1494 259
666 1439 818 1493 rrr.1693.

337 1727 456 1792 1624.
495 1729 582 1792 1329
605 1729 744 1793 Jaaoar
768 1730 821 1792 24.
847 1727 1012 1814 Aoiprroo.

340 1869 498 1935 lohannes
534 1870 632 1934 XXll
668 1877 798 1954 petente
833 1870 991 1934 Willelmo
1027 1871 1143 1935 comite
1179 1869 1382 1952 luliacensis‚
1418 1866 1567 1934 concedit

232 1975 474 2061 archiepiscopo
508 1975 689 2043 Coloniensi
723 1977 909 2043 facultatem
944 1976 1131 2042 absolvendi
1165 1977 1300 2058 triginta
1332 1977 1443 2061 laycos
1478 1975 1566 2040 dum·

234 2090 326 2148 taxat
359 2083 400 2149 de
433 2087 576 2169 personis
611 2086 746 2166 comitis,
780 2085 834 2167 qui
859 2085 1025 2150 Ludorico
1050 2085 1177 2148 Bavaro
1207 2083 1401 2148 adheserant
1425 2101 1567 2165 quosque

232 2191 301 2275 ipse
325 2211 432 2257 comes
457 2193 486 2256 ei
503 2190 631 2257 duxerit
650 2191 873 2272 nominandos,
893 2193 920 2256 si
939 2190 1099 2256 humiliter
1118 2191 1279 2276 petierint,
1296 2191 1337 2255 ab
1354 2188 1567 2255 excommuni-

233 2299 360 2364 catione
384 2306 417 2364 et
440 2299 512 2364 aliis
536 2299 708 2364 sentenciis
737 2309 833 2382 atque
858 2299 950 2384 penis
978 2299 1010 2362 in
1040 2298 1243 2383 processibus
1274 2305 1385 2362 contra
1409 2297 1567 2362 Bararum

233 2407 402 2472 contentis.

339 2513 390 2578 Ex
415 2523 525 2579 tenore
548 2513 713 2599 petitionis
741 2564 748 2580 .
775 2563 782 2578 .
809 2564 816 2578 .
864 2513 940 2581 Dat.
965 2513 1060 2578 Avin.
1085 2513 1183 2578 Vllll
1208 2512 1252 2578 kl.
1276 2511 1429 2576 februarii
1453 2531 1482 2575 a.
1507 2516 1568 2576 ter·

233 2619 421 2686 ciodecimo.

381 2755 454 2822 Ray.
475 2755 514 2808 90
536 2754 560 2824 f.
579 2754 646 2809 2581
664 2771 712 2808 nr.
733 2755 815 2810 1689.

338 3025 458 3092 1625.
489 3029 576 3091 1329
599 3028 738 3093 Janoar
761 3029 814 3092 24.
843 3025 1008 3114 Aoiqrroa.

339 3168 498 3234 Iohannes
522 3169 620 3234 XXII
653 3170 804 3255 episcopo
828 3168 1001 3235 Leodiensi
1026 3174 1158 3254 petente
1183 3167 1352 3233 Wilhelmo
1377 3168 1494 3232 comite
1518 3168 1568 3231 lu·

232 3275 363 3341 liacensi
388 3275 531 3358 mandat,
556 3279 706 3360 quatinus
730 3275 894 3362 dispenset
918 3296 990 3342 oum
1013 3276 1117 3340 tribus
1140 3275 1318 3339 scolaribus
1342 3276 1374 3339 in
1394 3273 1568 3339 minoribus

233 3381 400 3448 ordinibus
424 3385 607 3450 constitutis
631 3383 791 3450 defectum
817 3385 971 3449 natalium
996 3383 1036 3448 de
1061 3383 1165 3448 soluto
1191 3389 1223 3446 et
1246 3380 1352 3446 soluta
1372 3381 1490 3464 genitis
1513 3402 1568 3465 pa·

233 3489 394 3572 tientibus,
432 3510 511 3572 quos
543 3490 628 3556 idem
663 3511 769 3558 comes
793 3491 823 3557 ei
847 3489 975 3556 drrxerit
998 3488 1218 3570 nominandos,
1255 3487 1341 3571 quod
1374 3489 1497 3572 possint
1525 3487 1567 3553 ad

233 3616 342 3662 omnes
365 3596 495 3664 ordines
519 3599 698 3683 promoveri
722 3606 754 3664 et
778 3619 885 3665 eorum
911 3598 1046 3681 quilibet
1070 3596 1133 3663 duo
1158 3595 1315 3661 beneficia
1335 3596 1568 3678 ecclesiastica,

233 3705 330 3769 etiam
354 3705 380 3769 si
405 3724 513 3770 eorum
538 3705 674 3771 alterum
698 3705 840 3790 dignitas
864 3705 916 3770 vel
939 3712 1130 3790 personatus
1153 3722 1209 3770 seu
1233 3702 1372 3770 officium
1396 3702 1516 3768 existat
1536 3708 1569 3767 et

233 3829 341 3877 curam
367 3810 486 3878 habeat
509 3813 696 3894 animarum,
721 3813 808 3878 licite
833 3813 988 3878 obtinere.

339 3919 493 3984 Provenit
516 3940 557 3985 ex
581 3920 761 3986 devotionis
784 3919 908 3986 meritis
926 3969 933 3984 .
953 3965 984 3984 ..
1011 3918 1087 3984 Dat.
1112 3919 1206 3984 Avin.
1223 3918 1320 3983 VIIII
1344 3917 1389 3981 kl.
1414 3917 1569 3983 februarii

232 4044 262 4090 a.
288 4026 525 4094 terciodecimo.

384 4151 457 4223 Ray.
477 4152 517 4207 90
533 4152 558 4223 s.
577 4153 646 4207 268‘
663 4168 712 4207 nr.
732 4153 824 4218 1690‚·
845 4152 897 4208 Ra.
918 4151 1000 4207 1127.

340 4409 452 4477 1626
482 4413 569 4476 1329
592 4413 731 4477 Jaauar
753 4413 806 4475 24.
831 4409 997 4497 Aoiqrrorr.

342 4552 499 4620 lohannes
524 4553 623 4618 XXII
656 4553 688 4618 S.
715 4553 854 4620 Cornelii
885 4553 1032 4619 ludensis
1061 4553 1171 4620 Oolon.
1202 4551 1284 4619 dioc.
1315 4561 1348 4618 et
1378 4554 1412 4618 S.
1438 4553 1567 4620 Martini

232 4659 432 4726 Coloniensis
454 4662 719 4728 monasteriorum
745 4661 917 4728 abbatibus
940 4681 980 4726 ac
1004 4660 1234 4727 archidiacono
1259 4663 1455 4728 Nannetensi
1480 4683 1567 4728 man-

233 4767 300 4844 dat,
335 4769 484 4851 quatinus
507 4768 711 4834 Tilmannum
744 4775 853 4834 natum
878 4769 1002 4852 Ungari
1027 4767 1068 4834 de
1092 4767 1254 4853 Nidecgin
1279 4768 1430 4835 clericum
1454 4767 1565 4834 Goion.

232 4875 317 4940 dioc.
352 4877 533 4960 cupientem
568 4877 600 4940 in
635 4877 825 4944 monasterio
856 4875 889 4941 S.
914 4876 1123 4942 Pantaleonis
1147 4876 1256 4942 Coloo.
1281 4875 1350 4941 ord.
1384 4875 1418 4942 S.
1444 4873 1566 4942 Βοηοᾱ.
