3642 5509
747 437 817 496 1327
836 436 1013 510 September
1032 436 1075 493 30.
1526 436 1560 491 'll

224 622 360 705 sibique,
396 619 482 704 quod
514 619 634 685 dietam
664 618 897 685 thesaurariam
926 639 990 683 unu
1014 639 1084 684 cum
1108 618 1195 683 dicto
1220 619 1409 683 canonicatu
1433 623 1465 681 et
1489 636 1557 701 prc-

226 726 333 793 benda
358 728 448 792 licite
473 727 580 791 valeat
610 727 747 791 retinere
864 724 1042 791 concedere
1071 745 1334 790 curaremus...
1366 724 1557 789 Discretioni

226 841 333 902 vestre
450 833 677 898 committimus
706 841 740 898 et
769 830 967 915 mandamus,
993 832 1151 914 quatinus
1270 833 1295 897 si
1321 832 1448 913 estiis,
1474 828 1559 913 qaod

226 941 315 1007 dicta
347 940 510 1007 thesauris
543 938 764 1024 principaliter
799 959 908 1004 curam
939 958 1002 1003 non
1032 938 1160 1015 habeat,
1195 938 1251 1003 sed
1276 936 1487 1022 parrochialis
1511 956 1561 1001 ec·

226 1049 327 1114 clesia
350 1048 380 1113 ei
409 1047 535 1112 ...sit
558 1066 695 1129 annexa,
720 1066 844 1111 omnem
868 1047 900 1110 in
925 1044 1104 1111 habilitatis
1128 1045 1285 1111 maculam
1313 1094 1372 1111 ...
1398 1044 1562 1109 abolentes

228 1205 236 1222 .
255 1203 263 1220 .
280 1204 290 1221 .
306 1154 438 1238 sibique
454 1154 577 1219 fruetus
594 1153 780 1218 remitentes
798 1203 805 1217 .
824 1202 831 1217 .
849 1203 857 1217 .
875 1151 1068 1235 decernatis,
1092 1151 1178 1234 quod
1194 1150 1313 1217 dietam
1330 1151 1561 1217 thesaurariam
1643 1208 1645 1212 ,

226 1283 291 1328 una
315 1282 388 1327 eum
411 1261 508 1326 dictis
531 1260 725 1325 canonicatu
749 1266 782 1325 et
804 1258 969 1344 prebenda
993 1259 1082 1325 licite
1106 1259 1214 1325 valeat
1237 1259 1450 1325 retinere...
1485 1257 1561 1322 Dat.

226 1370 322 1437 Avin.
347 1369 381 1433 ΙΙ
404 1367 449 1433 hl.
474 1366 615 1433 octobris
639 1386 668 1431 a.
692 1364 896 1433 duodecimo.

391 1509 465 1579 Rep.
484 1510 523 1562 86
538 1506 565 1578 f.
582 1508 623 1561 63
640 1524 688 1562 ur.
709 1510 772 1562 168.

335 1805 456 1872 lavo.
486 1808 572 1872 1327
596 1806 791 1891 September
812 1808 867 1872 30.
892 1804 1057 1893 Avipuoa.

333 1948 493 2015 Iohannes
517 1948 615 2013 XXll
653 1948 825 2033 Raynardo
862 1948 903 2013 de
939 1948 1145 2032 Hugilhoven
1180 1946 1380 2014 thesaurario
1415 1946 1493 2013 eccl.
1528 1946 1561 2012 S.

229 2056 375 2121 Severini
399 2055 510 2121 Color.
534 2061 678 2121 reservat
702 2056 781 2121 eccl.
807 2056 989 2121 Bremensis
1013 2056 1236 2123 canonicatum
1253 2063 1286 2119 et
1305 2052 1502 2140 prebendam
1524 2074 1564 2119 ac

229 2161 526 2228 archidiaconatum
560 2162 746 2246 Rustringie
778 2164 810 2228 in
844 2162 959 2228 eadem
992 2163 1082 2245 eccl,
1119 2182 1199 2244 quos
1222 2161 1410 2228 Boehardus
1442 2161 1564 2228 electus

229 2270 412 2335 Bremensis
441 2270 566 2336 obtinet
599 2269 717 2352 quique
748 2289 806 2355 per
829 2270 974 2335 eiusdem
998 2270 1271 2335 consecrationem
1297 2288 1413 2334 vacare
1436 2286 1565 2353 speran-

229 2383 291 2459 tnr,
314 2396 378 2441 non
401 2375 549 2442 obstante
573 2374 660 2459 quod
683 2378 716 2442 in
739 2376 818 2443 eccl.
841 2377 875 2442 S.
892 2377 1039 2444 Severini
1057 2376 1167 2443 Colon.
1193 2377 1415 2442 canonicatum
1440 2381 1472 2439 et
1496 2394 1564 2459 pre·

229 2482 369 2549 bendum
393 2503 432 2548 ac
456 2482 699 2566 thesaurariam,
725 2503 786 2566 qne
809 2503 868 2549 nec
885 2483 1028 2567 dignitas
1052 2504 1111 2548 nec
1134 2490 1323 2569 personatus
1346 2481 1404 2548 sed
1427 2482 1564 2567 simplex

230 2589 370 2655 officium
387 2590 507 2671 existit,
532 2588 609 2656 licet
625 2590 656 2656 ei
672 2589 811 2673 quedam
834 2589 1045 2676 parrochialis
1069 2591 1208 2655 ecelesia
1231 2591 1272 2655 sit
1296 2589 1409 2672 unitat,
1431 2588 1564 2655 obtinet.

335 2696 511 2762 Probitatis
543 2704 597 2762 tue
629 2698 743 2763 merita
772 2746 779 2761 .
810 2746 817 2763 .
847 2747 854 2762 .
901 2698 979 2763 Dat.
1003 2698 1099 2763 Avin.
1122 2698 1155 2762 ll
1185 2697 1230 2761 kl.
1261 2696 1401 2763 octobris
1429 2716 1458 2761 a.
1490 2694 1566 2760 duo·

233 2802 367 2870 decimo.

338 2910 376 2975 In
400 2930 429 2975 e.
446 2933 487 2976 m.
513 2910 636 2977 decano
653 2912 688 2978 S.
705 2911 836 2996 Georgii
862 2911 972 2977 Colon.
998 2917 1031 2979 et
1053 2913 1217 2998 preposito
1235 2910 1360 2977 Veteris
1380 2910 1565 2975 Monasterii

231 3037 271 3083 ac
303 3018 456 3100 magistro
489 3018 659 3084 Ambrosio
693 3015 734 3083 de
766 3017 963 3103 Lamayrola
996 3018 1151 3083 canonico
1185 3014 1434 3083 Mediolanensis
1466 3016 1567 3081 eccle·

231 3144 360 3191 siarum.

397 3248 470 3319 Περ.
489 3250 528 3303 86
544 3248 569 3318 f.
588 3249 655 3304 201¹
673 3266 720 3303 nr.
741 3251 824 3303 1534.

337 3535 453 3603 1291.
481 3539 566 3602 1327
591 3536 733 3602 October
758 3536 787 3600 l.
812 3533 978 3621 Avipaou.

341 3696 511 3761 Iohannes
535 3695 646 3759 XXII
671 3696 758 3759 cives
781 3694 1003 3779 Mupuutinos
1025 3693 1192 3776 hortator,
1225 3695 1386 3778 qoutiuua
1409 3695 1567 3760 studeant

233 3804 397 3868 amotioui
422 3803 563 3889 pedapii
593 3824 615 3866 o
642 3802 811 3867 Ludovico
841 3802 882 3866 de
907 3802 1061 3866 Bovario
1084 3802 1179 3885 opud
1206 3799 1297 3867 Caulo
1321 3804 1470 3887 impositi
1501 3822 1569 3865 om·

235 3911 332 3975 aibas
357 3910 621 3975 transeuntibus.

339 4050 511 4135 [lohannes
530 4049 641 4134 XXll]
675 4051 865 4132 consulibus,
890 4048 1032 4116 scabinis
1057 4057 1089 4114 et
1112 4049 1314 4116 universitati
1339 4050 1480 4117 civitatis
1503 4050 1569 4116 hla-

235 4160 378 4241 guntine.

341 4264 533 4333 Advertisse
558 4287 614 4332 vos
638 4265 806 4350 eredimus,
836 4265 903 4346 filii,
934 4265 1020 4349 quod
1046 4267 1094 4331 vir
1117 4266 1170 4332 ille
1194 4264 1381 4331 Ludovicus
1404 4266 1478 4330 olim
1503 4264 1568 4330 dux

236 4372 373 4437 Bavarie
398 4372 450 4437 dei
469 4380 501 4438 et
517 4374 654 4438 ecclesie
678 4372 842 4457 tildeique]
866 4373 1027 4439 catholice
1051 4374 1239 4439 manifestus
1263 4373 1391 4438 rebellis
1414 4380 1446 4437 et
1470 4371 1571 4439 hostis

236 4478 436 4564 [horrlendos
468 4500 619 4546 excessus
652 4481 682 4544 in
716 4499 772 4544 sne
802 4480 1040 4565 dampnationis
1064 4479 1246 4564 [cumullum
1271 4480 1485 4565 multiplicare
1509 4500 1571 4545 non

236 4606 366 4651 cessans
389 4607 504 4651 novam
529 4594 562 4652 et
585 4586 768 4670 [insolitam
792 4586 924 4670 pedagii
949 4588 1150 4652 exactionem
1174 4589 1205 4651 in
1231 4594 1336 4652 castro
1358 4585 1399 4651 de
1415 4584 1522 4671 Kli[ve
1539 4593 1571 4651 et

237 4691 316 4776 eins]
348 4692 732 4785 districtuTreverensis
765 4692 904 4758 diocesis
937 4693 969 4758 in
1000 4714 1150 4778 magnam
1175 4692 1243 4778 [rei]
1267 4694 1395 4779 publice
1419 4694 1571 4761 lesionem

237 4818 275 4865 ae
297 4797 438 4864 tideliuru
468 4819 577 4865 earum
607 4799 768 4886 parltium]
799 4800 969 4865 maximum
1001 4800 1225 4867 detrimentum
1256 4801 1408 4867 inducere
1435 4820 1490 4867 seu
1515 4802 1570 4867 im·
