3642 5509
736 451 812 512 last
824 453 995 513 December
1013 454 1039 511 3.
1497 454 1532 511 91

197 632 274 720 luta,
299 655 395 721 super
418 655 490 719 quo,
521 635 606 702 sieut
628 637 756 718 asseris,
781 635 842 702 fuit
866 642 972 701 tecum
995 636 1076 701 alias
1099 637 1132 701 in
1155 636 1260 701 forma
1283 642 1372 701 certa
1396 637 1533 701 aucteri-

197 748 264 808 tate
287 744 467 827 apostolica
489 742 721 827 dispensatum,
736 792 744 808 .
762 792 769 807 .
788 791 796 804 .
814 762 1017 826 nequaquam
1042 742 1251 825 obstantibus,
1276 748 1401 807 tecum.
1420 793 1427 808 .
1446 790 1454 807 .
1471 741 1533 807 dis

197 868 368 933 pensamus
402 869 442 915 ac
475 850 599 916 fructus
717 857 889 935 perceptos
923 850 982 915 tibi
1015 850 1205 916 remittimus
1229 856 1262 915 et
1294 847 1449 915 donamus
1468 898 1476 914 .
1498 898 1532 913 ..

198 956 273 1021 Dat.
297 957 393 1022 Avin.
418 956 463 1020 kl.
488 954 670 1023 decembris
694 977 723 1021 a.
748 954 951 1022 duodecime.

358 1075 432 1145 Bep.
450 1078 488 1130 85
505 1074 529 1145 f.
549 1076 606 1130 193
623 1091 671 1130 nr.
691 1076 755 1129 541.

308 1359 429 1428 1342.
453 1364 540 1429 1327
568 1363 753 1429 December
771 1365 803 1429 3.
832 1361 999 1449 Aoiqaoo.

305 1503 466 1569 Iohannes
481 1503 581 1569 XXII
607 1504 768 1570 Willelme
790 1504 831 1571 de
847 1505 1087 1591 Vrimersheym
1104 1506 1222 1572 clerico
1234 1505 1433 1573 deleniendis
1449 1505 1533 1574 dioc.

306 1610 429 1676 Meritis
451 1620 506 1676 tue
530 1612 778 1695 probitatis...
801 1612 888 1677 Sane
910 1612 1026 1696 petitio
1051 1633 1110 1697 pro
1133 1619 1226 1698 parte
1249 1620 1306 1678 tua
1327 1614 1420 1679 nobis
1444 1612 1533 1678 exhi*

198 1716 267 1783 bita
290 1716 485 1800 continebat,
519 1716 605 1801 qued
638 1725 673 1783 tu
706 1718 781 1784 olim
809 1720 913 1784 minor
942 1720 1034 1784 annis
1061 1720 1201 1785 existens
1225 1718 1457 1804 parrochialem
1481 1738 1533 1785 ec·

199 1823 331 1889 alesiam
354 1825 388 1889 in
405 1824 559 1889 Boichem
576 1824 687 1890 Gelon.
712 1824 808 1906 dioc,
833 1825 916 1890 alias
940 1830 1048 1890 tamen
1065 1826 1229 1905 canonice,
1253 1833 1420 1892 assecutus
1444 1825 1533 1891 luisti

199 1949 333 2013 eamque
364 1949 424 2015 per
457 1930 565 2015 plures
596 1952 698 1997 annos
731 1931 861 1999 tenuisti
892 1938 926 1997 et
949 1930 1056 1997 adhuc
1080 1938 1181 2016 tenes,
1205 1932 1329 1998 fruetus
1353 1932 1534 2018 percipiens

199 2057 240 2102 ex
263 2036 389 2121 eadem,
422 2038 518 2103 etiam
542 2036 585 2102 ad
609 2036 748 2119 ordines,
783 2044 878 2123 prout
900 2038 1002 2124 ipsius
1026 2058 1103 2104 cura
1126 2040 1261 2121 requirit
1290 2039 1438 2121 ecclesie,
1471 2059 1534 2104 nen

199 2150 372 2230 promotus.
411 2142 517 2222 Quare
540 2165 599 2230 pre
623 2151 715 2229 parte
738 2151 794 2210 tua
816 2146 909 2211 nobis
932 2145 1041 2210 extitit
1065 2146 1226 2211 humiliter
1250 2146 1475 2231 supplicatum,
1500 2152 1535 2211 ut

201 2300 234 2319 ..
252 2300 260 2315 .
284 2251 354 2319 Nes
376 2251 486 2334 itaque
503 2299 510 2313 .
529 2300 537 2316 .
555 2300 563 2316 .
580 2271 705 2318 omnem
728 2250 941 2319 inhabilitatis
964 2259 996 2318 et
1012 2252 1145 2317 infamia
1168 2251 1324 2318 macalam
1341 2252 1409 2319 sive
1425 2260 1534 2318 notam

198 2378 257 2442 per
279 2364 314 2423 te
336 2364 468 2443 propter
489 2359 646 2444 premissa
667 2358 722 2425 vel
745 2377 854 2424 eorum
878 2360 1049 2426 occasione
1079 2366 1347 2425 contractam
1370 2359 1534 2426 abolemus

200 2470 297 2547 teque
321 2463 528 2531 habilitamus
546 2514 554 2529 .
573 2514 582 2531 .
603 2472 660 2530 ‚et
682 2464 908 2532 nichilominus
932 2466 1054 2531 fruetus
1076 2465 1241 2551 predictos
1264 2514 1322 2531 ...
1345 2466 1403 2531 tibi
1426 2467 1534 2531 remit-

199 2571 294 2637 timus
318 2578 351 2637 et
374 2570 530 2638 donamus
547 2620 555 2637 .
574 2621 607 2637 ..
633 2572 708 2638 Dat.
732 2572 828 2639 Avin.
852 2573 903 2638 Ill
927 2592 1028 2639 nenas
1053 2571 1232 2639 decembris
1255 2594 1285 2638 a.
1309 2570 1511 2639 duodecime.

361 2714 434 2783 Rep.
451 2713 491 2768 86
505 2711 531 2782 f.
550 2714 614 2767 156‘
630 2728 679 2768 nr.
699 2713 783 2768 1422.

305 2970 428 3037 1343.
461 2974 547 3038 1327
571 2971 755 3038 December
776 2972 809 3036 3.
845 2969 1011 3058 Aoiqooo.

308 3108 480 3193 [Iohannes
494 3110 608 3195 XXII]
632 3110 666 3177 S.
688 3110 867 3177 Salvatoris
883 3107 1101 3176 Traieetensis
1123 3129 1163 3175 ac
1187 3110 1439 3176 Dawantriensis
1455 3111 1534 3175 Tra·

200 3218 353 3283 iectensis
376 3215 462 3283 dioc.
486 3216 620 3283 decanis
643 3224 677 3283 et
691 3218 812 3283 Iacobo
829 3215 869 3283 de
885 3216 1009 3282 Mutina
1026 3217 1181 3283 canonico
1197 3216 1438 3283 Cameracensis
1455 3216 1534 3283 eecl.

305 3324 428 3390 Meritis
451 3324 622 3410 probitatis
650 3329 683 3389 et
712 3322 896 3390 devotionis
919 3321 1029 3389 dilecti
1052 3323 1109 3389 filii
1132 3323 1284 3389 Willelmi
1308 3321 1349 3388 de
1372 3322 1535 3408 Vrymers·

201 3430 297 3515 heym
331 3430 441 3496 clerici
465 3431 665 3497 Coloniensis
688 3430 828 3497 diocesis
857 3479 864 3496 .
894 3479 902 3495 .
932 3479 940 3495 .
968 3429 1157 3515 inducimur,
1185 3439 1221 3496 ut
1244 3450 1410 3516 personam
1435 3430 1536 3515 ipsius

201 3536 285 3603 done
317 3538 470 3622 specialis
503 3538 628 3605 favoris
652 3544 685 3604 et
708 3538 815 3621 gratie
841 3556 1083 3623 prosequamur.
1130 3536 1216 3603 Sane
1239 3557 1340 3623 nuper
1362 3558 1420 3621 pre
1444 3544 1536 3623 parte

200 3643 303 3729 ipsius
326 3644 488 3711 Guillelmi
522 3645 614 3710 nobis
643 3646 802 3730 exposito,
837 3643 924 3728 qued
956 3644 1027 3730 ipse
1057 3646 1133 3711 olim
1154 3645 1257 3711 minor
1281 3644 1372 3710 annis
1396 3645 1536 3711 existens

200 3749 436 3835 parrochialem
460 3752 631 3817 ecclesiam
657 3752 688 3816 in
713 3750 866 3817 Boichem
891 3751 1090 3818 Coloniensis
1114 3749 1279 3819 diocesis.
1298 3800 1304 3815 ·
1323 3800 1331 3815 ·
1356 3751 1464 3817 lucrat
1486 3771 1535 3817 as-

200 3867 331 3923 secutus
363 3877 498 3940 eamque
530 3878 588 3943 per
619 3858 728 3943 plures
760 3878 861 3924 annos
893 3864 1044 3924 tenuerat
1075 3864 1109 3923 et
1140 3857 1248 3924 adhuc
1277 3858 1373 3924 etiam
1402 3856 1535 3940 detinet,

200 3964 325 4030 lructus
347 3964 530 4049 percipiens
554 3984 595 4028 ex
619 3962 743 4046 eadem,
778 3965 875 4030 etiam
908 3963 951 4029 ad
984 3964 1122 4047 ordines,
1153 3970 1248 4051 prout
1279 3964 1413 4048 requirit
1436 3965 1536 4050 ipsius
1605 4052 1607 4057 Ι

201 4090 278 4136 cura
301 4070 450 4152 ecclesie,
485 4090 549 4136 non
572 4076 752 4155 promotes,
781 4090 840 4137 nos
864 4120 872 4135 .
898 4119 905 4133 .
932 4119 939 4135 .
965 4090 1089 4136 omnem
1113 4070 1324 4137 inhabilitatis
1347 4078 1381 4137 et
1403 4070 1548 4139 infamia,

201 4177 360 4243 maculam
393 4178 462 4242 sive
494 4182 605 4243 notam
639 4196 697 4262 per
730 4197 801 4243 eum
826 4183 958 4263 propter
981 4178 1137 4261 premissa
1160 4178 1212 4245 vel
1236 4197 1344 4243 eorum
1368 4180 1537 4245 occasione

202 4290 401 4350 contractam
425 4303 483 4368 per
506 4291 632 4350 nostras
661 4332 668 4349 .
699 4332 707 4349 .
736 4284 814 4350 certi
846 4284 966 4350 tenoris
995 4285 1119 4351 litteras
1147 4284 1346 4351 abolevimus
1368 4284 1536 4370 ipsumque

201 4388 444 4457 habilitavimus
471 4436 532 4456 ...
559 4390 747 4474 fructusque
769 4390 934 4476 predictos
960 4439 1018 4456 ...
1047 4389 1153 4457 eidem
1182 4390 1360 4459 remisimus
1383 4397 1415 4458 et
1439 4392 1536 4460 dena·

201 4498 306 4563 simus
323 4546 330 4563 .
349 4546 357 4561 .
375 4546 384 4563 .
400 4497 524 4582 Igitur.
543 4548 550 4563 .
568 4547 577 4564 .
595 4498 780 4565 discretioni
806 4505 911 4565 vestre
929 4549 935 4563 .
955 4548 962 4565 .
980 4547 987 4562 .
1005 4497 1204 4583 mandamus,
1229 4498 1397 4582 quatinus.
1416 4548 1424 4566 .
1442 4550 1450 4566 .
1467 4520 1536 4585 pre-

200 4604 304 4672 fatam
339 4603 573 4691 parrochialem
608 4606 778 4673 ecelesiam
813 4612 945 4693 prepter
986 4607 1143 4692 premissa
1178 4604 1218 4672 de
1253 4607 1322 4673 iure
1357 4615 1535 4693 vacantem,

201 4712 294 4778 cuius
317 4711 442 4780 fruetus
455 4760 463 4777 .
478 4762 485 4776 .
500 4760 508 4776 .
526 4710 707 4795 quindecim
730 4712 932 4779 marcharum
954 4711 1122 4797 argentis.
1139 4718 1163 4778 t.
1180 4712 1212 4779 d.
1229 4711 1371 4779 valorem
1387 4735 1536 4800 annuum,

201 4820 287 4884 sicut
310 4818 474 4902 asseritur,
504 4839 568 4883 non
591 4818 753 4886 excedunt
779 4868 839 4885 ...
865 4819 970 4886 eidem
995 4820 1156 4886 Willelmo
1180 4820 1232 4889 vel
1256 4824 1454 4907 procuratori
1477 4842 1536 4889 suo

249 4938 338 4986 vaus
354 4940 483 4994 muron
496 4940 531 4987 u.
1370 4926 1387 4987 Ἰ
