<?xml version="1.0" encoding="UTF-8"?>
<!DOCTYPE html PUBLIC "-//W3C//DTD XHTML 1.0 Transitional//EN"
    "http://www.w3.org/TR/xhtml1/DTD/xhtml1-transitional.dtd">
<html xmlns="http://www.w3.org/1999/xhtml" xml:lang="en" lang="en">
 <head>
  <title>
</title>
<meta http-equiv="Content-Type" content="text/html;charset=utf-8" />
  <meta name='ocr-system' content='tesseract 3.04.00' />
  <meta name='ocr-capabilities' content='ocr_page ocr_carea ocr_par ocr_line ocrx_word'/>
</head>
<body>
  <div class='ocr_page' id='page_1' title='image "./urkundenundrege00thimgoog_0273.png"; bbox 0 0 3642 5509; ppageno 0'>
   <div class='ocr_carea' id='block_1_1' title="bbox 264 463 1064 549">
    <p class='ocr_par' dir='ltr' id='par_1_1' title="bbox 264 463 1064 549">
     <span class='ocr_line' id='line_1_1' title="bbox 264 463 1064 549; baseline -0.001 -15"><span class='ocrx_word' id='word_1_1' title='bbox 264 463 317 534; x_wconf 73' lang='grc'>114</span> <span class='ocrx_word' id='word_1_2' title='bbox 828 473 897 534; x_wconf 80' lang='lat' dir='ltr'>ress</span> <span class='ocrx_word' id='word_1_3' title='bbox 916 472 1000 549; x_wconf 78' lang='lat' dir='ltr'>spru</span> <span class='ocrx_word' id='word_1_4' title='bbox 1021 477 1064 533; x_wconf 87' lang='lat' dir='ltr'>rs.</span> 
     </span>
    </p>
   </div>
   <div class='ocr_carea' id='block_1_2' title="bbox 371 655 1601 744">
    <p class='ocr_par' dir='ltr' id='par_1_2' title="bbox 371 655 1601 744">
     <span class='ocr_line' id='line_1_2' title="bbox 371 655 1601 744; baseline -0.002 -19"><span class='ocrx_word' id='word_1_5' title='bbox 371 660 536 726; x_wconf 86' lang='lat' dir='ltr'>Attributa</span> <span class='ocrx_word' id='word_1_6' title='bbox 558 658 618 724; x_wconf 88' lang='lat' dir='ltr'>tibi</span> <span class='ocrx_word' id='word_1_7' title='bbox 642 659 776 724; x_wconf 88' lang='lat' dir='ltr'>merita.</span> <span class='ocrx_word' id='word_1_8' title='bbox 803 704 810 720; x_wconf 93' lang='lat'><strong>.</strong></span> <span class='ocrx_word' id='word_1_9' title='bbox 837 706 844 722; x_wconf 93' lang='lat'>.</span> <span class='ocrx_word' id='word_1_10' title='bbox 891 659 967 723; x_wconf 89' lang='lat' dir='ltr'>Dat.</span> <span class='ocrx_word' id='word_1_11' title='bbox 1000 658 1093 724; x_wconf 81' lang='lat' dir='ltr'>Avin.</span> <span class='ocrx_word' id='word_1_12' title='bbox 1119 658 1181 723; x_wconf 87' lang='lat' dir='ltr'>VII</span> <span class='ocrx_word' id='word_1_13' title='bbox 1205 657 1277 725; x_wconf 90' lang='lat' dir='ltr'>idus</span> <span class='ocrx_word' id='word_1_14' title='bbox 1301 657 1411 744; x_wconf 76' lang='lat' dir='ltr'>aprilis</span> <span class='ocrx_word' id='word_1_15' title='bbox 1435 678 1465 723; x_wconf 90' lang='lat' dir='ltr'>a.</span> <span class='ocrx_word' id='word_1_16' title='bbox 1490 655 1601 724; x_wconf 88' lang='lat' dir='ltr'>tertio·</span> 
     </span>
    </p>
   </div>
   <div class='ocr_carea' id='block_1_3' title="bbox 265 765 1600 1047">
    <p class='ocr_par' dir='ltr' id='par_1_3' title="bbox 265 765 1600 1047">
     <span class='ocr_line' id='line_1_3' title="bbox 266 765 402 833; baseline -0.007 -2"><span class='ocrx_word' id='word_1_17' title='bbox 266 765 402 833; x_wconf 86' lang='lat' dir='ltr'>decimo.</span> 
     </span>
     <span class='ocr_line' id='line_1_4' title="bbox 372 871 1600 958; baseline -0.001 -20"><span class='ocrx_word' id='word_1_18' title='bbox 372 874 408 938; x_wconf 93' lang='lat' dir='ltr'>In</span> <span class='ocrx_word' id='word_1_19' title='bbox 433 893 460 939; x_wconf 90' lang='lat' dir='ltr'>e.</span> <span class='ocrx_word' id='word_1_20' title='bbox 487 895 528 937; x_wconf 89' lang='lat' dir='ltr'>m.</span> <span class='ocrx_word' id='word_1_21' title='bbox 559 873 593 939; x_wconf 88' lang='lat' dir='ltr'>S.</span> <span class='ocrx_word' id='word_1_22' title='bbox 617 873 763 940; x_wconf 85' lang='lat' dir='ltr'>Severini</span> <span class='ocrx_word' id='word_1_23' title='bbox 787 880 820 938; x_wconf 91' lang='lat' dir='ltr'>et</span> <span class='ocrx_word' id='word_1_24' title='bbox 843 871 876 937; x_wconf 90' lang='lat' dir='ltr'>S.</span> <span class='ocrx_word' id='word_1_25' title='bbox 902 873 1035 958; x_wconf 79' lang='lat' dir='ltr'>Georgii</span> <span class='ocrx_word' id='word_1_26' title='bbox 1059 873 1170 939; x_wconf 80' lang='lat' dir='ltr'>Goion.</span> <span class='ocrx_word' id='word_1_27' title='bbox 1196 872 1328 939; x_wconf 81' lang='lat' dir='ltr'>decanis</span> <span class='ocrx_word' id='word_1_28' title='bbox 1352 895 1392 940; x_wconf 86' lang='lat' dir='ltr'>ao</span> <span class='ocrx_word' id='word_1_29' title='bbox 1415 873 1534 943; x_wconf 80' lang='lat' dir='ltr'>Iacobo</span> <span class='ocrx_word' id='word_1_30' title='bbox 1558 871 1600 937; x_wconf 93' lang='lat' dir='ltr'>de</span> 
     </span>
     <span class='ocr_line' id='line_1_5' title="bbox 265 979 1009 1047; baseline -0.005 -1"><span class='ocrx_word' id='word_1_31' title='bbox 265 981 388 1046; x_wconf 87' lang='lat' dir='ltr'>Mutina</span> <span class='ocrx_word' id='word_1_32' title='bbox 412 980 584 1047; x_wconf 84' lang='lat' dir='ltr'>scolastico</span> <span class='ocrx_word' id='word_1_33' title='bbox 608 979 768 1046; x_wconf 84' lang='lat' dir='ltr'>Tullensis</span> <span class='ocrx_word' id='word_1_34' title='bbox 792 980 1009 1047; x_wconf 84' lang='lat' dir='ltr'>ecelesiarum.</span> 
     </span>
    </p>
   </div>
   <div class='ocr_carea' id='block_1_4' title="bbox 425 1103 852 1176">
    <p class='ocr_par' dir='ltr' id='par_1_4' title="bbox 425 1103 852 1176">
     <span class='ocr_line' id='line_1_6' title="bbox 425 1103 852 1176; baseline -0.005 -16"><span class='ocrx_word' id='word_1_35' title='bbox 425 1106 496 1176; x_wconf 76' lang='lat' dir='ltr'>Rep.</span> <span class='ocrx_word' id='word_1_36' title='bbox 517 1103 557 1158; x_wconf 85' lang='lat'>92</span> <span class='ocrx_word' id='word_1_37' title='bbox 573 1103 598 1174; x_wconf 74' lang='lat' dir='ltr'>f.</span> <span class='ocrx_word' id='word_1_38' title='bbox 618 1103 682 1158; x_wconf 68' lang='lat'>135²</span> <span class='ocrx_word' id='word_1_39' title='bbox 699 1119 748 1158; x_wconf 79' lang='lat' dir='ltr'>rar.</span> <span class='ocrx_word' id='word_1_40' title='bbox 768 1105 852 1158; x_wconf 82' lang='grc'><em>3178.</em></span> 
     </span>
    </p>
   </div>
   <div class='ocr_carea' id='block_1_5' title="bbox 369 1375 1012 1463">
    <p class='ocr_par' dir='ltr' id='par_1_5' title="bbox 369 1375 1012 1463">
     <span class='ocr_line' id='line_1_7' title="bbox 369 1375 1012 1463; baseline -0.003 -20"><span class='ocrx_word' id='word_1_41' title='bbox 369 1377 491 1444; x_wconf 77' lang='grc'><em>1708.</em></span> <span class='ocrx_word' id='word_1_42' title='bbox 517 1378 604 1443; x_wconf 98' lang='grc'><em>1329</em></span> <span class='ocrx_word' id='word_1_43' title='bbox 628 1375 729 1462; x_wconf 82' lang='lat' dir='ltr'>April</span> <span class='ocrx_word' id='word_1_44' title='bbox 755 1379 807 1442; x_wconf 83' lang='lat'>18.</span> <span class='ocrx_word' id='word_1_45' title='bbox 845 1375 1012 1463; x_wconf 71' lang='lat' dir='ltr'>Aoipooo.</span> 
     </span>
    </p>
   </div>
   <div class='ocr_carea' id='block_1_6' title="bbox 370 1518 1239 1606">
    <p class='ocr_par' dir='ltr' id='par_1_6' title="bbox 370 1518 1239 1606">
     <span class='ocr_line' id='line_1_8' title="bbox 370 1518 1239 1606; baseline -0.002 -20"><span class='ocrx_word' id='word_1_46' title='bbox 370 1521 541 1606; x_wconf 88' lang='lat' dir='ltr'>[Iohannes</span> <span class='ocrx_word' id='word_1_47' title='bbox 572 1519 682 1604; x_wconf 87' lang='lat' dir='ltr'>XXII]</span> <span class='ocrx_word' id='word_1_48' title='bbox 708 1519 847 1585; x_wconf 84' lang='lat' dir='ltr'>Henrico</span> <span class='ocrx_word' id='word_1_49' title='bbox 872 1521 981 1585; x_wconf 85' lang='lat' dir='ltr'>comiti</span> <span class='ocrx_word' id='word_1_50' title='bbox 1006 1518 1047 1585; x_wconf 86' lang='lat' dir='ltr'>de</span> <span class='ocrx_word' id='word_1_51' title='bbox 1072 1519 1239 1588; x_wconf 84' lang='lat' dir='ltr'>Nassawe.</span> 
     </span>
    </p>
   </div>
   <div class='ocr_carea' id='block_1_7' title="bbox 263 1733 1598 2034">
    <p class='ocr_par' dir='ltr' id='par_1_7' title="bbox 263 1733 1598 2034">
     <span class='ocr_line' id='line_1_9' title="bbox 263 1733 1598 1820; baseline -0.001 -18"><span class='ocrx_word' id='word_1_52' title='bbox 263 1743 297 1802; x_wconf 93' lang='lat' dir='ltr'>ut</span> <span class='ocrx_word' id='word_1_53' title='bbox 325 1736 489 1812; x_wconf 81' lang='lat' dir='ltr'>vellemus,</span> <span class='ocrx_word' id='word_1_54' title='bbox 522 1754 608 1800; x_wconf 90' lang='lat' dir='ltr'>nuno</span> <span class='ocrx_word' id='word_1_55' title='bbox 640 1733 796 1800; x_wconf 86' lang='lat' dir='ltr'>offerente</span> <span class='ocrx_word' id='word_1_56' title='bbox 826 1733 1065 1820; x_wconf 87' lang='lat' dir='ltr'>presentialiter</span> <span class='ocrx_word' id='word_1_57' title='bbox 1092 1754 1156 1798; x_wconf 94' lang='lat' dir='ltr'>non</span> <span class='ocrx_word' id='word_1_58' title='bbox 1188 1733 1364 1817; x_wconf 83' lang='lat' dir='ltr'>valeamus,</span> <span class='ocrx_word' id='word_1_59' title='bbox 1396 1733 1518 1800; x_wconf 88' lang='lat' dir='ltr'>babeat</span> <span class='ocrx_word' id='word_1_60' title='bbox 1540 1755 1598 1801; x_wconf 90' lang='lat' dir='ltr'>nos</span> 
     </span>
     <span class='ocr_line' id='line_1_10' title="bbox 263 1841 1597 1925; baseline -0.001 -17"><span class='ocrx_word' id='word_1_61' title='bbox 263 1849 319 1908; x_wconf 90' lang='lat' dir='ltr'>tua</span> <span class='ocrx_word' id='word_1_62' title='bbox 341 1843 502 1924; x_wconf 79' lang='lat' dir='ltr'><strong>nobilitas,</strong></span> <span class='ocrx_word' id='word_1_63' title='bbox 536 1860 706 1925; x_wconf 73' lang='lat' dir='ltr'>quesumus</span> <span class='ocrx_word' id='word_1_64' title='bbox 735 1849 916 1907; x_wconf 83' lang='lat' dir='ltr'>excusatos.</span> <span class='ocrx_word' id='word_1_65' title='bbox 964 1841 1047 1909; x_wconf 84' lang='lat' dir='ltr'>Nam</span> <span class='ocrx_word' id='word_1_66' title='bbox 1073 1860 1230 1908; x_wconf 86' lang='lat' dir='ltr'>memores</span> <span class='ocrx_word' id='word_1_67' title='bbox 1258 1841 1439 1908; x_wconf 83' lang='lat' dir='ltr'>devotionis</span> <span class='ocrx_word' id='word_1_68' title='bbox 1463 1841 1597 1924; x_wconf 87' lang='lat' dir='ltr'>sineere,</span> 
     </span>
     <span class='ocr_line' id='line_1_11' title="bbox 263 1947 1597 2034; baseline -0.003 -18"><span class='ocrx_word' id='word_1_69' title='bbox 263 1970 358 2034; x_wconf 90' lang='lat' dir='ltr'>quam</span> <span class='ocrx_word' id='word_1_70' title='bbox 382 1970 459 2034; x_wconf 86' lang='lat' dir='ltr'>erga</span> <span class='ocrx_word' id='word_1_71' title='bbox 483 1968 541 2015; x_wconf 89' lang='lat' dir='ltr'>nos</span> <span class='ocrx_word' id='word_1_72' title='bbox 564 1953 597 2014; x_wconf 91' lang='lat' dir='ltr'>et</span> <span class='ocrx_word' id='word_1_73' title='bbox 621 1947 799 2014; x_wconf 80' lang='lat' dir='ltr'>Romanam</span> <span class='ocrx_word' id='word_1_74' title='bbox 823 1948 993 2014; x_wconf 80' lang='lat' dir='ltr'>ecetesiam</span> <span class='ocrx_word' id='word_1_75' title='bbox 1018 1948 1070 2014; x_wconf 92' lang='lat' dir='ltr'>bo.</span> <span class='ocrx_word' id='word_1_76' title='bbox 1094 1967 1154 2013; x_wconf 90' lang='lat' dir='ltr'>me.</span> <span class='ocrx_word' id='word_1_77' title='bbox 1179 1947 1339 2014; x_wconf 83' lang='lat' dir='ltr'>Iohannes</span> <span class='ocrx_word' id='word_1_78' title='bbox 1362 1948 1483 2014; x_wconf 82' lang='lat' dir='ltr'>eiectus</span> <span class='ocrx_word' id='word_1_79' title='bbox 1504 1949 1597 2014; x_wconf 88' lang='lat' dir='ltr'>Bam-</span> 
     </span>
    </p>
   </div>
   <div class='ocr_carea' id='block_1_8' title="bbox 262 2054 1598 2458">
    <p class='ocr_par' dir='ltr' id='par_1_8' title="bbox 263 2054 1598 2142">
     <span class='ocr_line' id='line_1_12' title="bbox 263 2054 1598 2142; baseline -0.001 -19"><span class='ocrx_word' id='word_1_80' title='bbox 263 2057 428 2142; x_wconf 87' lang='lat' dir='ltr'>bergensis</span> <span class='ocrx_word' id='word_1_81' title='bbox 452 2075 624 2140; x_wconf 77' lang='lat' dir='ltr'>germanus</span> <span class='ocrx_word' id='word_1_82' title='bbox 647 2062 721 2121; x_wconf 89' lang='lat' dir='ltr'>tuus</span> <span class='ocrx_word' id='word_1_83' title='bbox 744 2055 859 2138; x_wconf 86' lang='lat' dir='ltr'>gessit,</span> <span class='ocrx_word' id='word_1_84' title='bbox 893 2055 969 2120; x_wconf 94' lang='lat' dir='ltr'>dum</span> <span class='ocrx_word' id='word_1_85' title='bbox 993 2057 1126 2139; x_wconf 82' lang='lat' dir='ltr'>viveret,</span> <span class='ocrx_word' id='word_1_86' title='bbox 1161 2062 1192 2120; x_wconf 91' lang='lat' dir='ltr'>te</span> <span class='ocrx_word' id='word_1_87' title='bbox 1219 2075 1259 2121; x_wconf 88' lang='lat' dir='ltr'>ae</span> <span class='ocrx_word' id='word_1_88' title='bbox 1290 2054 1453 2140; x_wconf 85' lang='lat' dir='ltr'>predictos</span> <span class='ocrx_word' id='word_1_89' title='bbox 1479 2055 1598 2122; x_wconf 86' lang='lat' dir='ltr'>liberos</span> 
     </span>
    </p>

    <p class='ocr_par' dir='ltr' id='par_1_9' title="bbox 262 2161 1598 2248">
     <span class='ocr_line' id='line_1_13' title="bbox 262 2161 1598 2248; baseline 0.001 -21"><span class='ocrx_word' id='word_1_90' title='bbox 262 2163 383 2230; x_wconf 89' lang='lat' dir='ltr'>babere</span> <span class='ocrx_word' id='word_1_91' title='bbox 406 2162 601 2228; x_wconf 81' lang='lat' dir='ltr'>intendimus</span> <span class='ocrx_word' id='word_1_92' title='bbox 625 2163 790 2248; x_wconf 84' lang='lat' dir='ltr'>oportunis</span> <span class='ocrx_word' id='word_1_93' title='bbox 806 2163 877 2228; x_wconf 88' lang='lat' dir='ltr'>loeo</span> <span class='ocrx_word' id='word_1_94' title='bbox 893 2170 927 2229; x_wconf 91' lang='lat' dir='ltr'>et</span> <span class='ocrx_word' id='word_1_95' title='bbox 943 2169 1088 2248; x_wconf 86' lang='lat' dir='ltr'>tempore</span> <span class='ocrx_word' id='word_1_96' title='bbox 1112 2163 1335 2228; x_wconf 78' lang='lat' dir='ltr'>favorabiliter</span> <span class='ocrx_word' id='word_1_97' title='bbox 1358 2161 1598 2229; x_wconf 80' lang='lat' dir='ltr'>commendatos</span> 
     </span>
    </p>

    <p class='ocr_par' dir='ltr' id='par_1_10' title="bbox 264 2268 1168 2458">
     <span class='ocr_line' id='line_1_14' title="bbox 264 2268 1168 2338; baseline -0.001 -2"><span class='ocrx_word' id='word_1_98' title='bbox 264 2319 323 2336; x_wconf 92' lang='lat'>...</span> <span class='ocrx_word' id='word_1_99' title='bbox 371 2271 445 2338; x_wconf 87' lang='lat' dir='ltr'>Dat.</span> <span class='ocrx_word' id='word_1_100' title='bbox 468 2270 562 2334; x_wconf 86' lang='lat' dir='ltr'>Avin.</span> <span class='ocrx_word' id='word_1_101' title='bbox 584 2268 684 2334; x_wconf 85' lang='lat' dir='ltr'>XIIII</span> <span class='ocrx_word' id='word_1_102' title='bbox 705 2269 750 2335; x_wconf 90' lang='lat' dir='ltr'>kl.</span> <span class='ocrx_word' id='word_1_103' title='bbox 774 2269 849 2335; x_wconf 85' lang='lat' dir='ltr'>maii</span> <span class='ocrx_word' id='word_1_104' title='bbox 875 2291 905 2335; x_wconf 88' lang='lat' dir='ltr'>a.</span> <span class='ocrx_word' id='word_1_105' title='bbox 929 2269 1168 2336; x_wconf 85' lang='lat' dir='ltr'>terciodecimo.</span> 
     </span>
     <span class='ocr_line' id='line_1_15' title="bbox 411 2387 908 2458; baseline -0.002 -15"><span class='ocrx_word' id='word_1_106' title='bbox 411 2387 908 2458; x_wconf 75' lang='lat' dir='ltr'>Rep.115ps.If.95nr.540.</span> 
     </span>
    </p>
   </div>
   <div class='ocr_carea' id='block_1_9' title="bbox 369 2675 1008 2764">
    <p class='ocr_par' dir='ltr' id='par_1_11' title="bbox 369 2675 1008 2764">
     <span class='ocr_line' id='line_1_16' title="bbox 369 2675 1008 2764; baseline 0.003 -23"><span class='ocrx_word' id='word_1_107' title='bbox 369 2675 494 2743; x_wconf 69' lang='lat' dir='ltr'>noa.</span> <span class='ocrx_word' id='word_1_108' title='bbox 525 2679 611 2743; x_wconf 83' lang='lat'><em>1329</em></span> <span class='ocrx_word' id='word_1_109' title='bbox 635 2677 738 2764; x_wconf 80' lang='lat' dir='ltr'>April</span> <span class='ocrx_word' id='word_1_110' title='bbox 766 2680 818 2744; x_wconf 85' lang='lat'>18.</span> <span class='ocrx_word' id='word_1_111' title='bbox 843 2676 1008 2764; x_wconf 78' lang='lat' dir='ltr'>Aoiprrorr.</span> 
     </span>
    </p>
   </div>
   <div class='ocr_carea' id='block_1_10' title="bbox 260 2818 1595 3849">
    <p class='ocr_par' dir='ltr' id='par_1_12' title="bbox 260 2818 1595 3315">
     <span class='ocr_line' id='line_1_17' title="bbox 365 2818 1595 2889; baseline 0.002 -6"><span class='ocrx_word' id='word_1_112' title='bbox 365 2818 524 2886; x_wconf 88' lang='lat' dir='ltr'>Iohannes</span> <span class='ocrx_word' id='word_1_113' title='bbox 551 2820 651 2886; x_wconf 88' lang='lat' dir='ltr'>XXII</span> <span class='ocrx_word' id='word_1_114' title='bbox 689 2821 859 2887; x_wconf 82' lang='lat' dir='ltr'>Emieboni</span> <span class='ocrx_word' id='word_1_115' title='bbox 892 2827 968 2887; x_wconf 88' lang='lat' dir='ltr'>nato</span> <span class='ocrx_word' id='word_1_116' title='bbox 1001 2820 1189 2887; x_wconf 84' lang='lat' dir='ltr'>Emiobonis</span> <span class='ocrx_word' id='word_1_117' title='bbox 1221 2821 1348 2887; x_wconf 88' lang='lat' dir='ltr'>eomitis</span> <span class='ocrx_word' id='word_1_118' title='bbox 1379 2819 1421 2886; x_wconf 91' lang='lat' dir='ltr'>de</span> <span class='ocrx_word' id='word_1_119' title='bbox 1449 2821 1595 2889; x_wconf 86' lang='lat' dir='ltr'>Nassave</span> 
     </span>
     <span class='ocr_line' id='line_1_18' title="bbox 262 2927 1594 3014; baseline 0.002 -23"><span class='ocrx_word' id='word_1_120' title='bbox 262 2927 387 2992; x_wconf 89' lang='lat' dir='ltr'>ooniert</span> <span class='ocrx_word' id='word_1_121' title='bbox 410 2928 490 2993; x_wconf 82' lang='lat' dir='ltr'>eset.</span> <span class='ocrx_word' id='word_1_122' title='bbox 508 2928 618 2994; x_wconf 85' lang='lat' dir='ltr'>Ooion.</span> <span class='ocrx_word' id='word_1_123' title='bbox 644 2930 878 3012; x_wconf 79' lang='lat' dir='ltr'>canonicatum,</span> <span class='ocrx_word' id='word_1_124' title='bbox 903 2928 1100 3014; x_wconf 83' lang='lat' dir='ltr'>prebendam</span> <span class='ocrx_word' id='word_1_125' title='bbox 1124 2947 1201 2994; x_wconf 87' lang='lat' dir='ltr'>vero</span> <span class='ocrx_word' id='word_1_126' title='bbox 1225 2927 1329 2994; x_wconf 90' lang='lat' dir='ltr'>eidem</span> <span class='ocrx_word' id='word_1_127' title='bbox 1354 2934 1509 3011; x_wconf 86' lang='lat' dir='ltr'>reservat,</span> <span class='ocrx_word' id='word_1_128' title='bbox 1532 2949 1594 2994; x_wconf 91' lang='lat' dir='ltr'>non</span> 
     </span>
     <span class='ocr_line' id='line_1_19' title="bbox 261 3033 1595 3120; baseline -0.001 -20"><span class='ocrx_word' id='word_1_129' title='bbox 261 3035 410 3101; x_wconf 86' lang='lat' dir='ltr'>obstante</span> <span class='ocrx_word' id='word_1_130' title='bbox 433 3033 517 3117; x_wconf 90' lang='lat' dir='ltr'>quod</span> <span class='ocrx_word' id='word_1_131' title='bbox 542 3035 574 3100; x_wconf 96' lang='lat' dir='ltr'>in</span> <span class='ocrx_word' id='word_1_132' title='bbox 599 3036 677 3102; x_wconf 88' lang='lat' dir='ltr'>eool.</span> <span class='ocrx_word' id='word_1_133' title='bbox 704 3037 892 3119; x_wconf 87' lang='lat' dir='ltr'>Maguntina</span> <span class='ocrx_word' id='word_1_134' title='bbox 925 3036 1149 3102; x_wconf 81' lang='lat' dir='ltr'>canonicatum</span> <span class='ocrx_word' id='word_1_135' title='bbox 1181 3037 1240 3101; x_wconf 88' lang='lat' dir='ltr'>sub</span> <span class='ocrx_word' id='word_1_136' title='bbox 1271 3035 1498 3120; x_wconf 73' lang='lat' dir='ltr'>expectatione</span> <span class='ocrx_word' id='word_1_137' title='bbox 1526 3054 1595 3120; x_wconf 88' lang='lat' dir='ltr'>pre·</span> 
     </span>
     <span class='ocr_line' id='line_1_20' title="bbox 260 3141 1595 3228; baseline -0.002 -19"><span class='ocrx_word' id='word_1_138' title='bbox 260 3141 365 3209; x_wconf 86' lang='lat' dir='ltr'>bende</span> <span class='ocrx_word' id='word_1_139' title='bbox 400 3161 439 3208; x_wconf 87' lang='lat' dir='ltr'>ao</span> <span class='ocrx_word' id='word_1_140' title='bbox 474 3141 643 3227; x_wconf 85' lang='lat' dir='ltr'>dignitatis</span> <span class='ocrx_word' id='word_1_141' title='bbox 678 3148 867 3228; x_wconf 86' lang='lat' dir='ltr'>personatos</span> <span class='ocrx_word' id='word_1_142' title='bbox 901 3161 959 3209; x_wconf 91' lang='lat' dir='ltr'>seu</span> <span class='ocrx_word' id='word_1_143' title='bbox 994 3143 1090 3209; x_wconf 83' lang='lat' dir='ltr'>offleii</span> <span class='ocrx_word' id='word_1_144' title='bbox 1125 3163 1194 3208; x_wconf 89' lang='lat' dir='ltr'>cum</span> <span class='ocrx_word' id='word_1_145' title='bbox 1229 3161 1306 3207; x_wconf 84' lang='lat' dir='ltr'>eura</span> <span class='ocrx_word' id='word_1_146' title='bbox 1334 3141 1388 3208; x_wconf 83' lang='lat' dir='ltr'>vel</span> <span class='ocrx_word' id='word_1_147' title='bbox 1419 3143 1488 3208; x_wconf 91' lang='lat' dir='ltr'>sine</span> <span class='ocrx_word' id='word_1_148' title='bbox 1517 3161 1595 3207; x_wconf 86' lang='lat' dir='ltr'>eura</span> 
     </span>
     <span class='ocr_line' id='line_1_21' title="bbox 261 3249 394 3315; baseline -0.008 0"><span class='ocrx_word' id='word_1_149' title='bbox 261 3249 394 3315; x_wconf 92' lang='lat' dir='ltr'>obtinet.</span> 
     </span>
    </p>

    <p class='ocr_par' dir='ltr' id='par_1_13' title="bbox 260 3354 1595 3529">
     <span class='ocr_line' id='line_1_22' title="bbox 366 3354 1595 3441; baseline -0.004 -16"><span class='ocrx_word' id='word_1_150' title='bbox 366 3356 528 3425; x_wconf 84' lang='lat' dir='ltr'>Nobilitas</span> <span class='ocrx_word' id='word_1_151' title='bbox 550 3356 689 3441; x_wconf 84' lang='lat' dir='ltr'>generis,</span> <span class='ocrx_word' id='word_1_152' title='bbox 714 3358 778 3422; x_wconf 85' lang='lat' dir='ltr'>vite</span> <span class='ocrx_word' id='word_1_153' title='bbox 807 3406 867 3422; x_wconf 90' lang='lat'>...</span> <span class='ocrx_word' id='word_1_154' title='bbox 915 3358 989 3423; x_wconf 89' lang='lat' dir='ltr'>Dat.</span> <span class='ocrx_word' id='word_1_155' title='bbox 1016 3358 1110 3423; x_wconf 86' lang='lat' dir='ltr'>Avin.</span> <span class='ocrx_word' id='word_1_156' title='bbox 1136 3356 1235 3422; x_wconf 89' lang='lat' dir='ltr'>XIIII</span> <span class='ocrx_word' id='word_1_157' title='bbox 1258 3355 1303 3420; x_wconf 89' lang='lat' dir='ltr'>ki.</span> <span class='ocrx_word' id='word_1_158' title='bbox 1328 3354 1404 3421; x_wconf 95' lang='lat' dir='ltr'>maii</span> <span class='ocrx_word' id='word_1_159' title='bbox 1433 3376 1462 3421; x_wconf 87' lang='lat' dir='ltr'>a.</span> <span class='ocrx_word' id='word_1_160' title='bbox 1487 3356 1595 3422; x_wconf 86' lang='lat' dir='ltr'>tertio</span> 
     </span>
     <span class='ocr_line' id='line_1_23' title="bbox 260 3462 396 3529; baseline 0.007 -1"><span class='ocrx_word' id='word_1_161' title='bbox 260 3462 396 3529; x_wconf 90' lang='lat' dir='ltr'>deoimo.</span> 
     </span>
    </p>

    <p class='ocr_par' dir='ltr' id='par_1_14' title="bbox 260 3567 1595 3849">
     <span class='ocr_line' id='line_1_24' title="bbox 367 3567 1595 3654; baseline 0 -20"><span class='ocrx_word' id='word_1_162' title='bbox 367 3570 404 3634; x_wconf 93' lang='lat' dir='ltr'>In</span> <span class='ocrx_word' id='word_1_163' title='bbox 428 3590 456 3635; x_wconf 92' lang='lat' dir='ltr'>e.</span> <span class='ocrx_word' id='word_1_164' title='bbox 482 3591 524 3634; x_wconf 94' lang='lat' dir='ltr'>m.</span> <span class='ocrx_word' id='word_1_165' title='bbox 557 3569 590 3634; x_wconf 89' lang='lat' dir='ltr'>S.</span> <span class='ocrx_word' id='word_1_166' title='bbox 614 3569 716 3636; x_wconf 81' lang='lat' dir='ltr'>Mario</span> <span class='ocrx_word' id='word_1_167' title='bbox 740 3569 782 3635; x_wconf 90' lang='lat' dir='ltr'>ad</span> <span class='ocrx_word' id='word_1_168' title='bbox 806 3570 927 3654; x_wconf 87' lang='lat' dir='ltr'>gradus</span> <span class='ocrx_word' id='word_1_169' title='bbox 950 3571 1060 3637; x_wconf 83' lang='lat' dir='ltr'>Oolon.</span> <span class='ocrx_word' id='word_1_170' title='bbox 1090 3579 1122 3636; x_wconf 89' lang='lat' dir='ltr'>et</span> <span class='ocrx_word' id='word_1_171' title='bbox 1146 3571 1179 3636; x_wconf 89' lang='lat' dir='ltr'>S.</span> <span class='ocrx_word' id='word_1_172' title='bbox 1204 3570 1347 3636; x_wconf 78' lang='lat' dir='ltr'>Castoris</span> <span class='ocrx_word' id='word_1_173' title='bbox 1374 3567 1595 3636; x_wconf 76' lang='lat' dir='ltr'>Confluentine</span> 
     </span>
     <span class='ocr_line' id='line_1_25' title="bbox 260 3675 1594 3763; baseline 0.001 -23"><span class='ocrx_word' id='word_1_174' title='bbox 260 3677 391 3742; x_wconf 84' lang='lat' dir='ltr'>Trever.</span> <span class='ocrx_word' id='word_1_175' title='bbox 416 3676 499 3742; x_wconf 90' lang='lat' dir='ltr'>dioo.</span> <span class='ocrx_word' id='word_1_176' title='bbox 525 3675 657 3743; x_wconf 82' lang='lat' dir='ltr'>decanis</span> <span class='ocrx_word' id='word_1_177' title='bbox 681 3696 720 3742; x_wconf 88' lang='lat' dir='ltr'>ae</span> <span class='ocrx_word' id='word_1_178' title='bbox 745 3677 860 3744; x_wconf 88' lang='lat' dir='ltr'>Bosolo</span> <span class='ocrx_word' id='word_1_179' title='bbox 885 3677 927 3742; x_wconf 91' lang='lat' dir='ltr'>de</span> <span class='ocrx_word' id='word_1_180' title='bbox 950 3679 1068 3743; x_wconf 86' lang='lat' dir='ltr'>Parma</span> <span class='ocrx_word' id='word_1_181' title='bbox 1100 3676 1268 3763; x_wconf 84' lang='lat' dir='ltr'>capellano</span> <span class='ocrx_word' id='word_1_182' title='bbox 1296 3682 1405 3742; x_wconf 89' lang='lat' dir='ltr'>nostro</span> <span class='ocrx_word' id='word_1_183' title='bbox 1437 3677 1594 3742; x_wconf 83' lang='lat' dir='ltr'>eanonieo</span> 
     </span>
     <span class='ocr_line' id='line_1_26' title="bbox 260 3781 716 3849; baseline 0.002 -3"><span class='ocrx_word' id='word_1_184' title='bbox 260 3781 474 3848; x_wconf 82' lang='lat' dir='ltr'>Tomaoensis</span> <span class='ocrx_word' id='word_1_185' title='bbox 497 3783 716 3849; x_wconf 79' lang='lat' dir='ltr'>ecelesiarum.</span> 
     </span>
    </p>
   </div>
   <div class='ocr_carea' id='block_1_11' title="bbox 420 3904 1041 3976">
    <p class='ocr_par' dir='ltr' id='par_1_15' title="bbox 420 3904 1041 3976">
     <span class='ocr_line' id='line_1_27' title="bbox 420 3904 1041 3976; baseline 0.003 -16"><span class='ocrx_word' id='word_1_186' title='bbox 420 3907 493 3976; x_wconf 74' lang='lat' dir='ltr'>Ray.</span> <span class='ocrx_word' id='word_1_187' title='bbox 512 3905 552 3960; x_wconf 88' lang='grc'>92</span> <span class='ocrx_word' id='word_1_188' title='bbox 576 3904 688 3976; x_wconf 54' lang='grc'><em>12139</em></span> <span class='ocrx_word' id='word_1_189' title='bbox 706 3923 753 3962; x_wconf 82' lang='lat' dir='ltr'>nr.</span> <span class='ocrx_word' id='word_1_190' title='bbox 773 3907 848 3962; x_wconf 89' lang='grc'><em>3191</em></span> <span class='ocrx_word' id='word_1_191' title='bbox 855 3929 865 3972; x_wconf 87' lang='grc'><strong><em>;</em></strong></span> <span class='ocrx_word' id='word_1_192' title='bbox 885 3910 939 3964; x_wconf 74' lang='lat' dir='ltr'>Ra.</span> <span class='ocrx_word' id='word_1_193' title='bbox 959 3910 1041 3962; x_wconf 81' lang='grc'><em>1164.</em></span> 
     </span>
    </p>
   </div>
   <div class='ocr_carea' id='block_1_12' title="bbox 366 4181 1008 4269">
    <p class='ocr_par' dir='ltr' id='par_1_16' title="bbox 366 4181 1008 4269">
     <span class='ocr_line' id='line_1_28' title="bbox 366 4181 1008 4269; baseline 0 -21"><span class='ocrx_word' id='word_1_194' title='bbox 366 4181 483 4249; x_wconf 74' lang='grc'><em>1710.</em></span> <span class='ocrx_word' id='word_1_195' title='bbox 521 4182 608 4248; x_wconf 87' lang='grc'><em>1329</em></span> <span class='ocrx_word' id='word_1_196' title='bbox 632 4181 735 4268; x_wconf 80' lang='lat' dir='ltr'>April</span> <span class='ocrx_word' id='word_1_197' title='bbox 763 4184 812 4248; x_wconf 90' lang='grc'>18.</span> <span class='ocrx_word' id='word_1_198' title='bbox 843 4181 1008 4269; x_wconf 72' lang='lat' dir='ltr'>Aoiprrorr,</span> 
     </span>
    </p>
   </div>
   <div class='ocr_carea' id='block_1_13' title="bbox 259 4319 1594 4925">
    <p class='ocr_par' dir='ltr' id='par_1_17' title="bbox 259 4319 1594 4632">
     <span class='ocr_line' id='line_1_29' title="bbox 365 4319 1594 4389; baseline 0.002 -3"><span class='ocrx_word' id='word_1_199' title='bbox 365 4319 524 4388; x_wconf 89' lang='lat' dir='ltr'>lohannes</span> <span class='ocrx_word' id='word_1_200' title='bbox 547 4319 647 4387; x_wconf 88' lang='lat' dir='ltr'>XXII</span> <span class='ocrx_word' id='word_1_201' title='bbox 681 4320 843 4386; x_wconf 89' lang='lat' dir='ltr'>Walramo</span> <span class='ocrx_word' id='word_1_202' title='bbox 876 4327 953 4388; x_wconf 88' lang='lat' dir='ltr'>nato</span> <span class='ocrx_word' id='word_1_203' title='bbox 983 4321 1143 4388; x_wconf 84' lang='lat' dir='ltr'>Tilmanni</span> <span class='ocrx_word' id='word_1_204' title='bbox 1174 4319 1341 4388; x_wconf 81' lang='lat' dir='ltr'>Oeiierarii</span> <span class='ocrx_word' id='word_1_205' title='bbox 1370 4321 1404 4388; x_wconf 94' lang='lat' dir='ltr'>in</span> <span class='ocrx_word' id='word_1_206' title='bbox 1432 4321 1594 4389; x_wconf 86' lang='lat' dir='ltr'>Bianken·</span> 
     </span>
     <span class='ocr_line' id='line_1_30' title="bbox 259 4426 1594 4514; baseline 0.001 -19"><span class='ocrx_word' id='word_1_207' title='bbox 259 4426 340 4511; x_wconf 75' lang='lat' dir='ltr'>berg</span> <span class='ocrx_word' id='word_1_208' title='bbox 388 4429 515 4494; x_wconf 86' lang='lat' dir='ltr'>ooniert</span> <span class='ocrx_word' id='word_1_209' title='bbox 557 4429 693 4496; x_wconf 82' lang='lat' dir='ltr'>ecclesie</span> <span class='ocrx_word' id='word_1_210' title='bbox 734 4429 766 4493; x_wconf 94' lang='lat' dir='ltr'>in</span> <span class='ocrx_word' id='word_1_211' title='bbox 806 4427 1012 4514; x_wconf 86' lang='lat' dir='ltr'>Dytkirehen</span> <span class='ocrx_word' id='word_1_212' title='bbox 1050 4430 1183 4496; x_wconf 84' lang='lat' dir='ltr'>Trever.</span> <span class='ocrx_word' id='word_1_213' title='bbox 1229 4429 1313 4495; x_wconf 83' lang='lat' dir='ltr'>dioc.</span> <span class='ocrx_word' id='word_1_214' title='bbox 1358 4431 1594 4514; x_wconf 85' lang='lat' dir='ltr'>canonicatum,</span> 
     </span>
     <span class='ocr_line' id='line_1_31' title="bbox 259 4534 862 4632; baseline 0.007 -34"><span class='ocrx_word' id='word_1_215' title='bbox 259 4534 456 4621; x_wconf 88' lang='lat' dir='ltr'>prebendam</span> <span class='ocrx_word' id='word_1_216' title='bbox 480 4554 556 4601; x_wconf 90' lang='lat' dir='ltr'>vero</span> <span class='ocrx_word' id='word_1_217' title='bbox 580 4535 685 4601; x_wconf 89' lang='lat' dir='ltr'>eidem</span> <span class='ocrx_word' id='word_1_218' title='bbox 709 4543 862 4632; x_wconf 73' lang='lat' dir='ltr'>reservat.</span> 
     </span>
    </p>

    <p class='ocr_par' dir='ltr' id='par_1_18' title="bbox 259 4641 1594 4815">
     <span class='ocr_line' id='line_1_32' title="bbox 365 4641 1594 4712; baseline 0.004 -6"><span class='ocrx_word' id='word_1_219' title='bbox 365 4641 530 4708; x_wconf 84' lang='lat' dir='ltr'>Attributa</span> <span class='ocrx_word' id='word_1_220' title='bbox 553 4643 612 4708; x_wconf 91' lang='lat' dir='ltr'>tibi</span> <span class='ocrx_word' id='word_1_221' title='bbox 636 4643 751 4708; x_wconf 88' lang='lat' dir='ltr'>merita</span> <span class='ocrx_word' id='word_1_222' title='bbox 780 4692 787 4708; x_wconf 94' lang='lat'><strong>.</strong></span> <span class='ocrx_word' id='word_1_223' title='bbox 817 4691 824 4708; x_wconf 92' lang='lat'><strong>.</strong></span> <span class='ocrx_word' id='word_1_224' title='bbox 854 4693 861 4708; x_wconf 96' lang='lat'>.</span> <span class='ocrx_word' id='word_1_225' title='bbox 915 4642 990 4709; x_wconf 87' lang='lat' dir='ltr'>Dat.</span> <span class='ocrx_word' id='word_1_226' title='bbox 1015 4643 1110 4710; x_wconf 81' lang='lat' dir='ltr'>Avin.</span> <span class='ocrx_word' id='word_1_227' title='bbox 1136 4644 1236 4710; x_wconf 93' lang='lat' dir='ltr'>XIIII</span> <span class='ocrx_word' id='word_1_228' title='bbox 1260 4644 1305 4712; x_wconf 84' lang='lat' dir='ltr'>ki.</span> <span class='ocrx_word' id='word_1_229' title='bbox 1329 4645 1406 4711; x_wconf 86' lang='lat' dir='ltr'>maii</span> <span class='ocrx_word' id='word_1_230' title='bbox 1430 4666 1459 4711; x_wconf 89' lang='lat' dir='ltr'>a.</span> <span class='ocrx_word' id='word_1_231' title='bbox 1484 4646 1594 4711; x_wconf 90' lang='lat' dir='ltr'>tertio·</span> 
     </span>
     <span class='ocr_line' id='line_1_33' title="bbox 259 4747 394 4815; baseline 0 -1"><span class='ocrx_word' id='word_1_232' title='bbox 259 4747 394 4815; x_wconf 80' lang='lat' dir='ltr'>decimo.</span> 
     </span>
    </p>

    <p class='ocr_par' dir='ltr' id='par_1_19' title="bbox 366 4855 1593 4925">
     <span class='ocr_line' id='line_1_34' title="bbox 366 4855 1593 4925; baseline 0.003 -4"><span class='ocrx_word' id='word_1_233' title='bbox 366 4857 403 4921; x_wconf 92' lang='lat' dir='ltr'>In</span> <span class='ocrx_word' id='word_1_234' title='bbox 426 4875 454 4922; x_wconf 93' lang='lat' dir='ltr'>e.</span> <span class='ocrx_word' id='word_1_235' title='bbox 472 4878 512 4921; x_wconf 90' lang='lat' dir='ltr'>m.</span> <span class='ocrx_word' id='word_1_236' title='bbox 538 4855 662 4922; x_wconf 87' lang='lat' dir='ltr'>deeano</span> <span class='ocrx_word' id='word_1_237' title='bbox 686 4857 719 4921; x_wconf 74' lang='lat' dir='ltr'>S.</span> <span class='ocrx_word' id='word_1_238' title='bbox 738 4856 880 4923; x_wconf 82' lang='lat' dir='ltr'>Castoris</span> <span class='ocrx_word' id='word_1_239' title='bbox 904 4858 935 4922; x_wconf 94' lang='lat' dir='ltr'>in</span> <span class='ocrx_word' id='word_1_240' title='bbox 961 4855 1163 4923; x_wconf 83' lang='lat' dir='ltr'>Confluentis</span> <span class='ocrx_word' id='word_1_241' title='bbox 1184 4859 1316 4924; x_wconf 82' lang='lat' dir='ltr'>Trever.</span> <span class='ocrx_word' id='word_1_242' title='bbox 1341 4858 1425 4925; x_wconf 87' lang='lat' dir='ltr'>dioo.</span> <span class='ocrx_word' id='word_1_243' title='bbox 1449 4865 1483 4924; x_wconf 92' lang='lat' dir='ltr'>et</span> <span class='ocrx_word' id='word_1_244' title='bbox 1506 4859 1593 4925; x_wconf 90' lang='lat' dir='ltr'>Hen-</span> 
     </span>
    </p>
   </div>
   <div class='ocr_carea' id='block_1_14' title="bbox 0 0 1826 5509">
    <p class='ocr_par' dir='ltr' id='par_1_20' title="bbox 0 0 1826 5509">
     <span class='ocr_line' id='line_1_35' title="bbox 0 0 1826 5509; baseline 0 2"><span class='ocrx_word' id='word_1_245' title='bbox 0 0 1826 5509; x_wconf 95' lang='lat' dir='ltr'> </span> 
     </span>
    </p>
   </div>
  </div>
 </body>
</html>
