3642 5509
247 425 301 482 tle
820 426 888 480 1329
907 425 965 478 Mai
981 424 1006 479 8.

248 609 412 673 decoauar
439 608 689 694 capitulumque
718 608 932 674 Subocrini
959 605 1071 676 Color.
1099 615 1131 673 et
1162 607 1345 671 Iobarrrrera
1370 604 1487 691 Suopf
1511 624 1578 669 aco·

248 716 404 780 tosticum
428 715 462 781 S.
488 717 641 782 Severini
667 711 778 780 Ooloa.
814 721 970 778 eocortam
993 714 1033 778 cle
1061 720 1248 798 patronatu
1272 713 1503 798 parrochialis
1531 733 1579 777 ec·

248 822 345 888 alesia
368 824 405 887 iu
429 823 570 889 Orbaelt.

354 948 513 1014 Iohannes
531 997 642 1013 .....
660 947 770 1013 abbati
795 947 978 1012 monasterii
1004 946 1208 1012 Bellireditus
1231 952 1264 1011 et
1281 995 1288 1011 .
1307 996 1314 1011 .
1332 945 1451 1011 Sancte
1467 945 1577 1010 Caucis

248 1078 311 1124 ae.
334 1106 340 1121 .
359 1056 470 1122 Sancti
493 1056 645 1122 Iohannis
668 1055 894 1121 Leodiensinm
919 1055 1126 1122 ecclesiarum
1150 1054 1358 1120 decanis...

354 1165 421 1231 Sua
444 1165 536 1230 nobis
560 1164 670 1231 dilecti
693 1164 748 1229 filii
779 1215 784 1228 .
816 1215 822 1230 .
853 1162 996 1229 decanus
1025 1169 1057 1228 et
1087 1162 1262 1246 capitulum
1295 1162 1431 1228 ecclesie
1464 1161 1575 1228 Sancti

247 1271 391 1339 Severini
420 1271 619 1338 Coloniensis
654 1271 780 1357 patroni
817 1269 1027 1355 parrochialis
1063 1269 1199 1335 ecclesie
1233 1269 1266 1334 in
1302 1268 1431 1335 Orbach
1466 1268 1576 1334 Colon.

247 1380 331 1447 dioc.
356 1382 516 1467 peticione
540 1387 764 1462 monstrarunt,
790 1378 885 1462 quod,
910 1379 985 1444 licet
1009 1377 1204 1462 presentatio
1228 1378 1362 1444 rectoris
1379 1376 1422 1442 ad
1443 1375 1578 1443 eandem

247 1488 479 1574 parrochialem
504 1489 674 1555 ecclesiam
692 1537 699 1552 .
718 1538 725 1552 .
745 1537 751 1552 .
774 1486 815 1552 ad
840 1507 895 1552 eos
919 1537 976 1550 ...
999 1485 1157 1570 pertinere
1181 1491 1341 1566 noscatur,
1369 1535 1428 1550 ...
1453 1485 1578 1569 ipsique

248 1595 389 1663 decanus
412 1604 444 1662 et
469 1596 643 1680 capitulum
668 1594 790 1680 pridem
812 1593 854 1660 ad
876 1593 1046 1658 ecclesiam
1071 1591 1303 1677 parrochialem
1329 1591 1505 1677 predictam
1522 1612 1579 1677 per

247 1703 367 1768 obitum
393 1700 553 1786 quondam
577 1700 711 1769 Suederi
736 1701 777 1766 de
802 1701 896 1766 Barle
915 1748 921 1760 .
940 1751 947 1763 .
967 1748 973 1765 .
992 1709 1161 1765 vacantem
1179 1749 1186 1764 .
1205 1753 1212 1767 .
1231 1749 1238 1764 .
1260 1699 1427 1764 Latiarum
1451 1700 1577 1764 Pullere

247 1811 457 1895 presbiterum
491 1816 524 1875 et
559 1809 808 1876 concanonicum
844 1828 952 1872 eorum
978 1807 1162 1872 ..officiali
1185 1807 1395 1891 ..prepositi
1431 1806 1578 1890 [ecclesie

248 1917 456 2002 ColoniensIs]
475 1967 481 1981 .
501 1965 507 1978 .
527 1965 533 1978 .
552 1923 788 2002 presentassent
812 1937 851 1980 ae
874 1914 960 1979 idem
977 1914 1130 1980 Lutterus
1152 1915 1184 1978 iu
1208 1920 1364 1979 rectorem
1385 1914 1486 1999 ipsius
1508 1933 1579 1998 par·

247 2023 399 2089 rochialis
423 2024 558 2089 ecclesie
583 2044 639 2108 per
663 2022 783 2088 dictum
809 2022 1052 2087 officialem...
1072 2022 1215 2086 extiterit
1238 2022 1381 2104 legitime
1404 2022 1578 2102 iustitutus,

248 2137 355 2196 tamen
380 2131 521 2196 Iohanne
546 2130 659 2215 Snayf,
691 2131 743 2212 qui
776 2150 831 2214 pro
861 2129 1032 2195 scolastico
1062 2127 1204 2194 eivrsdem
1229 2127 1365 2194 ecclesie
1389 2127 1500 2192 Sancti
1524 2127 1579 2191 Se·

248 2239 348 2302 verini
378 2258 413 2303 se
442 2221 536 2322 gerit,
572 2244 764 2321 suggerente
798 2236 995 2301 urendaciter
1110 2235 1353 2320 archiepiscopo
1385 2234 1578 2316 Coloniensi,

248 2344 366 2411 dietam
391 2344 625 2430 parrochialem
650 2344 819 2408 eeclesiam
844 2344 1009 2409 scolastrIe
1025 2363 1082 2409 sue
1100 2390 1107 2407 .
1126 2391 1133 2406 .
1153 2393 1159 2405 .
1178 2341 1331 2407 canonice
1356 2341 1423 2406 iore
1447 2342 1578 2422 auitam,

249 2458 282 2517 et
306 2452 390 2535 quod
415 2450 494 2516 dicti
518 2450 660 2517 decanus
684 2456 716 2516 et
740 2451 926 2535 capitulum,
956 2449 1124 2533 quominus
1154 2447 1239 2513 idem
1268 2447 1428 2514 Iohannes
1456 2449 1578 2513 tructus

248 2558 393 2626 redditas
417 2565 450 2624 et
473 2565 646 2644 proventus
670 2559 770 2644 ipsius
793 2557 1004 2642 parrochialis
1032 2557 1168 2622 ecclesie
1190 2556 1359 2641 percipere
1382 2563 1500 2641 posset,
1525 2556 1580 2620 im·

249 2664 361 2751 pedire
384 2674 495 2732 contra
518 2666 677 2731 iusticiam
703 2665 964 2750 presumebantr,
988 2663 1133 2749 prefatus
1156 2662 1438 2749 archiepiscopus.
1458 2713 1465 2726 .
1486 2683 1578 2748 .pre·

247 2771 326 2838 latis
349 2771 472 2839 decano
497 2779 528 2838 et
552 2775 694 2858 capitulo
718 2772 854 2839 inhiberi
879 2771 968 2854 fecit,
993 2791 1032 2836 ne
1056 2770 1177 2836 dIctam
1204 2769 1377 2836 Iohannem
1398 2773 1431 2836 in
1446 2791 1579 2857 percep-

249 2879 334 2946 tione
358 2880 517 2946 fructuum
542 2879 724 2946 reddituum
748 2888 780 2946 et
804 2886 1014 2965 proventuum
1045 2876 1260 2964 predIctornm
1284 2877 1487 2960 aliquatenus
1509 2898 1580 2964 pre-

249 2993 409 3052 sumerent
425 2987 593 3072 impedire;
619 2989 760 3072 alioquin
777 2987 933 3053 decanum
952 2993 984 3052 et
1006 2985 1149 3069 singulos
1169 2984 1210 3050 de
1227 2984 1314 3051 dicto
1331 2985 1483 3071 capitulo,
1501 3005 1580 3069 quos

249 3100 367 3160 extunc
400 3096 707 3178 excommunicabat,
741 3094 917 3161 mandabat
950 3093 1242 3157 excommunicatos
1274 3092 1403 3176 publice
1435 3093 1579 3159 nunciati

248 3207 280 3266 et
304 3208 415 3269 contra
439 3221 494 3268 eos
518 3203 660 3268 invocari
684 3201 849 3268 brachium
873 3201 1027 3266 seculare.
1075 3200 1210 3284 Propter
1234 3219 1296 3282 que
1319 3221 1377 3285 pro
1400 3206 1492 3285 parte
1514 3198 1579 3265 dte·

249 3316 351 3374 torum
375 3309 492 3374 decani
517 3311 670 3395 capituli.
690 3360 696 3374 .
716 3361 722 3375 .
740 3311 802 3374 luit
825 3309 866 3374 ad
892 3307 1000 3374 sedem
1025 3305 1235 3392 apostolicam
1260 3308 1467 3393 appellatum.
1498 3307 1578 3373 Cam

248 3422 355 3482 autem
379 3416 459 3481 dicti
484 3416 626 3484 decanus
650 3425 681 3482 et
705 3417 892 3504 capitulum,
917 3416 999 3481 sicut
1023 3420 1179 3497 asserunt,
1208 3414 1326 3499 prefati
1350 3414 1501 3480 Iohannis
1526 3435 1579 3499 po·

248 3527 381 3589 tentiam
405 3525 518 3589 merito
542 3524 831 3609 perhorrescentes,
866 3545 936 3589 eum
960 3521 1046 3587 inira
1069 3523 1233 3587 civitatem
1263 3540 1317 3587 seu
1342 3521 1497 3587 diocesim
1520 3520 1580 3586 Oo-

248 3629 422 3695 loniensem
446 3638 606 3712 nequeant
630 3631 809 3714 convenire,
835 3630 1020 3698 discretioni
1044 3637 1151 3694 vestre
1177 3679 1183 3692 .
1212 3678 1219 3693 .
1248 3677 1254 3691 .
1282 3628 1480 3711 mandamus,
1505 3649 1580 3712 qua·

249 3738 333 3802 tinus
349 3739 484 3820 vocatis,
509 3739 561 3820 qui
586 3740 705 3803 fuerint
729 3739 897 3822 evocandi,
915 3751 947 3805 et
963 3741 1083 3807 auditis
1100 3741 1175 3806 hine
1191 3740 1266 3806 inde
1290 3739 1472 3824 propositis
1494 3735 1578 3819 qlrod

248 3845 365 3909 iustum
389 3843 496 3927 inerit,
521 3846 739 3930 appellatione
763 3849 941 3931 postposita
965 3848 1167 3913 decernatIs.
1186 3897 1193 3912 .
1212 3900 1218 3911 .
1239 3845 1360 3925 Quodsi
1384 3865 1447 3910 uon
1471 3864 1580 3909 omnes

249 3949 312 4015 hiis
336 3949 533 4032 exequendis
562 3953 730 4037 potueritis
759 3953 924 4035 interesse,
962 3953 1025 4020 dno
1051 3962 1256 4020 vestrumea
1278 3951 1503 4018 nichilominus
1526 3971 1579 4015 ex·

249 4065 415 4141 aquantur.
463 4059 539 4123 Dat.
564 4058 657 4124 Avin.
684 4059 762 4124 VIII
786 4059 859 4126 idus
883 4062 958 4125 maii
984 4083 1014 4146 p.
1032 4083 1061 4126 ιι.
1080 4083 1109 4127 a.
1134 4060 1366 4126 tertiodecimo.
1466 4143 1492 4149 —

413 4181 461 4235 Or.
484 4183 606 4237 membr.
627 4199 696 4238 cuae
711 4183 838 4253 placaubo
853 4185 946 4254 paud.
987 4184 1051 4240 Sub
1065 4183 1152 4255 plica
1171 4185 1212 4239 od
1231 4182 1369 4240 sinistra·
1383 4217 1417 4272 A·
1438 4157 1579 4273 djvina·

411 4362 449 4416 Iu
463 4360 536 4430 plic.
556 4361 598 4416 ccl
618 4361 725 4416 deretr:
746 4379 800 4431 pro
820 4363 852 4417 P.
862 4291 911 4417 Ide
928 4361 1021 4448 Setia.
1059 4365 1097 4418 Iu
1116 4364 1221 4418 dorso:
1252 4363 1366 4417 Theod.
1391 4361 1430 4416 de
1448 4361 1530 4431 Reys
1553 4363 1581 4414 et

411 4504 563 4575 iuferius:
689 4505 753 4558 inlii
783 4435 989 4575 nrdgihlhllsT.
1009 4508 1048 4561 de
1068 4506 1147 4575 Reys
1176 4521 1295 4575 procur.
1324 4505 1433 4575 appell.
1457 4509 1579 4574 protest.

410 4597 468 4651 tuit
488 4595 569 4665 quod
593 4611 653 4650 non
673 4634 752 4649 .....
773 4611 840 4648 cum
869 4601 993 4666 propter
1022 4595 1240 4666 Impedimenta
1260 4634 1338 4650 .....
1359 4600 1389 4649 et
1410 4594 1481 4648 buil.
1501 4630 1580 4647 .....

411 4683 539 4756 (partim
551 4682 741 4755 illeqibitio!)
753 4715 785 4723 -
800 4685 993 4756 Diteseldorf.
1007 4685 1095 4740 Arcti.
1105 4701 1168 4756 req.
1179 4684 1209 4740 S.
1220 4682 1355 4741 Savaria.
1368 4685 1468 4740 Colore.
1479 4682 1580 4738 nr.89.

248 4780 461 4790 -.---

357 4829 386 4891 a)
407 4825 600 4896 presumebat
618 4823 653 4878 ia
672 4839 734 4896 req.
