3642 5509
288 462 322 517 16
810 464 879 522 1327
898 462 1036 523 Februar
1055 466 1098 523 12.

328 748 349 815 d
393 642 605 729 Cupientibns
638 644 737 711 vitam
769 644 887 713 ducere
911 698 918 711 .
946 694 954 713 .
981 696 989 711 .
1035 649 1111 714 Dat.
1136 646 1231 715 Avin.
1256 650 1289 714 II
1310 646 1384 714 idus
1408 648 1561 716 februarii
1583 670 1614 716 a.

284 769 327 816 nn
351 768 463 817 eermo.

444 876 517 946 nep.
536 877 576 930 se
590 874 616 944 s.
634 878 671 930 15
688 891 737 933 nr.
756 879 838 932 1035.

390 1133 507 1199 118⁰.
540 1136 626 1200 1327
650 1135 804 1201 Felroar
826 1136 879 1200 12.
916 1132 1082 1222 Aoiprron.

389 1270 550 1340 Iohannes
576 1272 677 1339 XXII
712 1274 851 1340 Henrico
887 1273 929 1340 de
952 1274 1090 1360 Meynne
1126 1274 1250 1342 confert
1284 1276 1364 1342 ecel.
1399 1273 1615 1342 cardonensis

283 1378 414 1445 Trever.
448 1377 532 1445 dioc.
567 1379 803 1464 canonicatum,
836 1381 1034 1467 prebendam
1068 1402 1144 1449 vero
1177 1383 1283 1449 eidem
1315 1389 1458 1450 reservat
1489 1402 1616 1449 necnon

282 1484 473 1571 dignitatem
505 1486 558 1553 rel
592 1495 796 1574 personatum
831 1509 888 1557 seu
924 1489 1062 1555 offioInm
1095 1509 1166 1555 oum
1200 1510 1277 1556 cura
1300 1491 1351 1557 vel
1380 1490 1449 1557 sine
1472 1508 1550 1555 cura
1581 1490 1615 1554 in

282 1591 395 1660 eadem
428 1594 575 1679 ecclesia,
605 1615 669 1661 non
701 1595 849 1662 obstante
883 1595 969 1680 qnod
1002 1596 1035 1662 in
1058 1596 1197 1663 ecclesia
1219 1597 1406 1664 Monosterii
1430 1598 1463 1661 in
1486 1596 1616 1680 Meync-

282 1700 348 1767 velt
371 1700 458 1767 dicte
486 1700 571 1768 dioc.
599 1702 658 1769 snb
692 1704 917 1789 expectatione
948 1702 1113 1789 prebende
1145 1704 1337 1770 auctoritate
1370 1702 1549 1789 apostolica
1582 1703 1615 1767 in

280 1808 470 1875 oanonIcnm
494 1816 543 1876 est
566 1816 727 1896 receptus.

387 1915 500 1983 Matris
523 1918 658 1984 ecclesie
682 1917 831 2002 graciosa
848 1967 855 1983 .
874 1964 906 1983 ..
955 1919 1031 1984 Dat.
1055 1917 1150 1984 Avin.
1175 1918 1207 1983 II
1231 1915 1303 1985 idus
1326 1917 1481 1983 februarii
1504 1937 1534 1982 a.
1558 1937 1614 1983 un·

281 2021 416 2090 decimo.

386 2132 424 2196 ln
448 2150 476 2197 e.
501 2152 542 2196 m.
567 2130 601 2197 S.
625 2131 747 2198 MatIIe
771 2138 804 2198 et
826 2132 860 2199 S.
885 2133 1013 2198 Martini
1042 2140 1135 2198 extra
1163 2152 1271 2198 muros
1294 2132 1427 2198 Trever.
1455 2137 1613 2199 monaste-

282 2238 401 2303 riorum
425 2238 597 2305 abbatibus
620 2259 659 2305 ac
682 2239 817 2306 Iohanni
841 2239 883 2305 do
906 2240 1076 2327 Losoapon
1097 2239 1326 2307 archidiacono
1349 2239 1558 2308 Nannetensi.

440 2362 513 2433 Rep.
535 2364 576 2417 83
591 2362 616 2432 s.
637 2364 674 2418 10
691 2380 739 2418 nr.
759 2364 805 2419 23.

385 2645 502 2712 nno.
529 2648 614 2713 1327
638 2646 793 2713 Febrem·
818 2650 869 2713 12.
900 2647 1065 2735 Avipnon.

384 2788 544 2855 Iohannes
571 2788 672 2854 XXII
708 2787 856 2856 Conrado
880 2789 922 2856 de
944 2790 1076 2857 llutena
1108 2791 1286 2876 presbitero
1319 2789 1443 2857 confert
1470 2787 1549 2855 eccl.
1575 2788 1610 2853 S.

277 2894 305 2960 F
306 2895 399 2961 lorini
433 2896 466 2961 in
502 2894 703 2963 confluentia
738 2896 870 2963 Trever.
906 2896 989 2963 dioc.
1032 2899 1267 2980 eanonIcatnm,
1302 2894 1499 2983 prebendam
1535 2914 1611 2960 vero

276 3001 381 3069 eidem
412 3010 567 3087 reservat,
603 3024 667 3069 non
699 3003 848 3071 obstante
881 3003 966 3088 qnod
996 3006 1030 3069 in
1060 3005 1101 3071 de
1123 3006 1232 3070 Monte
1255 3004 1368 3070 Sancti
1392 3003 1487 3068 Beati
1509 3019 1610 3087 prope

276 3107 506 3176 confluentiam
540 3111 764 3196 canonicatum
798 3115 831 3175 et
863 3109 1061 3196 prebendam
1091 3132 1130 3177 ac
1159 3110 1372 3193 scolastriam,
1406 3129 1468 3194 que
1491 3106 1610 3173 modici

276 3216 405 3300 valoris,
429 3224 465 3283 nt
488 3218 613 3299 asserit,
638 3217 758 3300 eximit,
783 3236 823 3283 oc
847 3218 1004 3302 capellam
1029 3218 1062 3285 S.
1079 3217 1207 3286 NIcolai
1230 3218 1264 3282 in
1286 3216 1427 3282 turribus
1450 3215 1484 3280 in
1500 3214 1611 3279 Mona·

274 3324 372 3389 sterio
396 3324 428 3389 in
452 3323 636 3409 Meynevelt
659 3324 791 3390 Trever.
816 3322 899 3390 dioc.
926 3323 1072 3390 ecclesiis
1094 3323 1229 3389 obtinet.

381 3429 601 3515 Suffrogantia
624 3431 683 3497 tibi
707 3432 900 3497 merita...
946 3429 1025 3495 Dat.
1050 3431 1145 3497 Avin.
1169 3432 1203 3495 Il
1226 3429 1299 3496 idus
1322 3429 1475 3496 februarii
1499 3447 1529 3494 a.
1553 3445 1610 3492 nn·

275 3535 412 3604 decimo.

381 3644 418 3710 In
442 3663 470 3710 e.
497 3665 538 3709 m.
572 3644 607 3712 S.
633 3645 755 3711 Mathie
780 3652 812 3711 et
835 3643 870 3711 S.
896 3643 1025 3709 Martini
1050 3650 1272 3710 extramuros
1295 3642 1427 3708 Trever.
1453 3647 1610 3707 monaste

273 3752 392 3818 riornm
425 3751 598 3817 abbatibus
627 3772 668 3817 ac
690 3752 845 3837 magistro
869 3750 1053 3817 Hermanno
1077 3750 1119 3816 de
1143 3750 1251 3836 Praga
1275 3748 1430 3815 canonico
1454 3748 1611 3831 Pragensi

274 3857 441 3945 capellano
465 3858 585 3944 papali.

431 3990 504 4059 Req.
524 3989 564 4043 83
580 3988 606 4059 f.
625 3989 652 4043 1¹
670 4005 719 4044 rer.
739 3989 820 4045 1001.

378 4257 488 4325 1141.
515 4261 600 4326 1327
625 4262 779 4326 Febroor
805 4261 857 4324 12.
883 4257 1049 4345 Aoiprrorr.

379 4401 552 4486 [lohannes
575 4402 686 4487 XXII]
714 4402 832 4469 Iacobo
857 4400 898 4467 de
922 4400 1116 4468 Monasterio
1139 4401 1322 4486 Meynevelt
1345 4401 1525 4487 presbitero
1549 4397 1604 4464 de·

276 4528 356 4575 cano
380 4508 516 4576 ecclesie
540 4508 574 4574 S.
591 4509 712 4574 Florini
737 4509 770 4573 in
794 4507 1000 4582 confluentia,
1018 4508 1228 4575 Treverensis
1250 4507 1399 4573 dlocesis.

381 4616 555 4682 Personam
583 4622 671 4681 tuam
700 4614 787 4700 apud
815 4635 874 4682 nos
895 4662 903 4680 .
922 4663 955 4680 ..
994 4614 1080 4680 Sane
1103 4635 1161 4700 pro
1185 4622 1277 4700 parte
1300 4622 1356 4679 tua
1379 4614 1472 4681 nobis
1495 4613 1606 4679 oblata

270 4722 383 4808 petitio
417 4722 612 4799 continebat,
647 4722 731 4805 quod
762 4728 796 4786 tu
824 4722 898 4787 olim
932 4720 1166 4807 parrochialem
1198 4721 1368 4788 ecclesiam
1392 4720 1429 4786 B.
1446 4720 1548 4786 Marie
1572 4720 1605 4786 in

270 4826 473 4900 confluentia
496 4828 705 4895 Treveronsis
729 4826 868 4894 diocesis
890 4848 948 4913 per
972 4828 1088 4893 multos
1112 4848 1212 4894 annos
1241 4825 1425 4913 possedisti,
1454 4846 1608 4912 processu
