3642 5509
795 462 865 516 1330
882 462 965 517 Mltrz
986 463 1028 517 17.
1508 462 1561 518 ³15

227 644 313 707 tinus
421 643 546 707 vocatis
578 640 667 706 dicto
691 642 834 727 Roperto
858 648 891 706 et
917 642 998 723 aliis,
1025 643 1077 725 qui
1102 643 1221 708 luerint
1245 642 1413 726 evocandi,
1437 644 1562 728 predic-

227 758 292 815 tam
317 749 551 834 preposituram
570 798 578 812 .
596 798 604 812 .
622 797 630 813 .
648 749 773 833 prelato
800 749 941 814 Henrico
966 750 1016 813 vel
1041 749 1240 834 procuratori
1265 770 1321 814 suo
1341 799 1348 814 .
1367 800 1373 812 .
1392 800 1399 814 .
1418 751 1563 817 conferre

226 864 258 921 et
282 858 447 939 assignare
471 856 588 921 curetis
610 903 616 915 .
636 904 642 918 .
662 905 669 919 .
693 875 755 919 non
780 856 1006 920 obstante...
1026 855 1111 937 quod
1135 855 1219 920 idem
1240 856 1394 922 ilenricus
1418 858 1449 920 ln
1475 857 1563 923 dicta

226 964 327 1028 Mario
355 962 396 1028 ad
421 961 542 1045 gradus
575 981 615 1026 ac
647 961 680 1025 in
703 962 903 1026 Traiectensi
941 983 1011 1027 cum
1050 963 1284 1047 supplemento,
1320 963 1562 1031 hlonasterieusi

227 1069 395 1135 Wcrdensi
422 1069 582 1134 Bonnensi
607 1067 827 1134 Fritzlariensi
851 1067 963 1134 Colon.
988 1076 1021 1134 et
1046 1069 1222 1154 Maguntin.
1247 1069 1331 1136 dioc.
1356 1073 1564 1137 canonicatus

227 1184 259 1241 et
282 1176 463 1261 prebendas
495 1177 628 1259 obtinet,
665 1175 707 1240 de
741 1176 856 1257 quibus
885 1175 948 1241 nisi
980 1175 1021 1240 de
1051 1176 1121 1241 sola
1148 1176 1313 1261 prebenda
1337 1177 1368 1243 S.
1398 1177 1497 1243 Mario
1521 1177 1563 1242 ad

226 1282 347 1367 gradus
378 1283 486 1348 adhuc
519 1280 615 1348 nichil
649 1282 804 1368 percepit,
838 1288 871 1346 et
901 1281 1064 1363 quoddam
1098 1281 1236 1348 officium
1261 1282 1424 1349 Bilirbehe
1448 1305 1564 1350 nuncu·

226 1396 338 1474 patum
360 1391 393 1454 in
418 1388 505 1458 diota
522 1387 765 1454 Monosteriensi
789 1388 935 1454 ecclesiis
959 1409 998 1454 ac
1023 1390 1195 1456 ecclesiam
1219 1389 1253 1456 S.
1270 1389 1400 1456 Andree
1424 1392 1456 1456 in
1480 1393 1564 1457 Hee-

227 1496 330 1561 hintal
354 1497 557 1561 Pataviensis
588 1494 726 1561 diocesis
754 1501 900 1560 curatam
925 1517 945 1561 a
968 1495 1046 1561 sede
1075 1497 1256 1581 apostolica
1279 1497 1403 1563 obtinet
1425 1498 1458 1562 in
1482 1517 1563 1563 corn-

228 1602 375 1667 mendam
399 1604 487 1667 etin
511 1600 657 1687 predicta
681 1602 864 1667 Bunneusi.
882 1652 890 1668 .
911 1652 919 1668 .
939 1609 1092 1688 expectat
1117 1610 1222 1669 curtos
1246 1601 1388 1669 decimas
1411 1624 1467 1671 seu
1491 1606 1564 1670 obc-

229 1708 372 1775 dieneius
398 1715 509 1775 ...et
541 1707 626 1791 quod
657 1707 776 1773 dudum
805 1708 912 1775 eidem
936 1709 1134 1795 providimus
1158 1709 1199 1776 dc
1224 1712 1415 1777 canonicatu
1440 1720 1472 1777 et
1496 1732 1563 1797 pre-

228 1816 334 1882 benda
357 1837 396 1882 ac
420 1815 578 1882 decanatu
607 1815 744 1881 ecclesie
767 1816 1062 1900 halberstadensis,
1096 1837 1230 1900 quorum
1261 1818 1471 1885 canonicatus
1494 1839 1564 1905 pre-

228 1924 335 1989 bende
363 1931 395 1988 et
423 1922 599 1988 decanatus
622 1925 856 2007 possessionem
881 1923 1021 1989 nondum
1053 1925 1162 1989 extitit
1185 1931 1363 1990 assecutus.
1412 1924 1565 1990 Volumus

228 2038 346 2112 autem,
379 2029 464 2113 quod
488 2029 574 2095 idem
598 2030 766 2112 Esuriens,
791 2038 963 2115 postquam
987 2031 1108 2096 dietam
1133 2034 1366 2117 preposituram
1391 2031 1488 2097 fuerit
1511 2053 1566 2117 pa·

229 2136 320 2202 cilice
345 2144 522 2218 assecutus,
555 2137 638 2218 iurii‚
672 2135 757 2220 quod
787 2136 932 2202 indicto
957 2137 1117 2204 decanatu
1230 2137 1293 2205 sibi
1318 2137 1482 2223 competit,
1517 2158 1565 2203 re-

231 2243 438 2309 nunciet...
486 2242 561 2308 Dat.
587 2243 680 2308 Avin.
706 2243 773 2308 IllI
797 2243 870 2310 idus
894 2245 1001 2310 martii
1026 2265 1055 2310 a.
1083 2243 1333 2327 quartodecimo.

381 2351 452 2420 liep.
472 2349 511 2402 96
528 2365 577 2403 nr.
597 2350 684 2402 3868.

337 2620 461 2688 1864.
498 2622 587 2686 1330
608 2621 708 2686 Mdrz
737 2623 786 2684 17.
819 2621 937 2701 iiior.

339 2747 528 2810 Buldoinus
555 2746 827 2831 archiepiscopus
857 2746 1051 2810 licooeusio
1074 2748 1220 2812 Iohanni
1246 2748 1356 2811 XXII
1383 2746 1564 2831 supplicat,

230 2855 390 2937 quotiaco
424 2853 576 2917 absolvat
607 2852 766 2917 Loretum
801 2853 1004 2916 comitissam
1034 2854 1075 2918 de
1105 2853 1289 2938 Spanheim
1323 2855 1494 2919 dominum
1527 2854 1567 2918 de

233 2961 471 3043 Sturlcenbcrp.

339 3065 548 3130 Sanctissimo
577 3065 609 3129 in
634 3063 763 3130 Christo
793 3067 877 3149 patri
902 3085 942 3130 ac
967 3064 1106 3149 domino,
1141 3065 1270 3131 domino
1294 3065 1428 3131 Iohanni
1461 3086 1567 3132 socro-

231 3179 341 3237 sancte
364 3172 508 3236 Romane
531 3193 571 3236 ac
595 3172 784 3237 universalis
820 3171 957 3238 ecclesie
990 3172 1091 3256 digna
1123 3173 1176 3239 dei
1211 3171 1413 3258 providentia
1445 3191 1567 3238 summo

231 3277 374 3364 pontifici
400 3280 531 3360 eiusque
554 3279 793 3363 penitentiuriis
811 3277 988 3344 Baldoinus
1007 3279 1059 3344 dei
1076 3279 1409 3363 graciaTrevereusis
1433 3277 1568 3344 ecclesie

231 3385 493 3470 archiepiscopus
525 3386 609 3450 sacri
642 3386 767 3470 imperii
797 3405 854 3470 per
878 3386 1015 3451 Galliam
1048 3385 1351 3452 archicancellarius
1374 3384 1491 3450 devota
1515 3405 1569 3469 pe·

232 3492 307 3555 dum
331 3490 440 3555 oscula
464 3492 642 3559 beatorum.
689 3491 862 3558 Sanctitati
891 3493 1004 3559 Vestro
1028 3493 1174 3578 supplico
1200 3492 1361 3558 humiliter
1384 3499 1416 3557 et
1441 3490 1568 3570 devote,

231 3598 381 3681 quatinus
404 3597 573 3682 spectabili
599 3603 743 3664 matrone
767 3599 885 3664 Lorete
910 3599 1075 3664 comitisse
1101 3599 1142 3664 de
1166 3599 1351 3684 Spanheym
1377 3597 1504 3663 domine
1528 3595 1569 3662 de

232 3705 453 3788 Starhenberg
482 3711 513 3768 et
537 3705 683 3770 omnibus
706 3706 782 3788 suis,
817 3707 871 3788 qui
896 3706 1077 3790 culpabiles
1102 3707 1232 3771 luerunt
1256 3713 1288 3770 ct
1312 3705 1439 3773 suntin
1465 3705 1568 3789 capti-

232 3815 342 3893 vitate,
367 3813 398 3876 in
415 3819 500 3894 quaa
525 3811 597 3894 ipsa
620 3812 695 3876 olim
720 3833 778 3896 per
802 3833 836 3878 sc
859 3821 893 3876 ct
917 3833 991 3878 suos
1015 3821 1120 3878 meet
1145 3811 1298 3896 quosdam
1324 3833 1411 3877 meos
1435 3811 1569 3876 clericos

232 3917 369 4003 quodam
399 3938 476 3983 casu
506 3917 639 3983 fortuito
663 3917 802 3984 detinuit
833 3927 866 3984 et
890 3920 968 3984 lecit
1001 3919 1198 4002 aliquamdiu
1231 3919 1377 3999 detineri,
1411 3937 1569 4002 supereo

232 4024 406 4109 dignemini
439 4024 648 4088 absolutionis
678 4023 867 4090 beneficium
891 4024 1079 4110 impendere
1107 4034 1138 4090 ot
1163 4027 1204 4091 ab
1230 4026 1308 4109 ipsis
1332 4024 1502 4089 cuiuslibet
1525 4023 1569 4087 in·

231 4132 410 4197 habilitatis
433 4136 466 4194 ct
489 4129 622 4195 infamio
646 4141 755 4196 notam
779 4152 818 4196 ea
843 4133 1014 4198 occasione
1043 4153 1102 4217 per
1125 4134 1212 4216 ipsos
1236 4139 1432 4196 contractum
1458 4129 1570 4195 tollere

232 4239 391 4323 graciose,
425 4236 510 4320 quod
539 4237 581 4303 de
611 4259 681 4304 mco
710 4247 742 4303 ot
770 4239 929 4304 dictorum
963 4260 1105 4304 meorum
1130 4240 1317 4304 clericorum
1343 4245 1391 4302 est
1416 4256 1570 4301 consensu

235 4353 266 4412 et
291 4347 375 4412 bona
399 4365 439 4409 ac
463 4345 565 4408 libera
588 4345 763 4410 voluntate.
819 4347 854 4410 ln
879 4349 970 4411 cuius
996 4347 1040 4410 rel
1066 4347 1279 4411 testimonium
1305 4345 1443 4428 sigillum
1467 4364 1570 4408 mcum

234 4454 296 4519 hiis
320 4451 436 4518 litteris
460 4459 647 4537 tergotenus
671 4459 719 4516 est
742 4452 943 4537 impressum.
978 4454 1054 4518 Dat.
1079 4453 1229 4517 Treveris
1253 4473 1336 4517 anno
1361 4450 1480 4516 domini
1504 4451 1571 4514 mil·

233 4561 345 4628 lesimo
368 4535 591 4628 ccdxxlil.
618 4558 671 4623 die
695 4559 801 4624 XVIl.
827 4560 945 4626 mensis
969 4559 1085 4624 martii.

375 4669 501 4734 (inserte
527 4665 562 4721 in
591 4665 655 4720 Ioh.
675 4664 772 4718 XXII
796 4663 916 4719 litteras
946 4665 1037 4719 datas
1067 4665 1142 4719 (1.4.
1163 4663 1276 4718 Maio.
1297 4661 1392 4732 1330.)
1440 4663 1512 4732 Rep.
1533 4663 1573 4716 93

383 4755 431 4793 nr.
451 4739 523 4802 993,-
545 4740 618 4808 Rep.
638 4739 693 4790 115
708 4751 757 4804 ps.
779 4736 816 4789 Π
830 4737 854 4806 s.
874 4739 930 4790 155
949 4752 997 4790 nr.
1017 4737 1099 4790 1881.

340 4861 369 4920 a)
410 4872 500 4926 quam
519 4855 555 4912 in
573 4872 639 4927 req.
