3642 5509
754 481 823 536 1328
842 447 1012 536 December
1032 477 1075 534 28.
1510 479 1563 534 195

227 662 345 742 mirari,
377 661 461 743 quod
493 661 666 734 Hernicum
697 662 835 726 electum
860 661 1092 744 Magantinnm‚
1128 660 1168 725 de
1199 662 1288 725 ouius
1318 680 1454 745 persona
1477 679 1564 743 papa

227 765 368 851 providit
391 768 528 834 ecclesie
553 768 751 852 Magantine,
785 768 930 852 recipcre
958 766 1126 849 eidemque
1155 787 1268 851 parere
1292 775 1477 832 recusantes
1501 766 1561 830 cui·

227 873 301 938 dam
324 874 543 959 postulationi,
567 894 662 957 quarn
688 873 729 940 de
754 873 914 940 Balduino
938 872 1184 959 archiepiscopo
1201 873 1393 938 'treverensi
1417 872 1459 937 de
1475 871 1563 937 iacto

227 987 437 1065 attemptasse
470 980 629 1064 dicuntur,
663 981 831 1047 adherent.
879 981 1035 1046 Hortatur
1068 1001 1133 1057 eos,
1168 981 1317 1064 quatinus
1341 980 1480 1045 Henrico
1508 1001 1562 1064 pa-

227 1093 318 1152 reant
342 1088 493 1164 curaturi,
523 1086 610 1171 quod
637 1087 722 1153 idem
753 1088 875 1153 electus
904 1088 1098 1152 munitiones
1122 1087 1285 1152 fortalicia
1309 1092 1416 1152 eastra
1439 1087 1509 1151 iura
1532 1092 1565 1152 et

229 1193 312 1259 bona
344 1194 408 1259 alia
441 1193 483 1260 ad
515 1213 657 1261 mensam
690 1215 780 1260 suam
814 1192 1125 1280 archiepiscopalem
1156 1193 1351 1278 pertinentia
1385 1193 1504 1258 haheat
1532 1203 1565 1258 et

228 1307 337 1366 teneat
360 1300 504 1386 pacifice.
731 1287 734 1294 ⁴

335 1409 385 1473 De
409 1409 500 1474 vobis
523 1429 585 1474 non
609 1408 823 1493 indigne...
870 1409 947 1473 Dat.
971 1415 1126 1494 utsupra
1157 1412 1209 1489 (=
1230 1409 1290 1473 XV
1316 1408 1361 1472 kl.
1386 1407 1510 1473 ianuari
1534 1428 1564 1472 a.

229 1514 460 1581 tertiodecimo.

378 1639 450 1709 Rep.
471 1641 524 1692 115
541 1637 616 1708 fleo
634 1653 680 1692 ar.
702 1639 773 1703 647,·
795 1639 846 1694 aa.
869 1640 980 1694 1100o.

331 1923 454 1990 1579.
477 1927 564 1990 1328
588 1926 773 1991 December
794 1927 847 1990 18.
870 1924 1036 2012 Aoiquoa.

336 2065 495 2133 lohannes
517 2067 617 2132 XXII
651 2066 897 2153 archiepiscopo
931 2067 1112 2134 Coloniensi
1145 2075 1177 2133 ct
1210 2069 1363 2154 episcopo
1391 2066 1566 2134 Leodiensi

229 2194 269 2239 ac
292 2175 455 2259 preposito
489 2173 568 2240 ecel.
599 2173 785 2242 Zetlicensis
814 2175 925 2241 Golon.
958 2174 1044 2242 diue.
1077 2176 1220 2257 mandat,
1254 2177 1403 2258 quatinus
1426 2175 1566 2240 Henrico

229 2281 333 2346 electo
356 2281 546 2365 Maguntiuo
582 2282 723 2348 efficacis
757 2281 956 2348 defensionis
984 2282 1126 2367 presidio
1159 2284 1344 2349 assistentes
1368 2283 1566 2367 prepositum

229 2386 387 2457 decanum
411 2395 444 2452 et
468 2389 644 2473 capitulum
668 2395 702 2455 et
725 2390 899 2456 canonicos
924 2396 957 2455 et
980 2409 1134 2474 personas
1164 2390 1344 2474 singulares
1366 2409 1489 2455 necnon
1514 2411 1568 2454 va·

228 2494 327 2560 sallus
350 2493 495 2560 homines
518 2495 715 2562 feudatarius
739 2495 851 2564 fideles
875 2503 907 2562 et
932 2495 1080 2562 subditos
1104 2496 1262 2582 prelibata
1284 2497 1363 2562 eccl.
1381 2497 1566 2581 Magantine

229 2621 270 2667 ac
293 2620 498 2684 quoscunque
531 2601 612 2669 alios
646 2603 780 2669 clericos
804 2611 836 2669 et
859 2603 982 2689 laycos,
1015 2602 1057 2668 de
1090 2603 1205 2686 quibus
1234 2603 1387 2688 expedire
1416 2603 1565 2686 viderint,

229 2714 380 2774 moneant
411 2715 444 2774 et
475 2707 646 2792 inducant,
689 2719 724 2775 ut
757 2710 842 2775 infra
874 2712 1122 2796 peremptorium
1155 2711 1323 2775 terminum
1357 2717 1564 2777 memoratum

230 2817 368 2881 electum
391 2815 424 2880 in
452 2824 613 2901 pastorem
644 2824 819 2882 memorate
841 2816 981 2883 ecclesie
1005 2816 1193 2902 Magantine
1216 2816 1374 2902 recipiant
1398 2837 1437 2882 ac
1461 2815 1565 2883 eidem

230 2930 377 3008 pareant.

338 3029 482 3094 Vacante
513 3029 633 3096 dudum
667 3031 805 3097 ecclesia
835 3077 842 3092 .
869 3081 876 3096 .
903 3081 910 3096 .
958 3032 1033 3096 Dat.
1069 3030 1164 3097 Ariu.
1195 3029 1256 3095 XV
1289 3030 1335 3095 kl.
1369 3031 1504 3096 ianuarii
1537 3051 1566 3095 a.

230 3136 469 3203 terciodecimo.

380 3261 453 3331 Περ.
473 3263 527 3315 116
545 3273 591 3328 pa.
612 3261 631 3315 1
645 3262 670 3333 f.
690 3264 730 3316 83
747 3278 795 3316 ar.
820 3263 884 3316 486.

338 3530 459 3598 1580.
494 3534 582 3597 1328
605 3532 788 3598 December
813 3534 864 3597 18.
904 3531 1072 3619 Aoipaoa.

338 3673 498 3739 lohannes
532 3673 632 3738 XXII
670 3673 806 3740 Gerlaeo
843 3676 954 3740 comiti
990 3674 1031 3740 de
1066 3676 1222 3742 Nassawe
1258 3674 1399 3740 destinat
1432 3677 1568 3760 litteras,

232 3781 347 3864 quibus
380 3801 452 3846 eum
486 3781 641 3864 hortatur,
676 3783 827 3864 quatinus
862 3789 1024 3865 tamqnam
1048 3783 1190 3849 vasallus
1222 3784 1359 3851 ecclesie
1382 3783 1570 3866 Magantine

233 3886 373 3953 Henrico
397 3889 501 3955 electo
526 3889 715 3973 Maguntino
740 3896 903 3972 tamquam
929 3911 1006 3956 vero
1035 3891 1159 3975 prelato
1187 3890 1275 3957 dicte
1299 3891 1434 3956 ecclesie
1457 3897 1571 3975 pareat

233 4002 264 4060 et
289 3996 431 4061 assistat.

340 4101 432 4168 Sicut
455 4102 655 4169 nobilitatem
680 4109 765 4168 tuam
900 4103 976 4169 Dat.
1001 4110 1157 4189 utsupra
1181 4107 1232 4184 (=
1249 4105 1342 4169 Avin.
1368 4104 1430 4169 XV
1458 4103 1504 4168 kl.
1528 4105 1569 4169 ia·

231 4207 337 4276 nuarii
360 4230 390 4274 a.
414 4209 667 4288 terciodecimo).

395 4333 467 4404 Rep.
486 4335 539 4388 115
556 4348 605 4402 ps.
625 4331 682 4402 If.
703 4331 742 4390 96
759 4350 807 4390 ar.
829 4337 906 4401 546;
924 4335 975 4390 Rz.
996 4335 1066 4389 1101
1084 4349 1114 4388 a.
1134 4338 1159 4389 1.

338 4577 452 4645 1581.
479 4577 566 4641 1328
588 4579 773 4645 December
796 4579 849 4642 21.
876 4574 1043 4662 Aoiqaou.

338 4721 509 4806 [Iohannes
535 4717 646 4803 XXII]
670 4716 819 4803 Philippo
843 4717 914 4802 regi
938 4715 1075 4781 Francie
1098 4714 1225 4780 illustri.

341 4828 485 4915 Benigne
507 4827 687 4915 recepimus
717 4824 837 4912 regalis
865 4821 1103 4909 magnificentie
1131 4821 1267 4903 litteras,
1297 4839 1355 4906 per
1389 4838 1471 4903 quas
1502 4838 1574 4886 cum
