3642 5509
279 477 334 536 eso
819 477 889 534 raaa
907 477 1028 548 August
1046 475 1072 532 a

280 661 388 746 posuit
422 680 518 745 super
540 660 606 743 illa,
642 679 713 724 cum
747 660 864 724 nullum
898 661 948 724 ius
971 659 1033 725 sibi
1057 664 1253 744 competeret
1285 657 1318 722 in
1344 656 1467 739 eadem,
1501 665 1533 723 et
1557 677 1615 742 pro

282 775 374 852 parte
401 767 481 834 dicti
497 767 671 833 Christiani
698 767 795 832 fuisse
818 786 987 851 perperam
1011 767 1220 852 appellatum,
1247 765 1383 831 eundem
1400 765 1615 831 Christianum

281 875 316 941 in
339 875 498 940 fructibus
531 895 571 940 ex
604 873 693 939 dicta
725 875 895 940 scolastria
923 877 1085 960 perceptis
1118 874 1205 940 dicto
1230 875 1378 940 Oonrado
1411 873 1616 941 restituendis

281 982 506 1048 nichilominus
539 981 816 1066 condempnando.
864 981 930 1048 Sed
964 1002 1034 1048 cum
1067 1004 1125 1068 pro
1158 991 1250 1067 parte
1283 983 1419 1068 perelati
1443 981 1615 1047 Christiani

281 1091 395 1155 fuisset
413 1111 432 1154 a
448 1090 606 1155 sententia
622 1088 805 1155 huiusmodi
822 1088 865 1154 ad
882 1089 992 1155 sedem
1009 1090 1205 1176 appellatum
1222 1089 1369 1172 eandem,
1388 1140 1395 1154 .
1414 1139 1421 1154 .
1440 1139 1446 1154 .
1464 1091 1616 1173 magister

281 1198 448 1263 Amerinus
472 1196 606 1263 Gerardi
642 1197 828 1282 capellanus
860 1205 969 1263 noster
1001 1217 1041 1262 ac
1073 1197 1152 1263 dicti
1185 1198 1297 1282 palatii
1330 1197 1463 1263 secundi
1496 1197 1617 1281 gradus

283 1324 450 1371 causarum
467 1303 596 1370 auditor
619 1305 651 1369 in
668 1303 849 1368 huiusmodi
873 1305 1101 1390 appellationis
1123 1306 1165 1370 ab
1183 1305 1294 1370 cadem
1318 1305 1479 1372 sententia
1502 1305 1617 1370 emisse

283 1432 381 1478 causa
404 1431 461 1497 per
484 1431 542 1477 nos
558 1410 743 1496 specialiter
767 1409 940 1496 deputatus
963 1412 1024 1477 rite
1047 1413 1080 1476 in
1104 1412 1161 1477 illa
1175 1411 1353 1498 procedens
1369 1410 1496 1478 demum
1520 1410 1617 1476 dictis

281 1520 541 1606 procuratoribus
565 1519 766 1602 presentibus
789 1516 829 1583 de
854 1517 1073 1584 coauditorum
1097 1539 1224 1585 suorum
1242 1519 1384 1586 eiusdem
1407 1518 1521 1605 palatii
1545 1539 1617 1584 con-

282 1629 353 1694 silio
386 1631 419 1692 et
452 1645 586 1692 assensu
625 1624 797 1690 diffinitive
830 1626 1056 1711 pronunciavit
1089 1625 1233 1692 decrevit
1265 1633 1297 1692 et
1330 1626 1522 1708 declaravit,
1561 1645 1617 1711 per

282 1734 403 1801 dictum
428 1733 605 1817 Guigonem
632 1733 713 1797 bene
744 1751 928 1817 processum
952 1740 986 1798 et
1009 1734 1236 1800 sententiatum
1264 1741 1296 1798 et
1320 1754 1377 1819 pro
1401 1740 1494 1818 parte
1518 1733 1617 1818 ipsius

282 1841 454 1909 Christiani
471 1861 639 1927 perperam
663 1840 860 1926 appellatum
877 1841 979 1906 luisse
1003 1861 1043 1906 ac
1058 1861 1129 1908 esse
1152 1842 1319 1926 ipsamque
1336 1842 1526 1907 senteutiam
1544 1863 1618 1907 con-

282 1949 432 2016 firmavit.
449 1949 528 2014 Cum
539 1954 647 2014 autem
659 1969 716 2033 pro
727 1953 819 2033 parte
832 1948 1113 2033 ipsiusChristiani
1127 1955 1192 2014 tam
1205 1956 1280 2014 ante
1293 1948 1414 2014 dietam
1426 1950 1617 2015 sententiam

282 2056 383 2142 ipsius
415 2055 570 2120 Aimerici
607 2075 703 2138 quam
737 2055 833 2119 etiam
869 2055 910 2120 ab
949 2075 988 2119 ea
1020 2055 1134 2121 fuisset
1168 2054 1212 2120 ad
1246 2062 1386 2121 nostram
1422 2056 1619 2123 audientiam

282 2163 490 2248 appellatum,
526 2161 687 2245 quondam
723 2160 936 2245 Raymundns
959 2163 1110 2227 Subirani
1135 2162 1320 2246 capellanus
1345 2168 1453 2229 noster
1476 2162 1619 2247 dictique

284 2270 396 2356 palatii
421 2270 508 2335 tertii
538 2267 659 2354 gradus
684 2287 852 2334 causarum
884 2267 1013 2334 auditor
1037 2270 1069 2333 in
1094 2267 1274 2334 huiusmodi
1302 2270 1554 2354 appellationum
1577 2270 1619 2335 ab

283 2379 397 2445 eodem
422 2377 593 2462 Aymerico
627 2375 814 2441 emissarum
848 2395 947 2441 cansa
975 2376 1162 2460 specialiter
1194 2375 1289 2442 datus
1317 2399 1337 2442 a
1366 2377 1468 2459 nobis,
1501 2379 1563 2442 rite
1585 2379 1618 2441 in

283 2485 340 2552 illa
364 2483 552 2571 procedens,
577 2481 707 2548 tandem
724 2483 985 2567 procuratoribus
1008 2483 1087 2567 ipsis
1111 2484 1312 2568 presentibus
1336 2482 1377 2548 de
1399 2483 1618 2550 coauditorum

284 2613 411 2660 suorum
437 2590 516 2656 dicti
531 2589 645 2676 palatii
670 2590 802 2656 consilio
827 2597 859 2656 et
883 2610 1016 2656 assensu
1032 2590 1203 2656 dilliuitive
1227 2591 1453 2676 pronunciavit
1476 2592 1620 2656 decrevit

283 2707 316 2766 et
331 2698 521 2781 declaravit,
545 2717 602 2782 per
619 2696 740 2761 dictum
757 2697 964 2781 hymericum
981 2696 1123 2782 legitime
1142 2718 1325 2782 processum
1343 2705 1376 2764 et
1390 2700 1619 2765 sententiatum

283 2809 316 2871 in
340 2825 438 2872 causa
461 2807 534 2891 ipsa
557 2810 590 2870 et
611 2824 669 2889 pro
694 2810 786 2890 parte
810 2803 888 2870 dicti
905 2804 1081 2870 Christiani
1103 2806 1145 2870 ab
1170 2825 1208 2871 eo
1231 2824 1399 2891 perperam
1422 2806 1619 2892 appellatum

283 2915 384 2982 fuisse
416 2934 455 2979 ac
479 2932 559 2994 esse,
595 2911 779 2994 dictamque
803 2912 966 2995 Aymcrioi
1000 2914 1193 2978 sententiam
1217 2914 1426 2997 confirmavit,
1460 2921 1555 2999 prout
1587 2914 1619 2978 in

283 3023 500 3088 instrumentis
532 3019 668 3105 publicis
702 3019 777 3084 inde
811 3018 969 3085 confectis
1003 3018 1176 3085 eorundem
1210 3020 1367 3104 Guigonis
1390 3021 1554 3106 aymerici
1587 3028 1620 3085 ct

284 3127 466 3214 Raymundi
498 3127 613 3211 sigillis
642 3126 772 3192 munitis
796 3126 965 3192 dicebatur
989 3127 1115 3212 plenius
1144 3128 1313 3194 contineri.
1360 3129 1492 3212 Nosque
1520 3127 1621 3214 ipsius

284 3235 423 3303 Comadi
448 3234 735 3321 supplicationibus
758 3234 916 3316 inclinati,
948 3237 1125 3301 sententias
1147 3237 1245 3321 ipsas,
1279 3237 1364 3302 sicut
1386 3237 1522 3320 provide
1555 3236 1621 3302 late

285 3351 386 3424 erant,
421 3350 509 3409 ratas
544 3352 576 3407 et
611 3347 721 3424 gratas
755 3340 914 3407 habentes
948 3361 1068 3425 easque
1102 3345 1297 3409 anctoritate
1332 3343 1512 3429 apostolica
1548 3363 1620 3409 con-

284 3451 458 3533 firmantes,
493 3448 618 3514 illarum
655 3450 875 3514 executionem
901 3449 1062 3532 qnondam
1087 3451 1223 3517 Nicolao
1248 3450 1290 3516 de
1313 3452 1440 3517 Fractis
1464 3452 1620 3518 canonico

286 3557 422 3625 ecclesie
446 3555 651 3622 Patr-acensis
680 3561 755 3620 tunc
780 3556 902 3622 viventi
928 3563 961 3621 ct
985 3557 1175 3639 quibusdam
1204 3558 1275 3625 aliis
1299 3559 1364 3625 suis
1387 3559 1420 3623 in
1443 3558 1506 3624 hae
1529 3565 1621 3644 parte

286 3665 420 3749 collegis
452 3683 510 3750 per
541 3670 668 3728 nostras
700 3665 732 3727 in
762 3670 851 3729 certa
881 3663 986 3729 forma
1018 3666 1142 3731 litteras
1168 3665 1316 3731 duximus
1350 3665 1620 3747 committendam,

287 3775 332 3839 eis
356 3774 439 3837 inter
463 3777 572 3836 cetera
595 3771 809 3854 iniungentes²
833 3777 868 3835 ut
892 3770 933 3836 de
950 3771 1046 3837 dictis
1070 3772 1228 3838 fructibus
1253 3794 1293 3839 ex
1317 3773 1430 3839 eadem
1453 3772 1621 3840 scolastria

286 3879 447 3965 perceptis
480 3876 567 3943 dicto
592 3877 740 3944 Conrado
773 3878 919 3944 facerent
946 3880 1037 3944 iuxta
1068 3881 1207 3965 ipsorum
1240 3881 1521 3946 instrumentorum
1544 3899 1619 3945 con·

288 3986 562 4071 demptnationum
603 3993 730 4052 tenores
763 3987 891 4072 plenam
928 3995 960 4052 et
1002 3987 1145 4054 debitam
1180 3989 1432 4055 satisfactionem
1467 3987 1620 4074 impendi,

289 4092 540 4159 contradictores
563 4114 621 4178 per
645 4113 812 4159 censuram
837 4095 1089 4161 ecclesiasticam
1115 4096 1310 4181 apellatione
1334 4097 1515 4182 postposita
1538 4116 1621 4160 com-

287 4201 458 4287 pescendo.
507 4200 675 4267 Predictus
702 4222 839 4284 namque
862 4202 1016 4268 Nicolaus
1038 4203 1125 4269 solus
1154 4205 1186 4268 in
1212 4203 1392 4270 huiusmodi
1422 4203 1621 4271 executionis

287 4308 464 4394 procedens
487 4311 628 4394 negotio,
654 4317 747 4395 prout
771 4330 812 4374 ex
835 4310 940 4375 forma
963 4310 1120 4376 dictarum
1146 4319 1327 4377 nostrarum
1350 4319 1479 4396 poterat
1501 4311 1622 4377 littera·

288 4437 367 4498 rum,
400 4436 568 4502 processus
600 4418 679 4482 lecit
703 4427 735 4482 et
758 4419 934 4484 sententias
958 4417 1040 4501 tulit,
1075 4417 1342 4501 quemadmodum
1377 4419 1482 4485 estin
1505 4418 1622 4484 talibus

289 4525 355 4589 lieri
382 4531 578 4608 consuetum,
603 4531 635 4590 et
658 4524 843 4611 specialiter
867 4525 1021 4590 canonice
1045 4525 1167 4592 monuit
1184 4526 1321 4592 eundem
1337 4526 1563 4609 Christianum,
1587 4535 1623 4590 ut

289 4631 410 4696 dictam
433 4633 631 4698 scolastriam
661 4633 789 4718 prelato
814 4631 964 4698 Conrado
989 4633 1121 4698 liberam
1151 4641 1184 4699 et
1207 4635 1239 4698 in
1263 4655 1345 4719 pace
1369 4633 1545 4699 dimitteret
1561 4681 1570 4698 .
1588 4681 1622 4697 ..

289 4759 412 4804 necnon
436 4738 477 4804 de
501 4739 659 4805 fructibus
683 4739 855 4805 antedictis
885 4740 1048 4825 perceptis
1071 4740 1220 4807 Conrado
1243 4741 1409 4807 antedicto
1432 4739 1623 4807 satisfactio

290 4867 361 4912 nem
386 4846 511 4932 plenam
537 4852 569 4911 ct
602 4845 741 4911 debitam
767 4847 952 4932 impendere
976 4855 1178 4932 procuraret;
1213 4848 1410 4933 alioquinin
1444 4849 1547 4935 ipsum
1571 4867 1624 4912 ex-
