3642 5509
768 451 837 512 1391
857 453 938 512 Mllrz
957 453 1000 510 91.
1512 433 1548 510 99

320 638 434 705 nro.
461 641 546 705 1397
571 640 670 705 Mdrz
692 641 746 703 21.
775 636 941 724 Aoipuou.

323 766 491 830 Iobounea
505 765 616 830 XXII
634 766 742 830 tribus
764 764 998 828 euecutoribua
1013 762 1164 843 mundat,
1188 762 1347 846 quatinus
1363 762 1549 847 capitulum

217 873 350 939 ecclesie
367 871 402 938 S.
418 871 572 937 Severini
598 869 805 938 Colonieneia
829 877 998 952 moneant,
1020 877 1060 934 ut
1075 869 1325 954 Heydeuricum
1336 870 1549 953 prepositum

215 981 382 1065 recipiunt
405 979 451 1044 od
473 986 640 1045 tractatur
663 979 880 1063 capitulares.

324 1121 495 1206 [lohannes
518 1121 629 1205 XXII]
659 1120 784 1187 decano
809 1118 1005 1186 Xanctensis
1028 1117 1129 1185 Golou
1153 1117 1237 1185 dioc.
1261 1123 1294 1185 et
1317 1118 1485 1186 Ambrosio
1509 1120 1550 1188 de

217 1229 413 1314 Lamayrola
436 1221 589 1295 canonico
614 1226 861 1294 Mediolanensis
884 1227 1092 1293 ecclesiarum
1115 1246 1155 1292 ae
1178 1225 1309 1292 officiali
1334 1226 1527 1294 Coloniensi.

324 1335 528 1421 Significavit
560 1335 652 1401 nobis
685 1333 823 1400 dilectus
852 1332 936 1399 filius
958 1332 1184 1418 Heydenricus
1211 1334 1391 1419 prepositus
1414 1335 1551 1402 ecclesie

218 1443 251 1510 S.
268 1443 415 1510 Severini
432 1443 631 1510 coloniensis
655 1442 840 1528 capellanus
864 1447 983 1523 noster,
1007 1439 1093 1524 quod
1116 1441 1193 1506 licet
1215 1440 1355 1506 universi
1379 1447 1412 1507 et
1434 1443 1551 1527 singuli

219 1551 366 1617 canonici
390 1549 582 1636 prebendati
605 1549 748 1616 eiusdem
773 1548 923 1622 ecclesie,
947 1546 1022 1613 dum
1039 1548 1234 1634 capitulares
1257 1553 1414 1615 tractatus
1434 1548 1553 1616 debent

218 1657 330 1723 haberi
362 1663 395 1722 et
428 1657 469 1724 de
502 1659 603 1743 ipsius
633 1655 771 1722 ecclesie
799 1657 891 1722 bonis
920 1675 959 1721 ac
989 1654 1129 1721 utilitate
1152 1654 1295 1738 tractari,
1330 1655 1373 1721 ad
1396 1662 1553 1724 1100111100

220 1762 402 1831 huiusmodi
425 1772 579 1831 vocentur
603 1770 635 1830 et
659 1765 756 1830 etiam
780 1763 992 1828 admittantur
1016 1768 1048 1828 et
1071 1768 1234 1845 tamquam
1257 1759 1448 1848 prebendati
1472 1765 1553 1829 reci·

219 1872 310 1957 piant
342 1871 414 1937 iura
445 1891 514 1954 sua,
549 1877 657 1936 tamen
691 1869 800 1936 dilecti
831 1869 889 1934 filii
918 1869 1093 1955 capitulum
1126 1868 1227 1954 ipsius
1250 1868 1387 1936 ecclesie
1410 1870 1481 1955 soli,
1517 1877 1554 1936 ut

220 1977 341 2058 dicunt,
378 1977 610 2061 consuetudini,
646 1997 708 2060 que
736 1975 876 2043 dicenda
908 1981 994 2043 esset
1018 1976 1202 2062 corruptela
1229 1976 1346 2061 potius,
1381 1976 1554 2044 innitentes

219 2085 380 2171 prefatum
404 2085 613 2171 prepositum,
648 2085 793 2168 quamvis
822 2082 966 2149 eiusdem
994 2082 1131 2151 ecclesie
1158 2084 1201 2148 sit
1224 2084 1398 2150 canonicus
1421 2085 1554 2170 preben-

221 2190 316 2258 datus
339 2212 380 2257 ac
402 2192 504 2258 maior
534 2198 567 2258 et
594 2191 741 2278 superior
767 2192 799 2257 in
824 2189 937 2257 eadem
962 2196 994 2256 et
1022 2192 1174 2276 precipue
1198 2210 1257 2256 sua
1283 2191 1409 2258 intersit
1436 2197 1554 2258 tracta·

221 2299 307 2364 tibus
330 2296 512 2365 huiusmodi
535 2299 698 2382 interesse,
723 2304 759 2364 ut
782 2297 875 2382 sciat,
901 2297 1040 2382 qualiter
1057 2317 1109 2363 res
1131 2304 1164 2364 et
1190 2298 1272 2364 bona
1295 2298 1395 2384 ipsius
1417 2299 1555 2367 ecclesie

222 2405 432 2492 disponantur
455 2412 488 2472 et
511 2406 607 2471 etiam
632 2406 858 2491 gubernentur,
892 2404 935 2471 ad
964 2411 1122 2471 tractatus
1149 2403 1278 2471 eosdem
1302 2425 1420 2473 vocare
1444 2411 1477 2473 et
1500 2407 1556 2474 ad·

221 2513 348 2579 mittere
370 2518 519 2579 recusant
542 2510 686 2580 indebite
709 2533 748 2579 ac
772 2510 814 2578 de
837 2513 938 2598 ipsius
961 2511 1097 2578 ecclesie
1120 2511 1241 2578 iuribus
1264 2517 1298 2578 et
1325 2513 1416 2580 bonis
1440 2513 1554 2581 eadem

223 2617 449 2686 commutando
477 2617 576 2685 etad
600 2625 725 2705 tempus
750 2620 800 2686 vel
828 2619 1062 2705 imperpetuum
1091 2618 1260 2685 vendendo
1289 2624 1322 2686 et
1351 2619 1556 2710 quamplures

222 2723 368 2793 redditus
391 2731 425 2792 et
450 2731 624 2812 proventus
656 2724 891 2812 prebendarum
924 2724 1189 2810 administrando,
1222 2726 1292 2812 ipso
1325 2728 1489 2814 preposito
1522 2736 1556 2796 et

224 2834 395 2899 canonicos
426 2832 619 2916 irrequisito,
652 2853 711 2919 pro
744 2832 835 2899 libito
868 2830 1042 2918 disponunt
1074 2832 1226 2918 ipsorum,
1258 2834 1291 2899 in
1319 2832 1462 2902 eiusdem
1486 2855 1555 2922 pre-

224 2940 320 3027 positi
344 2945 376 3006 et
399 2939 546 3007 canonici
570 2960 633 3006 non
656 2939 817 3009 medicum
840 2939 1052 3026 preludicium
1075 2946 1109 3006 et
1131 2961 1307 3024 gravamen
1407 2942 1475 3011 Nos
1497 2945 1556 3010 ita·

224 3067 286 3132 que
309 3095 360 3114 ...
388 3045 576 3115 discretioni
599 3054 705 3114 vestre
732 3094 765 3112 ..
784 3097 791 3113 .
817 3046 1017 3132 mandamus,
1042 3048 1215 3131 quatinus.
1234 3098 1241 3114 .
1260 3096 1266 3110 .
1284 3049 1461 3134 capitulum
1484 3070 1557 3116 auc

224 3155 355 3222 toritate
388 3161 498 3221 nostra
528 3172 655 3221 monere
679 3155 807 3239 curetis,
832 3159 867 3220 ut
895 3155 1092 3240 prepositum
1126 3155 1287 3241 prelatum
1321 3156 1479 3242 recipiant
1513 3155 1557 3222 ad

223 3261 380 3350 premissa
395 3311 449 3352 ...
494 3261 573 3327 Dat.
597 3262 691 3328 Avin.
715 3261 782 3327 XII
805 3260 849 3326 kl.
874 3260 985 3348 aprilis
1009 3282 1038 3327 a.
1062 3260 1241 3328 undecimo.

387 3368 460 3440 Rep.
479 3370 519 3423 83
535 3368 561 3438 f.
580 3367 646 3424 218¹
663 3369 813 3424 nr.1557.

332 3609 552 3677 1171.1327
577 3608 676 3676 Mire
699 3611 753 3678 21.
781 3608 947 3698 Aoipuou.

331 3752 491 3820 lohannes
515 3751 616 3818 XXII
639 3751 835 3820 Heidenrico
858 3753 1023 3840 preposito
1047 3754 1126 3820 eccl.
1151 3751 1184 3820 S.
1201 3753 1348 3822 Severini
1371 3753 1481 3822 Oolon.
1507 3773 1559 3822 ca·

225 3859 354 3948 pellano
378 3860 500 3946 papali,
530 3861 581 3926 cni
606 3859 680 3926 olim
705 3859 892 3944 indulserat,
928 3867 964 3926 ut
986 3860 1130 3927 residens
1152 3862 1186 3926 in
1209 3861 1310 3927 altero
1334 3861 1559 3929 beneficiorum

226 3986 354 4035 suorum
386 3966 691 4051 ecclesiasticorum,
724 3987 787 4051 que
820 3969 989 4034 obtinebat
1017 3975 1050 4034 et
1078 3970 1111 4034 in
1134 3977 1296 4055 posterum
1320 3988 1392 4035 eum
1415 3971 1560 4037 obtinere

227 4074 440 4159 contingeret,
476 4073 599 4140 tructus
622 4094 761 4139 annuum
786 4075 1087 4160 ecclesiasticorum,
1119 4076 1217 4141 etiam
1240 4077 1268 4142 si
1291 4075 1468 4161 dignitates
1490 4097 1560 4164 per·

227 4187 359 4248 sonatus
381 4181 433 4247 vel
463 4180 573 4248 officia
605 4181 791 4265 existerent,
824 4181 950 4266 integre
983 4202 1084 4266 usque
1117 4181 1159 4248 ad
1192 4183 1360 4249 triennium
1393 4185 1561 4270 percipere

228 4295 346 4374 posset,
380 4287 551 4354 cotidianis
584 4287 862 4355 distributionibus
895 4288 1064 4355 dumtaxat
1089 4289 1245 4376 exceptis,
1275 4289 1434 4375 indulget,
1468 4292 1561 4357 utin

228 4395 330 4462 altero
364 4393 590 4461 beneficiorum
623 4415 751 4462 suorum
780 4401 836 4461 aut
863 4394 951 4481 apud
979 4395 1090 4463 sedem
1113 4397 1323 4481 apostolicam
1347 4398 1398 4464 vel
1421 4397 1454 4463 in
1477 4397 1561 4483 loco,

229 4503 282 4568 nbi
305 4502 446 4570 studium
468 4502 579 4587 vigeat
601 4501 762 4585 generale,
794 4500 967 4568 residendo
994 4503 1117 4570 fructus
1146 4504 1222 4571 item
1246 4504 1371 4589 integre
1394 4524 1495 4590 usque
1518 4503 1562 4572 ad

229 4607 317 4676 aliud
340 4609 510 4675 triennium
533 4609 700 4696 percipere
723 4609 841 4676 valeat.

333 4715 523 4784 Deuotionis
546 4722 599 4783 tue
622 4717 760 4803 probata
782 4715 1022 4784 sinceritas...
1068 4718 1145 4784 Dat.
1170 4718 1267 4785 Aviu-
1292 4719 1359 4786 XII
1382 4719 1428 4785 kl.
1452 4719 1563 4808 aprilis

230 4843 259 4894 u.
283 4822 463 4894 undecimo.
