3642 5509
810 487 880 542 1327
900 487 964 543 Juli
982 488 1025 543 21.

353 683 475 749 1288.
510 682 596 750 1327
620 685 696 750 Jntt
719 687 772 749 21.
798 683 963 770 Acipnon.

356 824 515 890 Iohannes
543 824 642 890 XXII
677 824 780 890 eidem
816 826 964 911 [Iohanni
993 826 1034 892 de
1064 827 1220 895 Nassawe
1249 831 1413 914 preposito
1446 831 1583 897 ecclesie

249 931 469 998 Confluentine
493 933 660 1018 capellano
684 932 815 1016 nostrol.

355 1038 441 1107 Ecce
475 1038 561 1121 quod
594 1038 730 1104 dilectus
763 1038 847 1104 filins
880 1040 1037 1106 Henricus
1071 1040 1111 1106 de
1146 1041 1332 1108 luliaco..
1359 1092 1366 1108 .
1391 1045 1500 1126 aliqua
1523 1044 1583 1110 tibi

248 1165 344 1230 super
376 1145 466 1211 facto
492 1194 498 1206 .
524 1195 530 1210 .
557 1146 700 1230 episcopi
734 1145 897 1231 Spirensis
922 1158 954 1212 et
979 1147 1119 1212 Wilrici¹
1145 1169 1184 1212 ac
1213 1149 1308 1231 illius,
1346 1152 1400 1232 qui
1432 1151 1517 1234 gerit
1548 1171 1583 1218 se

248 1273 305 1336 pro
339 1253 531 1319 cancellario
647 1253 765 1318 Bavari
796 1254 983 1338 explicabit,
1019 1275 1115 1340 super
1142 1257 1258 1337 quibus
1287 1257 1391 1322 eidem
1418 1259 1582 1343 preposito

248 1358 342 1423 fidem
368 1359 525 1426 adhibeas
548 1367 581 1425 et
613 1379 710 1445 opere
740 1360 900 1445 complere
928 1382 990 1427 non
1020 1361 1160 1444 differas,
1186 1383 1247 1445 que
1271 1364 1358 1429 circa
1381 1365 1443 1430 hoc
1467 1386 1582 1450 eogno-

249 1466 332 1532 reris
355 1475 522 1552 oportuna.
570 1467 648 1531 Dat.
672 1473 707 1531 ut
731 1486 828 1551 supra
852 1467 1002 1552 [=Avin.
1019 1468 1084 1534 XII
1109 1469 1155 1536 kt.
1180 1472 1308 1554 augusti
1333 1492 1363 1537 a.
1387 1470 1579 1557 undecimol.

413 1590 485 1661 Rep.
505 1593 558 1644 114
576 1590 601 1661 f.
621 1591 666 1644 70‘
686 1606 735 1644 ar.
755 1591 841 1654 1037,·
862 1591 914 1646 uz.
933 1592 1002 1646 882.

353 1880 495 1948 *1234
521 1884 607 1948 1327
631 1883 707 1949 Julc'
730 1885 783 1947 23.
808 1881 974 1969 Aor'pooa.

353 2030 513 2096 Iohannes
537 2031 635 2096 XXII
660 2030 796 2097 ducibus
820 2030 1019 2117 principibus
1043 2031 1279 2099 marchionibus
1303 2033 1472 2100 comitibus
1497 2034 1581 2101 rice·

246 2137 415 2203 comitibus
449 2137 620 2204 baronibus
656 2139 834 2221 ceterisque
866 2138 1026 2203 nobilibus
1059 2145 1123 2203 tam
1149 2140 1296 2206 vassallis
1326 2141 1462 2207 ecclesie
1487 2140 1578 2208 Colo·

246 2245 365 2310 niensis
398 2251 492 2327 quam
526 2245 597 2311 aliis
625 2265 749 2311 necnon
774 2246 957 2311 consulibus
980 2246 1122 2311 scabinis
1146 2247 1323 2313 rectoribus
1346 2269 1386 2314 ac
1410 2251 1579 2314 communi-

246 2351 367 2418 tatibus
396 2359 428 2417 et
459 2352 721 2419 universitatibus
757 2352 924 2418 civitatum
959 2359 1134 2418 castrorum
1170 2353 1339 2438 opidorum
1375 2360 1407 2420 et
1443 2356 1580 2421 aliorum

246 2477 515 2541 quorumcumque
539 2459 679 2525 locorum
704 2460 737 2524 in
762 2459 894 2525 civitate
919 2458 1041 2526 diocesi
1065 2480 1103 2525 ac
1120 2461 1286 2544 provincia
1299 2460 1479 2528 Coloniensi
1504 2482 1578 2529 con·

245 2563 431 2631 sistentibus
455 2567 596 2648 nunciat,
622 2565 708 2649 quod
731 2565 918 2633 Ludovicus
942 2566 1017 2632 olim
1041 2565 1106 2631 dux
1131 2567 1291 2633 Bavaria.
1307 2617 1314 2632 .
1328 2617 1336 2633 .
1350 2569 1383 2633 in
1407 2576 1512 2635 castro
1537 2567 1578 2634 de

245 2671 340 2738 Kirve
356 2673 390 2752 (t)
415 2673 622 2739 Treverensis
651 2671 789 2739 diocesis
817 2693 917 2738 novas
947 2680 979 2738 et
1008 2693 1126 2757 gaves
1153 2673 1362 2760 pedagiorum
1393 2674 1580 2742 exactiones

189 2787 194 2794 '
244 2780 401 2846 universis
415 2829 422 2846 .
437 2829 444 2846 .
460 2831 465 2842 .
480 2781 719 2847 transeuntibus
742 2781 774 2844 in
799 2781 1014 2846 mercimoniis
1037 2785 1069 2845 et
1092 2781 1186 2847 rebus
1208 2783 1274 2848 suis
1298 2789 1417 2848 temere
1441 2782 1578 2848 duxerat

246 2887 535 2972 ...imponendas
569 2893 700 2972 propter
733 2907 795 2970 qne
828 2886 1044 2954 anathematis
1073 2889 1265 2955 sententiam
1366 2891 1510 2956 noscitur
1532 2891 1578 2954 in-

244 2993 390 3076 currisse,
427 2993 512 3076 quod
536 2993 622 3059 idem
644 2995 772 3059 noviter
810 2992 990 3076 „quandam
1026 3001 1145 3060 turrem
1176 2995 1384 3062 foritssimam
1414 2999 1445 3061 in
1474 2996 1579 3062 insula

244 3099 326 3166 Reni
349 3121 450 3186 prope
474 3100 596 3166 dictum
620 3107 758 3167 castrum
783 3110 978 3183 construere,
1016 3108 1049 3166 ut
1079 3101 1272 3187 dampnatas
1299 3103 1519 3187 impositiones
1547 3109 1579 3169 et

245 3207 430 3272 exactiones
458 3206 622 3292 predictas
650 3205 760 3273 durius
784 3214 816 3273 et
840 3207 1001 3273 crudelius
1029 3206 1189 3292 exigendo
1213 3210 1409 3291 continuare,
1433 3210 1578 3292 illasque

244 3312 417 3380 defendere
445 3314 560 3380 fortius
589 3315 707 3396 valeat,
741 3315 804 3380 iam
829 3313 981 3399 incepit.“
1036 3316 1128 3401 Ipsos
1161 3313 1319 3398 bortatur,
1352 3322 1388 3381 ut
1421 3317 1577 3402 archiepi-

243 3440 341 3506 scopo
366 3421 547 3488 Coloniensi
580 3421 733 3488 assistant
761 3420 804 3487 ad
832 3421 1025 3487 amotionem
1049 3420 1206 3487 dictorum
1231 3421 1441 3507 pedagiorum
1465 3430 1499 3489 et
1522 3422 1577 3491 de-

244 3527 438 3594 molitionem
462 3527 580 3594 edificii
604 3526 690 3593 dicte
715 3529 820 3594 turris.

349 3634 401 3701 Ad
430 3634 627 3702 audientiam
658 3641 799 3701 nostram
828 3684 835 3700 .
866 3685 873 3700 .
903 3684 911 3700 .
958 3637 1035 3701 Dat.
1065 3636 1158 3702 Asin.
1183 3637 1215 3700 X
1239 3636 1285 3703 kl.
1313 3637 1442 3721 augusti
1467 3659 1497 3703 a.
1521 3657 1576 3703 un·

243 3740 379 3808 decimo.

403 3867 475 3938 Bep.
496 3869 550 3921 114
564 3882 612 3936 ps.
632 3867 668 3922 H
682 3867 706 3938 f.
726 3867 773 3923 44¹
790 3883 838 3923 nr.
857 3869 923 3924 860.

350 4047 386 4110 In
410 4067 437 4112 e.
455 4068 495 4112 ιιι.
520 4045 653 4114 mutatis
676 4046 838 4114 mutandis
862 4047 1064 4115 ducibus...
1082 4049 1114 4113 in
1139 4050 1271 4116 civitate
1295 4048 1416 4116 diocesi
1440 4070 1480 4115 ac
1503 4069 1572 4135 pro·

242 4152 349 4218 vincia
365 4152 553 4239 Magantina
577 4154 834 4238 considentibus,
859 4154 995 4221 ducibus
1013 4205 1021 4220 .
1036 4205 1043 4221 .
1060 4205 1067 4220 .
1084 4155 1117 4220 in
1141 4155 1274 4222 civitate
1298 4155 1419 4223 diocesi
1442 4176 1483 4222 ae
1504 4175 1575 4241 pro·

241 4259 348 4324 vincia
372 4261 562 4327 Treverensi
587 4261 835 4328 consistentibus
858 4281 983 4327 necnon
1007 4262 1085 4348 ipsis
1108 4263 1361 4349 archiepiscopis
1376 4263 1574 4346 Magantino,

242 4365 424 4433 Coloniensi
448 4374 480 4433 et
505 4369 705 4452 Treverensi,
742 4369 903 4454 episeopis
936 4369 1072 4454 aliisque
1104 4370 1237 4455 prelatis
1265 4371 1297 4436 in
1328 4369 1501 4456 provinciis
1525 4367 1575 4435 his

242 4474 498 4557 consistentibus,
523 4475 659 4541 Iohanni
684 4474 724 4541 de
740 4475 897 4544 Nassawe
921 4474 1084 4562 preposito
1109 4477 1244 4544 ecclesie
1267 4476 1488 4543 confluentiae
1509 4475 1574 4540 Ma·

240 4579 374 4662 guntine
398 4580 481 4648 dioc.
500 4583 534 4664 (t)
551 4581 719 4667 capellano
744 4583 863 4668 papali.

339 4777 365 4842 1)
386 4779 426 4832 de
446 4777 552 4833 ordine
572 4780 698 4833 fratrum
718 4778 933 4834 heremitarum
952 4777 982 4836 S.
1000 4779 1165 4849 Augustini
1187 4780 1353 4837 eorundem
1373 4781 1501 4835 fratrum
1514 4778 1573 4833 Ma·

244 4867 362 4936 guntIn·
382 4867 511 4922 lectoris.
540 4866 579 4937 cf.
599 4865 672 4922 ibid.
691 4865 716 4936 s.
734 4866 781 4921 541
799 4882 846 4921 nr.
867 4867 932 4922 931.
