3642 5509
756 346 824 402 1341
843 346 917 402 Juui
936 345 979 402 23.
1485 342 1538 400 575

205 528 401 595 decimarum
437 530 656 596 sexeunalium
690 534 722 594 et
752 528 953 594 triennalium
978 527 1198 613 impositarum
1221 547 1279 613 per
1301 527 1407 594 felicis
1432 549 1537 595 recor·

206 637 344 703 dationis
380 636 541 703 dominum
579 637 752 703 Iohannem
787 658 906 722 papam
932 637 1031 701 XXII
1065 656 1189 701 necnon
1223 636 1383 701 fructuum
1417 637 1538 702 henefi-

207 744 325 809 ciorum
359 744 446 830 apud
479 744 587 811 sedem
622 745 829 831 apostolicam
859 746 1041 810 vacantium
1072 745 1105 808 in
1129 743 1338 827 Lugdunensi
1363 744 1537 811 Viennensi

207 851 376 917 Bisuntina
399 853 590 917 Treverensi
614 858 646 917 et
670 829 920 917 Taran'iasiensi'
939 850 1112 936 provinciis
1142 850 1335 916 auctoritate
1359 851 1538 936 apostolica

207 957 378 1043 deputatus
407 958 448 1024 de
479 959 557 1044 ipsis
591 958 749 1025 fructibus
782 958 1012 1023 beneficiomm
1037 964 1070 1023 et
1092 957 1230 1023 residuis
1262 956 1421 1023 dictarum
1455 957 1539 1024 deci-

207 1086 328 1130 marum
353 1086 409 1151 per
432 1066 535 1151 ipsum
561 1066 699 1150 receptis
723 1066 755 1130 iu
778 1066 1037 1130 extenuationem
1060 1086 1192 1143 summe,
1217 1066 1249 1129 in
1267 1084 1330 1148 qua
1346 1071 1396 1131 est
1412 1086 1538 1131 camere

207 1172 354 1258 predicte
377 1174 547 1257 obligatus,
582 1194 639 1259 per
671 1174 769 1238 finem
800 1180 1019 1258 computorum
1048 1192 1175 1238 suorum
1199 1174 1260 1259 ipsi
1285 1192 1411 1239 camere
1434 1172 1540 1239 reddi-

207 1286 309 1345 torum
333 1280 394 1367 ipsi
419 1300 545 1346 camere
569 1282 746 1364 assignavit
769 1286 802 1346 et
824 1281 920 1346 solvit
1051 1278 1538 1347 11⁰Lx1f10r.auriPedim0nt.

1049 1388 1208 1454 LXXVII
1232 1387 1357 1455 scudat.
1381 1389 1460 1455 auri.

1046 1496 1125 1562 VIII
1148 1495 1294 1582 duplices
1323 1495 1365 1564 de
1389 1497 1537 1565 Francia.

1047 1604 1115 1669 IIII
1138 1603 1267 1690 pavalh.
1292 1606 1372 1670 auri.

1048 1711 1077 1776 V
1100 1712 1227 1795 regales
1250 1713 1330 1777 anri.

1045 1818 1158 1884 XVIII
1183 1818 1254 1885 libr.
1278 1821 1509 1903 gehenneuses.

357 1908 432 1961 Iutr.
453 1910 480 1962 et
499 1905 569 1963 ecit.
591 1908 687 1978 19οΐΙ
707 1909 765 1975 33;
788 1905 899 1963 Kirsch
916 1923 949 1976 p.
969 1907 1031 1961 157.

316 2105 445 2172 2384.
478 2109 563 2171 1341
589 2108 666 2173 Jalt
689 2110 743 2172 23.
767 2107 934 2194 Aui9uon.

315 2231 511 2297 Benedictus
546 2231 612 2297 XII
647 2230 800 2317 episcopo
835 2232 990 2317 Pragensi
1026 2230 1173 2304 mandat,
1215 2233 1364 2313 quatinus
1399 2232 1540 2300 Henrico

208 2338 453 2424 archiepiscopo
476 2340 664 2423 Magantino
689 2339 936 2425 metropolitano
960 2358 1028 2421 suo,
1053 2340 1106 2422 qui
1130 2337 1273 2423 parendo
1298 2345 1330 2404 et
1353 2338 1540 2406 adherendo

209 2453 240 2510 et
264 2445 436 2531 prestando
467 2447 620 2511 auxilium
650 2447 817 2512 consillum
847 2452 878 2511 et
906 2446 1052 2512 favorem
1075 2445 1241 2511 Ludovico
1266 2446 1308 2510 de
1331 2447 1472 2512 Bavaria
1495 2449 1540 2512 in·

209 2554 308 2617 currit
331 2554 547 2638 suspensionis
572 2560 605 2619 et
628 2553 968 2620 excommunicationis
991 2572 1101 2638 penas,
1126 2553 1157 2617 in
1181 2554 1268 2618 nullo
1292 2561 1415 2638 parcat.

313 2660 360 2725 Te
393 2659 541 2745 ignorare
573 2680 637 2725 non
671 2659 830 2726 credimus
861 2709 868 2724 .
894 2710 901 2725 .
930 2710 937 2724 .
995 2660 1070 2725 Dat.
1095 2660 1191 2725 Avin.
1217 2659 1249 2724 X
1279 2659 1324 2725 kl.
1354 2662 1481 2746 augusti
1510 2681 1540 2727 a.

208 2768 354 2853 septimo.

359 2874 428 2945 Ray.
449 2873 506 2928 129
524 2875 548 2944 s.
568 2874 635 2928 267¹
653 2890 701 2929 ur.
721 2875 788 2929 400.

314 3087 444 3154 2385.
476 3092 562 3154 1341
587 3090 663 3155 Jatt
686 3091 740 3155 30.
778 3091 970 3156 Viuceuues.

317 3214 484 3300 Philippus
509 3216 646 3281 Francia
670 3236 726 3281 rex
745 3215 934 3282 Baldewino
959 3217 1202 3301 archiepiscopo
1226 3216 1358 3280 Trever.
1383 3215 1545 3301 promittit

208 3340 243 3386 se
267 3341 306 3386 ex
331 3322 392 3387 hoc
416 3332 559 3408 tempore
584 3331 615 3389 et
639 3323 792 3406 quamdiu
809 3326 876 3390 vita
900 3344 1007 3389 comes
1031 3323 1183 3405 extiterit,
1209 3324 1239 3387 ei
1263 3321 1382 3387 dehere
1406 3329 1439 3387 et
1460 3322 1544 3389 velle

207 3428 439 3513 imperpetuum
475 3430 567 3497 fideli
602 3432 745 3497 amicitia
780 3439 813 3497 et
850 3430 1112 3497 confederatione
1150 3430 1251 3512 iungi,
1287 3429 1333 3494 ita
1357 3435 1391 3493 ut
1415 3429 1545 3512 singula

208 3537 276 3602 eius
313 3537 475 3621 presentia
509 3545 540 3602 et
573 3539 681 3604 lutura
712 3539 853 3622 negotia,
899 3558 961 3620 que
992 3539 1021 3604 ei
1050 3558 1121 3603 eum
1155 3536 1410 3619 quibuscumque
1444 3534 1543 3599 inter-

210 3643 337 3724 cedunt,
362 3645 403 3709 sit
426 3651 637 3728 promoturus.

315 3750 433 3818 Notum
466 3752 611 3836 facimus,
646 3752 764 3837 quod.
794 3803 802 3818 .
832 3800 839 3816 .
892 3753 1012 3818 Datum
1041 3749 1127 3837 apud
1152 3768 1265 3815 nemus
1289 3748 1467 3813 Vincenum
1491 3744 1545 3810 die

209 3858 384 3942 penultima
407 3880 447 3924 m.
473 3861 541 3924 iulii
565 3883 594 3927 a.
620 3860 651 3926 d.
677 3860 880 3927 MOOOXLI.

358 3982 529 4052 Horrthet'm,
549 3983 629 4039 Hist.
654 3984 767 4039 Trevim
788 3983 863 4055 dipl.
880 3985 912 4037 II
927 4000 974 4037 nr.
986 3985 1055 4038 658.
1075 3980 1139 4051 (Em
1149 3976 1293 4032 Broc-era
1303 3976 1412 4032 Annei.
1428 3974 1544 4027 Thever.

359 4073 395 4125 II
410 4088 460 4144 pp.
481 4073 559 4141 213.)
582 4102 613 4113 -
634 4072 709 4128 Bibl.
730 4072 810 4129 ciuit.
835 4074 953 4127 Treuer.
973 4068 1194 4126 Baldewiuum
1214 4064 1413 4122 Kcaaelatadt.

315 4359 442 4427 2386.
468 4363 553 4427 1341
578 4359 983 4449 October18.Avipuon.

314 4504 508 4570 Benedictus
535 4504 601 4569 Xll
637 4505 800 4570 Walramo
829 4503 1077 4589 archiepiscopo
1104 4493 1301 4562 Coloniensi
1330 4483 1488 4568 indulget,
1525 4491 1563 4549 ut

210 4610 383 4694 confessor,
409 4632 501 4694 quem
526 4610 654 4675 duxerit
678 4611 871 4695 eligendum,
896 4611 1037 4676 omnium
1054 4608 1280 4689 peccatorum
1304 4595 1432 4680 plenam
1454 4592 1569 4658 remis-

209 4720 330 4785 sionem
354 4720 384 4783 ei
408 4718 506 4785 semel
530 4718 561 4782 in
586 4717 696 4784 mortis
720 4718 855 4785 articulo
880 4713 1062 4783 concedere
1088 4708 1224 4773 valeat.
