3642 5509
723 438 794 495 1330
811 438 990 511 September
1008 437 1052 495 26.
1483 439 1537 497 869

306 618 344 684 In
378 639 405 684 e.
440 640 481 685 m.
515 619 644 685 mutatis
677 619 839 687 mutandis
872 619 1116 706 archiepiscopo
1151 620 1343 686 Treverensi
1368 670 1374 685 .
1400 671 1407 686 .
1432 671 1438 686 .
1461 622 1537 690 duci

201 726 339 794 Austris.

308 835 384 900 Dat.
409 834 455 900 Vl
477 834 523 899 kl.
549 834 691 900 octobris
713 855 743 900 1.
768 835 840 899 XV.

350 959 423 1028 Rep.
438 957 492 1012 116
505 972 556 1027 pa.
569 958 602 1013 11
619 958 643 1029 f.
658 958 851 1022 7111111·
874 958 914 1029 cf.
928 957 1098 1029 eaproter,
1118 959 1222 1014 Anaal
1249 961 1316 1014 eccl.
1336 977 1363 1014 a.
1379 962 1535 1026 1330127.

307 1222 424 1288 1951.
450 1223 538 1287 1330
559 1221 754 1308 September
775 1225 830 1288 20.
854 1222 1021 1310 Aoipnorr.

308 1363 472 1431 lohannes
494 1364 595 1430 XXII
623 1363 734 1431 Ottoni
767 1364 841 1430 duci
865 1367 996 1432 Austrie
1029 1372 1061 1431 et
1085 1366 1193 1452 Styrie
1226 1365 1367 1434 destinat
1401 1368 1536 1452 litteras,

201 1472 316 1554 quibus
338 1473 458 1539 inserte
480 1479 554 1539 sunt
578 1478 713 1556 quatuor
744 1473 881 1560 epistole
905 1474 947 1539 ab
972 1471 1090 1539 Ottone
1114 1475 1175 1558 ipsi
1199 1494 1283 1561 pape
1307 1475 1429 1542 directe
1453 1497 1536 1544 com-

200 1579 373 1665 probantes
396 1578 488 1645 ducis
511 1580 759 1645 inconstantiam
782 1577 858 1645 date
885 1578 917 1644 d.
934 1581 965 1647 2.
982 1579 1147 1662 februarii,
1172 1581 1224 1646 23.
1242 1581 1364 1666 aprilis,
1389 1583 1536 1649 20111111

200 1706 253 1749 rar.
279 1687 379 1767 1907)
412 1692 446 1751 et
471 1688 521 1752 17.
548 1687 636 1751 iunii.
683 1685 787 1752 Valde
820 1687 983 1772 vituperat
1015 1688 1084 1752 eius
1116 1687 1363 1754 inconstantiam
1399 1709 1470 1755 cum
1503 1691 1536 1754 in

201 1793 302 1858 tercia
325 1799 359 1858 et
391 1800 506 1876 quarta
539 1792 676 1879 epistola
699 1791 886 1875 ostenderit,
921 1813 955 1859 se
984 1794 1164 1877 suscepisse
1197 1793 1337 1860 officium
1370 1815 1435 1860 una
1464 1816 1535 1862 cum

199 1896 387 1965 baldewino
411 1900 654 1986 archiepiscopo
674 1900 865 1965 Treverensi
881 1905 914 1965 ct
930 1899 1073 1965 Iohanne
1090 1920 1165 1984 rege
1181 1901 1313 1966 Boemie
1331 1902 1535 1988 procurandi,

200 2007 286 2091 quod
304 2009 448 2074 Bararus
471 2008 504 2074 in
528 2007 618 2091 regio
642 2013 675 2072 et
695 2005 854 2091 imperiali
878 2013 1057 2073 remaneret
1072 2007 1202 2089 honore,
1227 2014 1260 2074 et
1282 2027 1317 2074 se
1335 2009 1535 2075 constituerit

199 2114 356 2181 fautorem
381 2122 413 2180 et
436 2113 520 2180 adeo
542 2112 787 2199 stipendiarium
810 2111 971 2179 Lndovici
994 2113 1035 2179 de
1060 2114 1208 2180 Savaria.

308 2224 334 2289 A
353 2228 418 2306 tua,
442 2221 499 2304 fili,
522 2242 586 2287 nou
609 2220 770 2288 eredimus
788 2274 795 2288 .
813 2269 847 2285 ..
880 2222 957 2287 Dat.
974 2222 1034 2288 Ar.
1053 2222 1098 2287 Vl
1122 2221 1167 2286 kl.
1191 2222 1333 2288 octobris
1357 2242 1387 2288 a.
1411 2223 1535 2306 quinto·

201 2328 338 2396 decimo.

362 2436 436 2507 Rep.
458 2439 514 2493 110
528 2437 554 2508 s.
574 2440 611 2493 74
628 2454 676 2493 rer.
696 2438 755 2494 337
760 2454 774 2506 ,·
792 2437 844 2492 Be.
865 2437 948 2492 1388.

307 2708 427 2778 1952.
454 2711 542 2777 1330
564 2710 757 2798 September
780 2714 834 2777 27.
859 2710 1025 2798 Aoipraorr.

307 2852 468 2920 Iohannes
501 2853 600 2920 XXII
640 2852 828 2921 Baldewino
866 2853 908 2920 de
941 2850 1114 2937 Via[nlden
1160 2851 1243 2918 laico
1276 2853 1407 2918 Trever.
1449 2851 1533 2922 dioc.

198 2965 342 3027 reservat
357 2959 545 3026 beneficium
562 2960 815 3027 ecclesiasticum
838 2979 896 3027 seu
911 2959 1053 3026 officium
1078 2979 1148 3024 eum
1164 2958 1330 3044 prebenda
1346 2966 1534 3024 consuetum

198 3065 291 3132 laicis
322 3069 491 3151 assignari,
529 3068 620 3134 cuius
651 3068 775 3134 tructus
808 3065 988 3150 quindecim
1022 3064 1221 3131 marcharum
1246 3065 1372 3150 argenti
1405 3085 1430 3131 s.
1455 3072 1478 3129 t.
1500 3065 1532 3130 d.

199 3173 341 3240 valorem
373 3194 511 3240 annuum
541 3195 605 3240 non
630 3173 801 3259 excedunt,
832 3180 984 3260 spectans
1015 3171 1058 3238 ad
1091 3171 1333 3257 dispositionem
1367 3171 1534 3257 capellarii

199 3281 279 3348 eccl.
303 3280 413 3348 Solon.

305 3388 470 3455 Attributa
497 3388 557 3455 tibi
585 3388 701 3455 merita
725 3438 733 3454 .
757 3437 796 3454 ..
844 3389 920 3456 Dat.
945 3387 1030 3452 Avin
1054 3387 1083 3451 V
1107 3386 1152 3451 kl.
1181 3386 1322 3452 octobris
1349 3407 1379 3452 1.
1411 3385 1532 3468 quinto-

199 3493 334 3562 decimo.

306 3603 354 3668 ln.
378 3622 406 3669 e.
431 3625 472 3668 m.
497 3603 661 3689 preposito
684 3602 718 3670 S.
743 3601 891 3670 Severini
915 3602 1026 3668 Solon.
1051 3607 1083 3667 ct
1107 3599 1251 3667 eiusdem
1274 3621 1314 3667 ac
1337 3599 1371 3666 S.
1390 3600 1534 3686 Agricoli

199 3710 433 3777 Arenioneusis
456 3710 536 3780 eccl.
560 3709 704 3778 decanis.

347 3835 420 3905 Rep.
439 3836 476 3890 97
494 3849 542 3888 nr.
562 3833 628 3889 929.

308 4116 430 4185 lube.
461 4117 549 4184 1330
571 4115 765 4205 September
787 4118 841 4184 28.
865 4117 1031 4206 Aaipoora.

303 4262 471 4328 Iobarerreo
483 4263 594 4327 XXII
610 4263 763 4348 episcopo
780 4263 958 4329 Leodiertoi
978 4263 1128 4340 mandat,
1153 4260 1313 4347 quartuor
1336 4281 1411 4328 cem
1427 4262 1533 4328 Goda-

196 4369 294 4456 srido
320 4369 360 4435 de
385 4370 516 4435 luliaco
539 4371 675 4436 domino
708 4369 749 4436 de
774 4371 937 4436 Berclrem
967 4378 998 4436 et
1030 4371 1184 4435 Etr‘zobet
1216 4378 1299 4436 oete
1335 4370 1534 4436 Theoderici

197 4477 280 4542 dicti
303 4477 401 4563 Leyf
421 4477 462 4542 de
488 4473 586 4542 Oleoe
609 4477 781 4561 dispareret
807 4493 911 4558 saper
939 4484 1059 4562 quarto
1084 4479 1388 4562 consarpoirritatta
1409 4478 1533 4564 prode

305 4618 477 4702 [lohannes
500 4619 611 4703 XXII]
635 4621 788 4705 episcopo
812 4618 995 4686 Leodiensi.

305 4726 424 4793 Oblata
451 4727 543 4793 nobis
566 4748 624 4813 pro
649 4734 740 4812 parte
768 4727 884 4793 nobilis
908 4727 969 4793 viri
993 4725 1164 4793 Godefridi
1194 4726 1235 4793 de
1259 4727 1381 4794 luliaco
1411 4727 1532 4794 domiui

197 4833 238 4900 de
261 4833 417 4899 Berclrern
450 4841 483 4899 et
505 4833 623 4899 nobilis
655 4834 797 4900 mulieris
820 4834 968 4901 Elisabet
1000 4841 1076 4900 nate
1100 4833 1210 4900 dilecti
1244 4835 1300 4901 dlii
1331 4835 1448 4903 nobilis
1471 4832 1533 4901 viri

250 4954 556 5010 termemeno.
1271 4946 1276 4955 ·
1337 4941 1373 4996 21
