3642 5509
284 425 338 484 488
853 428 922 486 1335
941 429 1022 486 Mara
1042 431 1085 484 29.

391 611 590 677 Constitutus
614 613 645 676 in
671 611 834 697 presentia
857 621 967 678 nostra
998 661 1004 677 .
1031 662 1038 678 .
1066 661 1073 677 .
1121 611 1209 698 [Dat.
1234 613 1331 679 Aviu.
1360 612 1409 678 XI
1434 612 1478 678 kl.
1507 610 1618 697 aprilis

283 742 313 786 a.
338 723 448 806 primo.

445 848 517 918 Bep.
539 849 595 902 120
613 862 660 900 ar.
681 847 738 901 712
757 845 813 902 litt.
834 848 895 903 189.

393 1119 521 1186 2228.
547 1122 633 1186 1335
657 1123 755 1186 Mdrz
776 1122 829 1186 29.
854 1119 1020 1207 Aoipnou.

393 1263 588 1330 Benedictus
612 1264 678 1330 XII
714 1265 960 1351 archiepiscopo
991 1264 1172 1330 Coloniensi
1202 1265 1343 1340 mandat,
1374 1265 1523 1348 quatinus
1547 1287 1618 1330 curn

286 1371 429 1438 Iohanne
462 1371 504 1437 de
528 1372 701 1439 Tremouia
737 1375 853 1439 clerico
889 1373 999 1439 Coton.
1034 1373 1118 1439 dioc.
1155 1374 1196 1440 de
1231 1375 1409 1459 presbitero
1443 1377 1554 1458 genito
1586 1382 1619 1440 et

285 1479 391 1544 soluta
421 1477 595 1564 dispenset,
630 1479 717 1563 quod
750 1481 805 1544 illo
840 1479 968 1546 delectu
997 1482 1151 1546 natalium
1180 1503 1243 1546 non
1272 1483 1420 1548 obstante
1444 1483 1486 1546 ad
1510 1504 1619 1548 omnes

286 1585 414 1652 ordines
438 1586 619 1672 promoveri
637 1593 670 1652 et
686 1587 876 1653 beneficium
894 1589 1148 1654 ecclesiasticum
1167 1609 1236 1653 cnm
1255 1609 1331 1654 cura
1347 1590 1493 1656 obtinere
1508 1592 1618 1676 possit.

393 1695 592 1760 Constitutus
618 1695 651 1761 in
675 1695 838 1779 presentia
861 1703 991 1762 nostra.
1019 1743 1026 1758 .
1052 1745 1060 1760 .
1107 1695 1194 1781 [Dat.
1219 1696 1313 1762 Auin.
1338 1698 1405 1763 IIII
1434 1699 1480 1763 kl.
1509 1699 1621 1784 aprilis

286 1824 316 1868 a.
342 1801 466 1889 primo]
1509 1835 1513 1839 ’

450 1925 883 1998 mmmmm&

391 2208 520 2276 2229.
552 2211 638 2275 1335
664 2209 761 2274 Matre
791 2210 844 2274 29.
882 2208 1048 2297 Aoipnoo.

396 2353 590 2420 Benedictus
614 2353 680 2417 XII
710 2351 954 2438 archiepiscopo
979 2355 1170 2421 Treverensi
1198 2355 1341 2438 mandat,
1372 2359 1522 2440 quatinus
1550 2379 1622 2424 cum

290 2461 419 2528 Conone
448 2460 487 2525 de
512 2459 698 2526 Hobestede
726 2461 840 2525 scolari
871 2461 1005 2526 Trever.
1030 2460 1115 2527 dioc.
1140 2462 1181 2527 de
1214 2464 1318 2529 soluto
1350 2466 1461 2548 genito
1490 2473 1522 2533 et
1550 2487 1623 2532 con-

289 2568 401 2650 iugata
430 2567 603 2652 dispenset,
637 2574 673 2632 ut
702 2588 765 2632 nou
793 2567 943 2632 obstante
973 2567 1103 2634 defectu
1132 2570 1286 2635 natalium
1314 2570 1357 2636 ad
1382 2593 1491 2638 omnes
1514 2593 1623 2638 sacros

289 2675 417 2741 ordines
441 2675 622 2759 promoveri
646 2682 679 2739 et
702 2673 889 2740 beneficiam
916 2674 1180 2758 ecclesiasticum,
1205 2679 1301 2743 etiam
1323 2680 1350 2744 si
1372 2699 1480 2744 curam
1504 2680 1622 2746 habeat

289 2784 475 2862 animarum,
500 2783 647 2848 obtinere
669 2783 781 2868 possit.

395 2890 595 2957 Constitutus
618 2891 651 2954 in
682 2890 844 2974 presentia
866 2898 976 2956 nostra
1001 2939 1008 2956 .
1034 2939 1042 2955 .
1067 2941 1073 2955 .
1129 2891 1204 2956 Dat.
1230 2893 1323 2958 Avin.
1348 2895 1415 2959 IIII
1443 2895 1487 2960 kl.
1512 2895 1623 2981 aprilis

289 3021 318 3066 a.
343 3001 455 3086 primo.

449 3125 521 3194 ch.
541 3122 599 3177 120
616 3138 664 3178 ar.
683 3123 740 3177 742
759 3119 814 3176 litt.
834 3123 895 3178 119.

397 3416 525 3484 2230.
561 3419 647 3483 1335
673 3419 772 3482 Mltrz
795 3419 848 3484 29.
878 3415 1043 3504 Aoipaon.

396 3559 591 3626 Benedictus
615 3560 681 3624 XII
711 3559 955 3646 archiepiscopo
980 3561 1171 3628 Treverensi
1200 3562 1343 3644 mandat,
1373 3563 1524 3646 quatinus
1551 3581 1623 3627 cum

289 3668 429 3734 Henrico
466 3667 623 3752 Stephani
659 3666 700 3732 de
736 3666 895 3748 Cardono,
934 3668 1052 3734 clerico
1083 3671 1213 3734 Trever.
1250 3669 1334 3735 dioc.
1370 3669 1411 3734 de
1446 3670 1623 3755 presbitero

288 3777 397 3860 genito
422 3780 454 3838 et
478 3774 582 3839 soluta
606 3773 781 3858 dispenset,
806 3781 927 3841 utnon
952 3776 1100 3840 obstante
1124 3775 1252 3841 deiectu
1276 3776 1430 3842 natalium
1454 3775 1496 3841 ad
1513 3796 1623 3842 omnes

288 3881 417 3948 ordines
441 3879 619 3966 promoveri
645 3887 677 3946 et
700 3881 889 3946 heneficium
915 3882 1179 3966 ecclesiasticum,
1204 3885 1300 3949 etiam
1324 3884 1350 3950 si
1373 3904 1480 3949 curam
1504 3883 1623 3949 habeat

289 3991 476 4071 animarum,
500 3987 645 4053 obtinere
669 3989 780 4073 possit.

396 4095 596 4162 Constitutus
618 4096 651 4160 in
680 4096 843 4179 presentia
867 4103 976 4162 nostra
1006 4147 1012 4162 .
1043 4147 1050 4163 .
1080 4148 1087 4162 .
1135 4098 1208 4164 Dat.
1233 4100 1326 4163 Aria.
1352 4099 1418 4163 IIII
1442 4098 1487 4163 kl.
1513 4100 1624 4184 aprilis

288 4226 318 4269 a.
343 4204 455 4288 primo.

448 4309 895 4380 mmmmmm

393 4581 516 4648 2231.
551 4582 637 4646 1335
658 4580 758 4645 Mdrz
785 4583 838 4645 29.
863 4579 1028 4668 Anagrana.

394 4716 588 4782 Benedictus
613 4715 679 4780 XII
713 4715 866 4800 episcopo
889 4716 1061 4783 Leodiensi
1096 4718 1239 4800 mandat,
1273 4721 1423 4803 quatinus
1447 4740 1519 4786 eum
1543 4721 1622 4787 Con-

285 4823 365 4889 rado
405 4823 492 4890 dicto
534 4824 692 4909 Groysser·
733 4823 774 4889 de
814 4825 1017 4909 aquisgrano
1052 4826 1169 4892 clerico
1204 4826 1306 4892 Leod.
1343 4827 1427 4894 dioc.
1464 4828 1504 4894 de
1539 4849 1623 4915 pres·
