3642 5509
802 413 977 487 rasonprrr
996 414 1040 470 ar.
1545 411 1598 466 ara

264 621 395 684 gensem
413 598 674 685 archiepiscopos
690 616 813 661 necnon
831 597 1101 679 Argentinensem
1118 593 1298 679 Spirensem
1317 592 1597 658 Constanciensem

264 709 489 774 Pataviensem
520 705 786 789 Ratisponensem
819 703 1087 786 Bambergensem
1112 708 1145 765 ct
1170 701 1406 784 Frisingcnsenr
1431 700 1600 783 episcopos

264 835 304 880 ac
327 813 619 879 administratorem
638 810 846 875 Basiliensem
870 809 1027 890 hortatur,
1053 807 1203 890 quatinus
1221 806 1355 872 virilitor
1371 827 1405 871 se
1427 806 1600 890 accingant

265 921 306 988 ad
336 919 547 987 resistendum
571 917 722 982 Michaeli
752 916 794 981 de
818 916 943 981 Cesena
972 936 1099 980 necnon
1122 913 1241 979 Iacobo
1265 914 1339 978 olirn
1365 914 1515 998 episcopo
1541 913 1600 978 Oa-

265 1030 411 1110 stcllano,
436 1024 632 1110 quidudum
657 1023 700 1088 ad
716 1023 917 1088 Ludcvicnm
941 1022 983 1088 de
1006 1022 1145 1087 Bavaria
1167 1041 1202 1086 se
1226 1021 1388 1086 transtulit
1412 1022 1521 1102 eisque
1545 1022 1600 1087 ad-

267 1137 349 1203 hesit
376 1143 409 1201 et
431 1157 452 1200 a
475 1135 572 1198 Petro
603 1131 644 1196 tle
673 1130 828 1196 Cervaria
863 1130 988 1194 titulum
1023 1129 1241 1194 cardinalatus
1273 1128 1314 1192 de
1347 1129 1435 1193 lacto
1467 1133 1599 1215 recepit.

265 1243 414 1309 Ceterum
447 1245 617 1326 procurent
646 1257 813 1323 operosam
846 1237 1002 1302 adhihere
1027 1236 1227 1321 diligentiam
1253 1237 1340 1300 circa
1364 1238 1545 1321 captionem
1570 1250 1602 1307 et

265 1357 367 1414 tutam
391 1345 570 1414 custodiam
595 1343 769 1410 eorundem
795 1343 963 1408 Michaelis
986 1353 1019 1408 et
1042 1343 1162 1407 Iacobi.

372 1456 463 1520 Sicut
486 1460 594 1518 vestra
617 1449 868 1536 prudentia...
917 1451 990 1514 Dat.
1024 1449 1103 1514 Vlll
1126 1449 1172 1513 kl.
1197 1448 1272 1514 maii
1297 1470 1327 1514 a.
1352 1451 1602 1532 quartodecimo.

424 1580 497 1648 ch.
516 1580 570 1631 115
588 1591 635 1644 ps.
656 1577 693 1629 ΙΙ
706 1575 731 1645 f.
750 1576 805 1629 169
825 1591 872 1628 rar.
895 1576 985 1640 1399,·
1006 1575 1059 1628 uz.
1079 1574 1164 1628 1324.

374 1819 496 1886 1875.
519 1819 607 1883 1330
630 1815 733 1903 April
756 1819 810 1880 24.
848 1814 1014 1902 deipnos.

373 1961 532 2026 Iohannes
554 1958 657 2024 XXII
691 1958 824 2023 Lorette
852 1959 1002 2022 comtisse
1032 1957 1073 2022 de
1103 1956 1298 2042 Sepainhein
1321 1959 1355 2039 (l)
1379 1958 1534 2043 indulget,
1567 1969 1601 2026 ut

267 2071 335 2134 eins
359 2067 534 2149 confessor,
567 2085 660 2146 quern
694 2063 824 2129 duxerit
847 2063 1040 2146 eligendum,
1077 2064 1215 2128 omnium
1246 2073 1450 2149 peccatorum
1473 2067 1600 2151 plenam

267 2177 483 2251 remissionem
500 2174 529 2238 ci
546 2172 643 2238 semel
667 2177 790 2235 tantum
815 2172 846 2235 in
870 2172 983 2237 mortis
1007 2171 1143 2236 articulo
1169 2170 1345 2237 concedere
1369 2173 1485 2237 valcat.
1528 2173 1601 2239 Vult

268 2291 385 2365 tamen,
419 2279 505 2363 qnod
529 2281 555 2344 si
579 2281 651 2363 ipsa
675 2300 716 2344 ex
740 2278 937 2343 confidentia
964 2278 1159 2343 remissionis
1183 2277 1361 2342 huiusmodi
1386 2278 1494 2361 aliqua
1517 2280 1601 2348 forte

268 2391 491 2468 committeret,
516 2385 623 2470 quoad
646 2386 703 2450 illa
727 2385 875 2470 predicta
898 2387 1044 2451 remissio
1068 2387 1097 2450 ei
1123 2385 1301 2450 nullatenus
1325 2386 1528 2469 suffragetur.

374 2497 503 2560 Puritas
536 2503 590 2558 tue
623 2492 804 2558 devotionis
830 2545 838 2560 .
865 2541 872 2555 .
899 2541 905 2553 .
965 2493 1041 2556 Dat.
1067 2492 1264 2556 Avin.V111
1290 2492 1600 2578 kl.rnaiip.n.a.

268 2602 519 2686 quartodecimo.
1567 2587 1575 2600 ’

429 2727 502 2795 ch.
520 2727 557 2779 94
575 2741 622 2779 nr.
641 2725 788 2791 4541111.
807 2725 888 2777 1312.

376 2939 497 3006 1876.
533 2936 744 3023 1330110111
770 2939 824 3001 24.
853 2936 1018 3023 1101911011.

376 3081 535 3147 Iohannes
559 3081 658 3145 XXIl
686 3080 822 3145 Lorette
853 3080 1015 3144 comitisse
1043 3078 1084 3144 de
1114 3078 1301 3164 Spainheim
1331 3079 1486 3166 indulget,
1520 3090 1555 3148 ut
1577 3083 1604 3148 si

269 3191 377 3257 lorsan
402 3187 444 3253 ad
468 3189 539 3254 loca
563 3187 783 3252 ecclesiastico
817 3187 985 3271 supposita
1017 3185 1191 3251 interdicto
1221 3205 1291 3250 carn
1315 3189 1482 3271 pervenire
1507 3191 1605 3254 conti·

268 3299 362 3382 gen’t,
396 3296 428 3360 in
453 3295 515 3361 illis
539 3295 600 3361 sibi
623 3315 663 3358 ac
686 3293 761 3357 liliis
784 3295 850 3357 suis
874 3301 907 3357 et
938 3293 1057 3358 familie
1088 3312 1144 3357 sue
1174 3294 1301 3358 missam
1333 3300 1365 3360 et
1398 3295 1463 3360 alia
1495 3294 1604 3362 divina

269 3404 375 3469 officia
397 3402 499 3488 possit
523 3401 632 3466 lacere
656 3399 805 3465 celibrari
830 3419 887 3484 per
911 3399 1073 3484 proprium
1098 3399 1147 3464 vel
1179 3399 1277 3465 alium
1301 3400 1502 3468 sacerdotem
1525 3401 1604 3488 ydo

270 3531 374 3592 neum,
398 3508 504 3574 ianuis
527 3507 643 3572 clausis
667 3514 730 3572 etc.

377 3616 567 3680 Devotionis
592 3620 646 3678 tne
669 3614 839 3679 sinceritas
856 3662 864 3677 .
879 3662 918 3707 1..
965 3613 1043 3678 Dat.
1069 3613 1163 3680 Avin.
1189 3613 1267 3678 VIlI
1292 3614 1335 3678 kl.
1360 3616 1436 3679 maii
1459 3635 1489 3680 a.
1514 3636 1606 3699 quar·

271 3724 443 3789 todecimo.

434 3846 507 3915 309.
526 3847 563 3898 86
582 3860 629 3898 nr.
649 3844 718 3897 524.

375 4113 495 4182 1877.
525 4116 614 4179 1330
638 4111 740 4200 April
763 4116 817 4182 24.
842 4111 1009 4200 Avipnort.

376 4258 535 4324 lohannes
559 4255 658 4323 XXlI
681 4257 814 4324 Lorette
837 4257 1003 4324 comitisse
1028 4255 1069 4323 de
1094 4255 1280 4343 Spainheim
1305 4257 1462 4343 indulget,
1485 4265 1521 4324 ut
1543 4279 1607 4326 mo-

272 4366 444 4432 nasterinm
474 4363 516 4429 de
544 4363 749 4449 Heymerode
772 4365 905 4430 Cisterc.
937 4362 1006 4429 ord.
1032 4363 1142 4430 Coton.
1166 4367 1200 4446 (l)
1226 4363 1311 4430 dioc.
1339 4386 1395 4432 seu
1418 4367 1518 4453 ipsius
1542 4388 1605 4433 mo·

272 4474 405 4539 nasterii
429 4472 608 4555 ecclesiam,
642 4472 696 4537 ubi
722 4491 839 4556 corpus
861 4469 1025 4553 quondam
1050 4471 1182 4536 Henrici
1205 4472 1331 4539 comitis
1355 4471 1396 4539 de
1420 4473 1605 4560 Spainheim

272 4582 340 4646 eius
371 4578 478 4644 mariti
510 4585 560 4644 est
591 4579 761 4664 sepultum,
794 4579 914 4642 intrare
945 4577 1054 4643 valeat
1085 4597 1157 4643 oum
1186 4577 1314 4644 decenti
1339 4581 1491 4646 comitiva
1514 4583 1606 4648 annis

271 4686 406 4771 singulis
428 4688 462 4751 in
484 4687 703 4752 anniversario
727 4685 869 4751 eiusdem
905 4705 964 4769 pro
997 4683 1149 4751 faciendo
1178 4685 1247 4751 fieri
1270 4688 1429 4754 sollennes
1453 4689 1606 4771 exequias

272 4795 306 4858 in
329 4793 453 4860 eodem.
