3642 5509
801 426 870 485 1328
888 427 949 484 Mai
967 428 993 484 6.
1515 431 1565 488 151

229 602 312 670 tinto
336 604 370 669 in
394 604 519 690 legibus
543 613 686 673 reservat
711 608 789 674 eccl.
814 609 847 676 S.
871 609 1010 676 Servatii
1034 608 1176 676 Traiect.
1201 610 1303 678 Leod.
1328 609 1412 676 dioc.
1438 612 1566 678 canoni·

229 719 338 780 catum
362 720 395 779 et
423 715 631 802 prebendam,
663 736 743 800 quos
771 716 938 783 obtinebat
961 723 994 782 et
1016 716 1123 783 adhue
1151 719 1274 784 obtinet
1298 721 1420 806 Symon
1443 722 1566 789 electus

229 827 499 897 Gathalaunensis
529 833 561 894 et
591 829 645 911 qui
670 828 832 895 vacabunt
861 847 919 912 per
948 825 1091 894 eiusdem
1115 828 1401 914 consecrationem,
1425 851 1489 896 non
1512 832 1566 898 ob-

228 943 337 1004 stante
361 937 448 1020 quod
471 936 626 1004 Nicotaus
649 935 882 1022 parrochialem
907 933 1078 1004 eeclesiam
1102 935 1135 1000 in
1158 935 1230 1001 Beil
1247 936 1379 1004 Trever.
1403 937 1488 1005 dioc.
1513 940 1566 1005 ob·

230 1047 312 1113 tinet
342 1053 376 1112 et
402 1046 436 1112 in
459 1046 603 1113 Tullensi
632 1046 711 1112 eccl.
741 1046 800 1112 sub
831 1045 1057 1130 expectatione
1079 1042 1242 1128 prebende
1274 1045 1468 1112 auctoritate
1491 1069 1566 1133 apo·

230 1153 349 1221 stoliea
371 1154 404 1220 in
427 1156 615 1220 canonicum
640 1161 689 1221 est
711 1159 871 1239 receptus.

338 1261 534 1329 Litterarum
559 1261 705 1345 seientia,
730 1262 798 1327 vite
822 1282 861 1328 ac
884 1280 1007 1326 morum
1030 1259 1182 1327 honestas
1205 1307 1264 1326 ...
1313 1263 1388 1329 Dat.
1412 1265 1508 1330 Acin.
1532 1266 1566 1331 11

228 1387 332 1436 nonas
354 1371 431 1436 maii
454 1393 484 1438 a.
509 1369 711 1437 duodecimo.

339 1478 376 1544 In
399 1497 427 1545 e.
456 1499 497 1544 rn.
533 1477 645 1545 abbati
677 1478 863 1544 monasterii
898 1476 932 1543 S.
956 1476 1079 1543 Mathia
1114 1485 1208 1544 extra
1240 1497 1346 1546 muros
1370 1479 1501 1546 Trever.
1532 1486 1566 1547 et

228 1584 363 1651 Trever.
387 1606 428 1652 ae
450 1585 664 1654 Nanuetensis
688 1585 767 1652 eccl.
792 1583 1038 1652 archidiaconis.

380 1709 454 1782 aeq.
472 1713 511 1767 86
528 1711 553 1782 s.
571 1709 637 1767 312‘
655 1725 703 1766 nr.
723 1711 804 1768 1709.

337 1985 458 2052 14⁷8.
484 1987 571 2053 1328
594 1989 668 2055 Mai
690 1991 721 2055 6.
746 1987 910 2076 Acipaoa.

340 2139 506 2206 Iohannes
531 2142 642 2206 XXII
679 2143 787 2208 trahae
820 2142 1053 2208 concentoribus
1084 2142 1237 2217 miradal,
1271 2141 1431 2225 quotiaco
1460 2142 1565 2208 Theo·

227 2248 343 2312 clerico
375 2249 417 2313 de
447 2246 547 2335 Gleye
579 2250 738 2317 canonico
772 2251 907 2317 ecclesie
931 2249 966 2316 S.
992 2247 1128 2314 Aadree
1154 2247 1362 2316 Colonieacie
1385 2251 1565 2336 conferant

221 2355 461 2440 parochialem
484 2358 657 2424 eccleciam
680 2360 717 2424 ia
741 2358 952 2425 Bacharach.

338 2497 510 2583 [Iohannes
533 2501 645 2588 XXII]
668 2501 911 2587 archiepiscopo
928 2502 1120 2569 'I'revereusi
1144 2508 1176 2567 et
1200 2498 1323 2566 decano
1347 2499 1564 2568 Embricensis

227 2604 372 2672 'Iraiect
406 2605 489 2674 dioc.
523 2627 562 2674 ac
594 2610 749 2693 magistro
772 2610 907 2678 Nioolao
941 2608 983 2675 de
1011 2609 1139 2675 Frontis
1172 2608 1327 2676 canonico
1359 2609 1564 2677 Patracensis

225 2711 307 2778 eccl.
331 2713 509 2781 litterarum
533 2721 712 2784 nostrarum
736 2716 919 2783 correctori.

334 2819 410 2888 Vite
439 2843 477 2888 ac
506 2843 627 2890 morum
656 2823 808 2892 honestas
836 2875 843 2890 .
873 2873 880 2890 .
911 2873 919 2889 .
966 2822 1051 2890 Sane
1074 2824 1188 2910 petitio
1218 2871 1224 2885 .
1254 2873 1262 2890 .
1290 2822 1484 2890 Theoderici
1509 2823 1563 2910 [de

228 2927 350 3014 maye·
375 2929 457 2996 alias
480 2929 522 2996 de
537 2929 682 2998 Esseude
706 2931 852 2998 canonici
877 2931 1014 2997 ecclesie
1030 2930 1063 2997 S.
1082 2929 1210 2997 andree
1226 2930 1437 3016 coloniensis]
1461 2951 1563 3016 nuper

226 3035 321 3102 nohis
345 3035 490 3102 exhibita
515 3038 709 3122 continebat,
734 3037 819 3122 quod
837 3088 845 3104 .
864 3087 896 3104 ..
922 3037 1064 3105 deosum
1087 3045 1120 3104 et
1144 3037 1319 3124 capitulum
1343 3037 1488 3123 predicte
1512 3058 1562 3104 ec·

228 3142 327 3210 elesie
360 3143 393 3210 S.
419 3144 549 3212 Andree
582 3145 758 3213 secundnm
792 3146 1039 3213 consuetudines
1071 3152 1103 3212 et
1135 3152 1258 3212 statuta
1290 3144 1391 3231 ipsius
1425 3145 1562 3212 ecclesie

226 3252 324 3318 etiam
349 3251 527 3318 iuramento
544 3253 674 3336 vallata,
700 3254 847 3336 quotiens
870 3252 1107 3338 parrochialem
1130 3252 1301 3319 ecclesiam
1323 3253 1356 3318 in
1372 3251 1561 3318 Bacharaco

224 3358 437 3426 moveremus
460 3357 609 3441 diocesis,
638 3361 728 3427 cuins
752 3359 889 3428 ecclesie
921 3360 982 3445 ipsi
1012 3358 1156 3426 decanus
1179 3364 1212 3425 et
1235 3358 1411 3445 capitulum
1435 3359 1560 3444 patroni

226 3467 382 3543 existunt,
414 3487 474 3552 pro
502 3473 647 3552 tempore
676 3486 793 3532 vacare
824 3467 994 3551 contingit,
1027 3487 1124 3532 unum
1149 3486 1189 3531 ex
1212 3487 1247 3532 se
1270 3465 1350 3552 ipsis
1373 3467 1561 3532 canonicum

226 3572 314 3640 dicte
348 3573 486 3640 ecclesie
515 3573 549 3640 S.
574 3573 706 3640 Andree
735 3575 858 3659 eligunt
886 3580 920 3640 et
943 3574 1078 3640 electum
1107 3579 1294 3659 presentant
1316 3574 1378 3639 loci
1403 3572 1561 3639 archidia-

226 3702 318 3758 cono,
349 3679 392 3747 ad
416 3701 510 3764 quem
535 3680 576 3747 de
600 3682 734 3764 antiqua
761 3687 793 3747 et
816 3682 996 3767 approbata
1019 3679 1250 3747 consuetudine
1273 3681 1432 3747 institutio
1455 3679 1562 3745 huius·

224 3787 312 3854 modi
346 3788 496 3856 canonici
529 3790 561 3854 in
593 3795 750 3855 rectorem
783 3787 885 3874 ipsius
918 3788 1054 3855 ecclesie
1084 3789 1117 3853 in
1141 3787 1329 3854 Bacharaeo
1353 3786 1470 3853 dicitur
1492 3805 1561 3870 per·

225 3898 338 3981 tinere,
374 3894 524 3979 idemque
559 3897 734 3962 canonicus
768 3894 876 3962 taliter
910 3901 1114 3981 presentatus
1149 3901 1183 3960 et
1217 3914 1276 3980 per
1309 3893 1431 3960 dictum
1459 3889 1561 3958 archi-

226 4003 399 4071 diaconum
426 4005 592 4070 iustitutus
621 4010 740 4071 extunc
767 4023 848 4070 voce
876 4005 909 4069 in
934 4002 1076 4089 capitulo
1100 4001 1188 4068 dicte
1212 4001 1349 4068 ecclesie
1373 4000 1406 4066 S.
1431 3997 1561 4064 Andros

226 4119 259 4179 et
281 4111 491 4197 perceptione
515 4111 678 4177 fructuum
702 4129 758 4176 sue
782 4108 945 4196 prebende
962 4114 1061 4191 caret,
1085 4106 1237 4192 quamdiu
1254 4106 1374 4173 dictam
1391 4105 1560 4171 ecclesiam

225 4219 258 4284 in
282 4217 472 4285 Bacharaoo
496 4218 634 4284 voluerit
658 4217 814 4301 obtinere,
845 4223 878 4283 et
905 4215 991 4300 quod
1015 4213 1175 4298 qnondam
1199 4213 1357 4279 Henriens
1380 4212 1422 4276 de
1444 4211 1561 4276 Baten-

226 4326 330 4410 burgh
353 4326 429 4392 olim
453 4326 581 4411 prefate
605 4325 742 4392 ecclesie
765 4325 799 4391 S.
825 4322 954 4389 Andree
985 4322 1158 4388 canonicus
1181 4318 1360 4408 predictam
1383 4318 1416 4382 in
1436 4313 1561 4382 Bacha-

226 4453 301 4498 raeo
325 4439 358 4498 et
381 4433 553 4516 quamdam
577 4433 676 4499 aliam
699 4430 935 4518 parrochialem
951 4429 1138 4514 Magantine
1159 4425 1298 4492 diocesis
1318 4423 1472 4490 ecclesias
1488 4428 1562 4507 post

227 4545 259 4604 et
282 4545 395 4605 contra
427 4545 571 4606 tenorem
606 4539 843 4606 constitutionis
875 4556 971 4622 snper
999 4534 1184 4621 pluralitate
1213 4529 1439 4597 beneficiorum
1462 4528 1564 4595 eccle·

226 4645 428 4712 siasticorum
541 4669 562 4713 a
584 4647 677 4714 nobis
707 4644 795 4712 edite
824 4664 882 4731 per
910 4643 1017 4729 plures
1046 4660 1147 4707 annos
1175 4636 1301 4704 insimul
1325 4635 1471 4700 detinere
1495 4654 1567 4719 pre·

377 4825 407 4896 a)
426 4827 493 4882 vel:
514 4823 614 4882 cleve.
