3642 5509
835 395 905 452 isso
923 395 982 450 uas
1002 357 1029 448 4.
1539 393 1593 448 aas

257 576 380 644 fructus
402 596 460 643 sex
484 572 686 642 marcharum
710 576 886 660 argentis.
910 583 932 639 t.
950 572 981 640 d.
1006 575 1146 640 valorem
1171 595 1309 640 annuum
1332 595 1396 639 non
1420 572 1591 656 excedunt,

257 685 391 750 obtinet.

364 790 529 857 Attributa
552 789 612 855 tibi
636 791 751 855 merita
779 838 787 854 .
817 839 824 853 .
855 841 861 854 .
909 791 986 854 Dat.
1011 789 1107 854 Avin.
1134 789 1157 853 V
1183 809 1284 854 nonas
1312 787 1387 854 maii
1411 809 1440 853 a.
1465 795 1591 870 quarto·

256 898 394 964 decimo.

197 1076 200 1081 ,
362 1005 400 1069 In
417 1023 445 1069 e.
462 1025 503 1068 m.
528 1003 561 1068 S.
587 1001 722 1086 Georgii
746 1002 856 1068 Goion.
882 1010 915 1067 et
941 1002 1159 1068 Embricensis
1182 1003 1324 1067 Traiect.
1350 1000 1433 1066 dioc.
1459 1001 1591 1067 decanis

256 1133 295 1177 ae
316 1113 470 1194 magistro
487 1110 606 1178 Iacobo
622 1109 664 1174 de
680 1110 803 1174 Mutina
818 1110 992 1176 scolastico
1008 1110 1171 1175 Tullensis
1188 1109 1267 1174 ecel.
1287 1109 1453 1194 capellano
1470 1109 1590 1194 papali.

415 1235 489 1304 Rep.
508 1234 548 1288 96
566 1249 614 1289 ar.
634 1233 722 1289 3262.

362 1537 488 1605 laos.
518 1541 606 1604 1330
629 1539 704 1604 Mas
726 1541 759 1603 4.
795 1537 960 1625 Amynan.

363 1682 531 1748 lohannes
555 1683 666 1746 XXII
692 1683 846 1767 episcopo
875 1683 1055 1748 Leodieasi
1082 1683 1233 1748 concedit
1254 1682 1454 1770 facultatem
1483 1681 1589 1745 abaci

255 1789 354 1853 ueadi
377 1789 536 1854 Loretum
559 1790 763 1854 comitissam
786 1790 827 1853 de
851 1788 1036 1873 Spuabeim
1067 1791 1200 1874 eiusque
1229 1788 1405 1873 complices
1426 1787 1588 1872 precipit·
1668 1877 1671 1884 Ι

254 1916 327 1978 que,
350 1896 461 1980 qualia
479 1897 669 1980 penitentia
692 1897 740 1961 eis
762 1897 807 1960 sit
830 1896 1025 1982 iaiupcada.

362 2036 533 2120 [lohannes
557 2037 668 2122 XXII]
693 2036 845 2123 episcopo
868 2036 1053 2104 Leodiensi.

362 2144 455 2209 Licet
487 2144 709 2209 atrocissima⁸
742 2145 784 2209 sit
816 2144 941 2209 illorum
974 2146 1099 2228 iniuria,
1133 2147 1188 2230 qui
1219 2166 1329 2213 manns
1358 2147 1533 2228 sacrilegas
1556 2145 1589 2210 in

253 2270 406 2335 personas
438 2251 650 2335 spiritualium
684 2257 810 2336 patrum
840 2251 1029 2336 extendunt,
1060 2259 1093 2318 et
1116 2252 1249 2336 indigne
1273 2253 1427 2318 auxilium
1453 2251 1589 2318 ecclesie

254 2357 415 2438 invocent,
449 2359 502 2439 qui
536 2377 606 2423 eam
636 2358 796 2424 acerbiter
823 2358 855 2421 in
880 2357 1120 2424 honorabilibus
1149 2361 1215 2426 suis
1238 2359 1388 2425 membris
1412 2358 1588 2434 offendunt,

253 2472 361 2530 tamen
385 2466 525 2530 ecclesia
548 2466 629 2550 ipsa,
654 2464 739 2548 quod
765 2466 876 2532 matris
899 2472 949 2532 est
974 2466 1130 2534 exbibens
1152 2488 1215 2533 non
1241 2468 1407 2534 consuevit
1429 2464 1589 2532 redeunti·

254 2572 314 2637 bus
337 2570 488 2637 claudere
516 2573 683 2656 gremium,
717 2571 774 2638 sed
805 2572 846 2638 ad
877 2573 980 2637 sinum
1010 2574 1230 2640 misericordie
1257 2575 1374 2659 recipit
1397 2573 1587 2659 penitentes.

253 2679 340 2744 Sane
372 2679 487 2763 petitio
520 2677 639 2744 dilecte
671 2679 704 2743 in
735 2679 864 2745 christo
889 2679 954 2744 tilie
978 2681 1095 2747 nobilis
1119 2682 1261 2748 mulieris
1284 2682 1403 2747 Lorete
1427 2681 1590 2746 comitisse

255 2784 296 2851 de
312 2784 498 2872 Spanhcym
523 2785 651 2851 domine
676 2786 716 2851 de
733 2785 965 2870 Star·kemberg
981 2788 1190 2854 Trevcrensis
1213 2788 1351 2858 diocesis
1375 2787 1463 2874 apud
1479 2787 1588 2853 sedem

254 2894 464 2976 apostolicam
498 2895 672 2959 constitute
705 2894 797 2959 nobis
829 2894 975 2960 exhibita
1010 2895 1209 2979 continebat,
1245 2895 1331 2979 quod
1364 2895 1436 2980 ipsa
1467 2893 1588 2960 dudum

254 3000 422 3066 associatis
453 3001 514 3065 sibi
550 2999 741 3083 quibusdam
774 3002 807 3065 in
841 3001 903 3066 bac
932 3009 1024 3086 parte
1054 3003 1263 3088 complicibus
1293 3009 1326 3068 et
1353 3002 1532 3066 fautoribus
1555 3000 1588 3065 in

254 3107 342 3172 illam
365 3108 512 3192 prorupit
531 3109 689 3191 sacrilege
705 3108 896 3173 temeritatis
913 3107 1093 3190 audaciam,
1119 3109 1206 3192 quod
1222 3108 1438 3175 venerabilem
1455 3107 1588 3172 fratrem

254 3220 394 3280 nostrum
411 3213 602 3280 Baldoinnm
626 3214 903 3300 archiepiscopum
921 3215 1151 3282 Treverensem
1170 3224 1204 3281 et
1225 3216 1394 3281 nonnullos
1417 3215 1486 3280 eius
1502 3235 1587 3298 pres

254 3322 385 3407 hyteros
409 3328 441 3387 et
465 3323 599 3388 elericos
623 3329 688 3387 tarn
712 3323 879 3408 religiosos
902 3343 998 3406 quam
1019 3324 1180 3390 seculares
1196 3325 1228 3388 in
1245 3323 1397 3388 comitiva
1413 3321 1588 3386 existentes

253 3428 353 3513 ipsius
377 3427 463 3514 cepit
487 3428 585 3494 etad
614 3427 777 3511 quoddam
807 3438 947 3496 castrum
972 3429 1065 3495 duxit
1089 3440 1121 3495 et
1144 3430 1341 3512 aliquamdiu
1365 3427 1485 3494 ibidem
1509 3425 1588 3492 deti-

254 3536 323 3601 nuit
346 3536 537 3622 eaptivatos,
562 3556 641 3618 quos
665 3556 775 3602 omnes
797 3535 1002 3621 postmodum
1026 3536 1206 3603 huiusmodi
1229 3544 1339 3604 reatus
1358 3536 1507 3622 penitens
1522 3554 1587 3598 om·

252 3643 327 3707 nino
355 3641 463 3709 illesos
491 3642 627 3726 pristine
650 3641 789 3708 restituit
812 3642 966 3710 libertati.
1014 3643 1157 3726 Cumque
1180 3644 1252 3730 ipsa
1275 3642 1438 3709 comitissa
1462 3661 1586 3706 necnon

253 3747 365 3813 dilecti
393 3747 449 3813 filii
472 3747 597 3814 nobiles
620 3750 680 3814 viri
703 3749 857 3816 Nicolans
881 3748 922 3816 de
946 3750 1149 3817 Novomoute
1172 3759 1205 3816 et
1231 3750 1402 3816 Valbertus
1436 3747 1478 3813 de
1501 3747 1587 3814 Star-

253 3853 400 3938 kenberg
427 3855 554 3935 milites,
588 3854 756 3939 Rigwinus
786 3855 828 3921 de
852 3855 960 3938 Milon,
995 3857 1148 3924 Nicolaus
1176 3855 1218 3922 de
1242 3855 1463 3938 Smedeburgb
1489 3854 1588 3922 domi-

253 3961 325 4027 celli
355 3968 388 4026 et
412 3960 592 4026 Bcltramus
622 3961 662 4026 dc
687 3960 828 4026 Vakelor
858 3962 961 4029 laicus
994 3963 1204 4029 Trcvcrensis
1234 3969 1267 4028 et
1299 3963 1487 4046 Maguntine
1519 3960 1586 4027 dio·

253 4069 384 4150 cesium,
409 4069 463 4151 qui
487 4067 629 4133 eiusdem
654 4068 818 4134 comitisse
840 4069 873 4132 in
898 4071 1048 4153 captione
1065 4076 1097 4134 et
1113 4068 1303 4134 detencione
1327 4069 1483 4153 predictis
1507 4069 1587 4135 exti-

254 4181 359 4239 terunt
383 4172 557 4260 complices
580 4181 614 4240 et
637 4176 788 4255 lautores,
824 4175 910 4260 apud
940 4175 1049 4240 sedem
1081 4175 1292 4261 apostolicam
1323 4177 1495 4258 constituti,
1532 4196 1587 4241 ex·

253 4281 401 4347 bibentes
434 4302 540 4347 coram
575 4281 667 4348 nobis
697 4281 740 4346 ad
770 4281 1012 4364 ostendendum,
1048 4283 1133 4366 quod
1157 4284 1302 4368 prelatus
1326 4283 1587 4368 archiepiscopus

253 4409 310 4472 pro
334 4407 370 4452 se
393 4408 433 4453 ac
456 4389 522 4453 suis
546 4388 689 4454 eiusdem
714 4371 875 4455 comitisse
904 4409 1095 4472 suorumque
1124 4391 1157 4455 in
1185 4389 1247 4455 bac
1275 4397 1367 4475 parte
1396 4392 1586 4475 complicum

252 4495 445 4561 absolutioni
480 4497 639 4560 consentit
673 4515 837 4579 expresse,
874 4502 1022 4580 patentes
1057 4498 1157 4582 ipsius
1192 4496 1426 4582 archicpiscopi
1462 4497 1586 4563 litteras

253 4602 386 4683 eiusque
418 4601 535 4685 sigillo,
570 4607 606 4664 ut
636 4603 738 4685 prima
767 4600 852 4667 facie
881 4603 1070 4688 apparebat,
1106 4602 1244 4670 adoreo
1268 4605 1417 4689 munitas,
1453 4624 1585 4688 quarum

401 4780 432 4848 a)
451 4777 617 4837 carissima
636 4780 688 4834 Ra.
707 4781 726 4834 l.
745 4777 788 4836 cit
