3642 5509
287 486 323 542 22
837 489 907 544 1327
926 488 1008 544 Mltrz
1028 489 1052 544 1.

290 667 332 736 de
356 668 537 754 (lyrascbai
559 668 731 736 scolastice
755 675 788 735 et
810 669 882 735 Yde
912 669 954 735 de
978 669 1215 754 Wedegestene
1252 670 1468 737 canonicabus
1499 689 1623 735 necnon

291 774 377 842 dicto
402 775 526 843 decano
550 782 582 841 et
600 823 607 838 .
627 824 632 837 .
651 775 854 842 Theoderico
878 776 920 842 de
936 775 1056 843 Sancto
1073 776 1216 842 Iohanne
1232 796 1271 843 ac
1287 777 1428 843 Henrico
1445 774 1624 842 deVlerike

291 883 455 950 canonicis
487 882 630 950 eiusdem
665 884 802 949 ecclesie
835 884 1032 950 abbatissam
1065 884 1206 968 eligendi
1235 891 1268 949 et
1296 883 1488 970 providendi
1520 882 1624 948 eidem

291 991 427 1057 ecclesie
451 990 492 1056 de
515 1011 653 1077 persona
667 991 797 1076 ydonee
814 1011 852 1057 ea
869 992 941 1057 vice
956 997 1188 1057 concesserunt
1204 991 1397 1057 unanimiter
1419 996 1622 1076 potestatem.

291 1097 375 1176 Qui.
394 1147 401 1163 .
420 1147 427 1162 .
444 1099 477 1164 in
495 1147 501 1162 .
520 1146 528 1163 .
547 1146 554 1163 .
572 1097 793 1182 Ounegundim
819 1097 859 1164 de
875 1098 984 1164 Monte
1008 1099 1145 1164 ecclesie
1167 1096 1314 1184 predicte
1337 1099 1525 1163 canonicam
1547 1117 1624 1163 nna·

289 1205 417 1270 nimiter
441 1204 686 1286 concordarunt,
711 1225 750 1270 ac
767 1203 884 1270 deinde
906 1205 1036 1290 prelata
1059 1205 1184 1271 decana
1207 1206 1279 1271 vice
1302 1225 1360 1270 sua
1383 1210 1416 1269 et
1439 1224 1566 1270 suorum
1590 1205 1625 1267 in

290 1310 352 1376 hae
375 1319 468 1397 parte
491 1313 839 1396 compromissariomm
864 1332 903 1378 ae
927 1311 1005 1376 dicti
1030 1313 1162 1397 capituli
1192 1311 1320 1377 nomine
1344 1311 1501 1396 prefatam
1525 1311 1624 1377 (lune-

290 1417 421 1503 gundim
445 1417 486 1484 de
509 1419 617 1484 Monte
642 1419 839 1502 canonicam,
869 1439 1038 1504 personam
1068 1419 1180 1502 ntique
1204 1419 1390 1502 litteratam,
1415 1417 1457 1484 de
1480 1418 1624 1501 legitimo

289 1525 492 1591 matrimonio
515 1533 729 1610 procreatam,
752 1528 783 1590 in
801 1533 888 1592 etate
905 1524 1051 1610 legitima
1068 1527 1287 1608 constitutam,
1311 1527 1452 1592 moribus
1468 1531 1625 1606 ornatam,

291 1632 323 1697 in
347 1631 565 1718 spiritualibus
595 1639 627 1698 et
651 1633 881 1719 temporalibus
905 1653 1000 1716 qnam
1028 1634 1199 1718 plurimum
1223 1635 1489 1718 circumspectam
1512 1632 1545 1696 in
1569 1633 1625 1697 ab·

290 1737 445 1807 batissam
479 1739 622 1806 eiusdem
655 1740 791 1808 ecclesie
820 1740 920 1825 elegit
937 1789 944 1806 .
964 1790 971 1805 .
990 1789 998 1805 .
1015 1739 1166 1823 dictaque
1191 1738 1399 1824 Cunegundis
1422 1738 1623 1825 postmodum

292 1845 521 1913 ...electioni
557 1846 597 1913 de
632 1867 667 1912 se
705 1847 792 1914 lacte
828 1846 989 1913 consensit
1021 1852 1055 1912 et
1089 1853 1154 1912 tam
1189 1845 1278 1913 dicta
1301 1845 1507 1930 Cunegundis
1531 1866 1625 1929 quam

290 1952 454 2040 preposita
487 1953 611 2020 decana
635 1961 666 2019 et
694 1953 868 2039 capitulum
903 1953 1045 2020 eiusdem
1079 1954 1209 2019 ecclesii
1243 1959 1483 2039 procuratorem
1516 1971 1624 2017 earum

290 2065 421 2146 propter
453 2059 516 2126 hoc
548 2059 591 2126 ad
623 2060 733 2126 sedem
765 2060 974 2146 apostolicam
1009 2061 1195 2145 specialiter
1227 2059 1429 2126 destinarunt
1460 2079 1501 2126 ac
1532 2059 1625 2125 nobis

290 2167 452 2233 humiliter
475 2167 706 2253 supplicarunt,
730 2174 766 2233 ut
789 2168 977 2234 electionem
1002 2169 1105 2252 ipsam
1129 2167 1364 2236 confirmare..
1384 2166 1623 2251 dignaremur.

291 2273 359 2342 Nos
382 2273 482 2359 igitur
499 2323 506 2338 .
525 2323 532 2338 .
551 2323 559 2340 .
576 2273 762 2340 discretioni
786 2282 893 2342 vestre
917 2324 977 2340 ...
997 2274 1196 2358 mandamus,
1231 2275 1380 2358 quatinus
1407 2323 1466 2340 ...
1492 2277 1518 2342 si
1543 2276 1625 2342 elec·

291 2382 411 2447 tionem
440 2381 621 2448 huiusmodi
651 2383 803 2449 canonice
829 2389 860 2448 et
885 2381 926 2448 de
950 2403 1087 2468 persona
1109 2382 1240 2468 ydonca
1264 2382 1460 2449 celebratam
1483 2402 1554 2449 esse
1576 2401 1622 2448 re·

290 2489 448 2575 pereritis,
472 2487 651 2575 predictam
674 2490 884 2556 electionem.
909 2539 947 2555 ..
975 2491 1168 2556 auctoritate
1203 2497 1341 2557 nostra.
1366 2540 1373 2554 .
1398 2540 1405 2556 .
1434 2489 1623 2556 confirmare

291 2597 457 2681 ipsamque
491 2597 524 2661 in
559 2597 755 2664 abbatissam
785 2651 792 2667 .
819 2647 826 2662 .
855 2647 862 2663 .
890 2597 1045 2684 preficere
1079 2598 1268 2684 procuretis.
1327 2597 1477 2681 Alioquin
1511 2595 1624 2663 eadem

292 2702 450 2769 electione
482 2704 543 2770 rite
576 2709 713 2788 cassata,
749 2725 806 2790 per·
836 2725 890 2772 eos
914 2725 954 2770 ea
976 2706 1059 2788 vice,
1094 2705 1136 2770 ad
1161 2726 1240 2789 quos
1264 2705 1462 2790 pertinuerit,
1497 2703 1626 2770 faciatis

291 2829 348 2895 per
378 2809 566 2876 electionem
596 2812 783 2877 canonicam
808 2811 848 2878 de
873 2811 1039 2878 abbatissa
1062 2812 1124 2898 ipsi
1149 2813 1287 2878 ecclesie
1311 2811 1486 2898 provideri,
1519 2830 1625 2895 qnam,

290 2923 460 3003 postquam
491 2917 654 2985 celebrata
677 2919 831 3002 extiterit,
862 2919 974 2985 eadem
1005 2920 1199 2986 anctoritate
1223 2918 1411 2987 confirmare
1435 2919 1553 2985 curetis
1571 2965 1578 2980 .
1593 2967 1623 2983 ..

290 3025 367 3092 Dat.
393 3025 486 3092 duim
510 3025 560 3091 Ill
584 3025 629 3091 kl.
653 3025 767 3092 marcii
790 3047 819 3092 a.
844 3025 1024 3094 undecimo.

450 3149 523 3221 Beq.
542 3150 623 3220 83f.
643 3149 711 3206 272‘
729 3166 777 3205 rar.
798 3151 885 3216 1689,·
905 3151 958 3206 aa.
977 3152 1041 3205 816.

397 3438 513 3506 1154.
540 3442 626 3506 1327
650 3439 995 3526 Maeanderque.

398 3580 557 3648 lohannes
580 3581 679 3647 XXII
703 3583 887 3648 Hermanno
912 3582 1001 3648 dicto
1024 3579 1065 3647 de
1089 3583 1123 3648 S.
1148 3581 1289 3666 Georgio
1313 3581 1468 3648 canonico
1492 3580 1570 3647 eccl.
1590 3579 1624 3649 S.

291 3687 403 3756 Crucis
419 3687 608 3754 Leodiensis
631 3695 776 3754 reservat
797 3688 989 3756 beneficium
1013 3688 1267 3755 ecclesiasticum
1292 3709 1363 3753 cum
1389 3709 1466 3754 cura
1489 3688 1540 3754 vel
1556 3689 1625 3755 sine

291 3814 368 3861 cura
391 3801 543 3880 spectans
566 3795 608 3861 ad
633 3795 874 3882 dispositionem
897 3797 1053 3883 prepositi
1078 3797 1155 3863 eccl.
1180 3797 1217 3861 B.
1234 3796 1336 3861 Marie
1353 3795 1513 3878 Aquensis
1523 3794 1624 3861 Leod.

291 3901 387 3986 dioc,
415 3903 442 3968 si
473 3900 560 3986 quod
588 3904 621 3967 in
645 3902 759 3969 eadem
782 3903 884 3969 Leod.
909 3903 961 3969 vel
986 3903 1096 3970 Colon.
1122 3902 1207 3969 dioc.
1231 3902 1276 3967 ad
1298 3923 1430 3989 presens
1454 3908 1552 3968 vacat
1574 3902 1626 3967 vel

291 4028 363 4075 cum
386 4010 562 4093 vacaverit,
587 4010 677 4076 cuius
701 4008 828 4093 quidem
853 4009 1012 4094 beneficii,
1036 4011 1063 4076 si
1084 4013 1152 4077 sine
1172 4030 1250 4075 cura
1266 4009 1373 4092 fuerit,
1398 4008 1520 4076 fructus
1537 4009 1625 4093 quin-

293 4116 398 4183 decim
422 4115 623 4183 marcbarum
648 4117 772 4201 argenti
793 4116 936 4184 valorem
958 4138 1095 4183 annuam
1119 4136 1182 4182 non
1199 4115 1368 4200 excedant,
1391 4135 1454 4182 non
1479 4117 1627 4183 obstante

291 4222 377 4306 quod
406 4225 439 4288 in
469 4223 503 4290 S.
535 4223 667 4305 Georgii
697 4223 807 4290 Goion.
841 4230 873 4290 et
907 4225 942 4291 S.
967 4224 1079 4290 Crucis
1107 4223 1209 4290 Leod.
1243 4224 1389 4289 ecclesiis
1420 4223 1479 4289 sub
1513 4243 1627 4309 expec-

291 4333 414 4397 tatione
437 4330 670 4415 prebendarum
696 4331 891 4397 auctoritate
923 4331 1103 4417 apostolica
1125 4330 1158 4395 in
1182 4330 1370 4396 canonicum
1395 4335 1445 4396 est
1466 4334 1626 4415 receptus.

398 4437 563 4503 Attributa
587 4438 645 4503 tibi
669 4438 855 4503 merita...
897 4439 971 4503 Dat.
989 4437 1083 4503 Avin.
1101 4437 1146 4501 kl.
1164 4438 1275 4503 marcii
1292 4458 1322 4502 a.
1338 4435 1518 4502 undecimo.

397 4545 437 4609 In
460 4564 487 4609 e.
504 4565 546 4609 m.
570 4543 680 4609 abbati
705 4545 889 4610 monasterii
907 4545 939 4610 S.
959 4544 1070 4609 lacobi
1086 4543 1188 4609 Leod.
1210 4549 1242 4609 et
1265 4543 1435 4609 scolastico
1452 4543 1531 4609 eccl.
1545 4543 1627 4607 Bun·

291 4651 399 4716 nensis
423 4650 532 4717 Colon.
558 4650 641 4717 dioc.
665 4672 705 4717 ae
728 4653 882 4735 magistro
907 4651 1025 4717 Busolo
1050 4651 1090 4716 de
1111 4652 1229 4717 Parma
1252 4653 1407 4717 canonico
1429 4651 1626 4716 Tornacensi

293 4757 461 4844 capellano
485 4758 606 4844 papali.

454 4878 528 4948 Req.
547 4879 586 4931 83
602 4877 626 4947 f.
646 4878 700 4933 177
718 4892 766 4931 rar.
787 4879 866 4931 1451.
