3642 5509
730 455 798 513 leet
818 454 949 514 October
965 455 1009 514 20.
1481 455 1536 513 529

201 645 269 704 tore
293 639 554 724 procuratoribus
579 645 611 704 et
627 638 752 704 nunciis
778 637 972 704 venerabilis
995 639 1095 723 patris
1116 636 1235 704 domini
1254 637 1408 702 Walrami
1432 637 1533 703 archi-

201 747 343 832 episcopi
368 747 567 813 Coloniensis
591 751 623 811 ct
647 745 739 812 lectis
762 747 795 810 in
825 747 955 831 publico
980 745 1021 811 de
1050 746 1150 830 ipsius
1174 745 1293 810 domini
1321 747 1420 810 nostri
1450 767 1535 810 man·

201 852 278 919 dato
302 852 426 920 dnobus
449 853 596 940 puhlicis,
630 861 664 918 ut
698 853 877 938 apparebat
910 855 1014 938 prima
1048 853 1143 936 facie,
1177 852 1396 919 instrumentis
1419 852 1535 937 sigillis

200 960 301 1045 ipsius
334 960 454 1028 domini
479 959 677 1026 coloniensis
710 959 947 1046 archiepIscopi
975 959 1175 1046 impendenti
1204 960 1365 1044 sigillatis,
1401 980 1534 1042 quornm

200 1073 328 1135 tenores
351 1068 486 1135 interius
510 1066 734 1153 perordinem
758 1067 991 1149 describentur,
1021 1074 1054 1133 et
1077 1067 1268 1151 interrogati
1292 1087 1350 1152 per
1373 1066 1534 1152 prefatum

201 1173 362 1240 dominum
386 1181 539 1256 nostrum,
570 1195 611 1240 an
636 1181 788 1240 contenta
812 1176 844 1239 in
868 1172 965 1240 dictis
988 1175 1207 1240 instrumentis
1231 1174 1431 1240 continerent
1454 1177 1535 1239 veri·

202 1289 311 1364 tatem,
335 1281 571 1368 responderunt
595 1280 680 1364 quod
704 1282 761 1348 sic.
810 1281 1015 1366 Interrogati,
1043 1284 1071 1347 si
1094 1282 1214 1348 vellent
1237 1282 1364 1346 nomine
1388 1301 1536 1366 procura·

201 1391 283 1455 torio
313 1410 376 1472 quo
407 1408 504 1474 supra
527 1409 585 1474 per
608 1389 819 1454 iuramentum
844 1387 1005 1454 affirmare
1028 1397 1061 1454 et
1083 1409 1239 1470 asserere,
1275 1387 1362 1471 quod
1386 1394 1537 1454 contenta

201 1495 233 1562 in
258 1495 353 1563 dictis
377 1497 594 1563 instrumentis
618 1496 686 1562 sine
710 1495 826 1562 fraude
843 1503 875 1561 et
892 1495 966 1560 dolo
985 1502 1017 1561 et
1040 1497 1170 1561 malicia
1193 1515 1312 1560 meram
1336 1497 1538 1562 continerent

202 1605 380 1687 veritatem,
414 1602 563 1668 dixerunt
595 1601 681 1685 quod
714 1603 773 1669 sic.
819 1603 862 1668 Et
889 1602 1012 1668 ibidem
1039 1605 1136 1670 tactis
1165 1623 1222 1688 per
1252 1622 1307 1668 ecs
1335 1611 1367 1666 et
1397 1605 1536 1689 ipsorum

202 1711 377 1794 quemlihet
401 1709 611 1794 corporaliter
635 1709 757 1776 sanctis
781 1710 959 1794 evangeliis
983 1710 1133 1775 dixerunt
1156 1717 1189 1774 et
1212 1717 1427 1791 asseruerunt,
1452 1709 1538 1794 quod

202 1820 427 1883 excusationes
448 1822 480 1882 et
505 1837 601 1883 cause
625 1817 657 1883 in
682 1816 779 1882 dictis
802 1817 1022 1882 instrumentis
1046 1824 1196 1883 contente
1218 1818 1303 1882 omui
1327 1816 1440 1882 fraude
1463 1816 1539 1883 dolo

202 1925 330 1990 fictione
360 1931 393 1989 et
422 1923 659 1989 machinatione
693 1925 893 1990 cessantibus
927 1932 1018 1989 erant
1052 1943 1128 1990 vere
1161 1930 1193 1989 et
1226 1944 1338 2009 puram
1362 1932 1396 1989 et
1418 1945 1538 1990 meram

203 2031 411 2098 continebant
439 2051 497 2116 per
526 2031 633 2096 omnia
661 2032 840 2096 veritatem.
892 2029 1018 2108 Quibus
1041 2029 1090 2097 sic
1113 2031 1195 2097 actis
1222 2031 1368 2116 prefatus
1391 2029 1539 2097 dominus

202 2145 310 2206 noster
329 2158 415 2224 papa
438 2137 544 2222 quoad
569 2138 676 2203 omnia
691 2139 724 2202 in
742 2138 843 2204 literis
866 2138 1055 2223 apostolicis
1079 2139 1112 2202 in
1135 2137 1231 2204 dictis
1254 2138 1472 2206 instrumentis
1495 2139 1538 2204 in-

202 2245 296 2313 sertis
320 2251 471 2312 contenta
488 2253 520 2311 et
536 2245 601 2310 alia
625 2243 732 2328 quoad
756 2247 981 2311 excusationes
1004 2264 1078 2311 suaa
1102 2229 1296 2331 acceptabat
1311 2252 1345 2311 et
1360 2245 1539 2332 recipiebat

203 2361 332 2421 etcum
356 2359 544 2420 excusatum
569 2353 710 2419 habehat
733 2361 766 2418 et
790 2353 900 2435 voluit,
935 2350 1021 2435 quod
1044 2373 1140 2438 super
1163 2351 1318 2439 predictis
1340 2354 1402 2421 sibi
1426 2353 1539 2420 tierent

201 2461 307 2528 littere
339 2460 517 2546 apostohce
550 2461 618 2526 eius
650 2460 739 2526 hulla
766 2459 887 2526 hullate
916 2470 950 2526 et
976 2460 1202 2526 nichilominus
1229 2461 1322 2527 nobis
1345 2461 1480 2529 notariis
1505 2468 1538 2528 et

203 2570 329 2635 clericis
357 2566 553 2654 supradictis
577 2572 609 2632 et
639 2567 771 2634 cuilibet
799 2576 942 2633 nostrum
971 2568 1216 2633 instrumentum
1245 2568 1298 2633 vel
1326 2569 1539 2635 instrumenta

202 2676 365 2762 publicum
388 2675 441 2740 rel
474 2675 604 2759 publica
637 2673 714 2739 fieri
740 2673 913 2740 mandavit.
962 2674 1127 2760 Tenorles]
1152 2695 1228 2740 vero
1257 2676 1538 2742 instrumentorum

204 2802 262 2868 per
285 2781 428 2848 ordinem
453 2781 534 2847 tales
558 2789 645 2848 sunt:
672 2783 846 2867 (Sequitur
866 2783 1030 2847 Wulrumi
1054 2784 1196 2869 epistola
1219 2803 1271 2848 nr.
1288 2785 1388 2862 2300,
1413 2785 1468 2848 cai
1490 2786 1541 2849 in-

201 2898 288 2956 serte
311 2895 390 2956 aunt
413 2891 588 2955 Benedicti
605 2891 683 2954 XII
701 2891 811 2956 littere
835 2911 888 2955 nr.
912 2892 1025 2968 2294.)

353 3037 440 3092 Arci.
466 3035 557 3092 Vatic.
582 3036 703 3092 Arason.
724 3038 790 3104 XV,
815 3053 898 3107 caps.
919 3039 953 3090 11
972 3053 1019 3091 nr.
1040 3040 1065 3092 7.
1098 3036 1290 3106 (Fasciculus
1310 3041 1345 3094 II
1360 3038 1540 3095 additurum

354 3127 397 3180 ad
416 3141 497 3196 caps.
519 3127 568 3180 XI
592 3143 708 3182 armar.
729 3128 791 3182 XV
815 3125 879 3181 aive
903 3127 1046 3182 Volnmen
1070 3127 1243 3183 litterarum
1266 3128 1427 3184 Clementia
1451 3129 1493 3185 VI
1513 3131 1541 3184 et

352 3212 501 3270 Iohannis
512 3215 624 3284 XXII.)
644 3215 698 3285 fol.
719 3218 769 3280 77;
790 3215 911 3270 Amor.
919 3216 1026 3271 XXXI
1031 3217 1061 3273 V.
1081 3217 1101 3270 2
1118 3219 1143 3286 f.
1163 3220 1220 3271 136
1229 3235 1243 3286 ‚·
1260 3220 1312 3274 132.
1332 3220 1423 3283 1910,·
1444 3219 1540 3274 Euan

352 3302 397 3360 ian
415 3302 532 3358 Hister.
551 3305 718 3360 Jahrbuclz.
738 3304 822 3372 XIX,
843 3306 906 3359 468.

312 3594 443 3663 23⁰2.
476 3596 562 3660 1337
587 3595 727 3662 October
749 3598 804 3662 20.
829 3595 994 3684 Auipnon.

311 3739 517 3804 Benedictus
541 3738 619 3801 XII
648 3739 898 3825 archiepiscopo
925 3737 1115 3806 Coloniensi
1143 3741 1291 3823 nunciat,
1326 3741 1413 3827 quod
1442 3765 1541 3810 exeu-

204 3848 351 3912 sationes
375 3847 446 3910 nna
468 3847 510 3911 ab
535 3845 683 3910 eiusdem
706 3847 829 3911 nuncio
852 3847 890 3910 in
913 3848 1110 3912 wasmtorio
1128 3848 1288 3932 prolatas
1311 3853 1489 3936 approbat.

313 3986 521 4072 [Benedictus
544 3985 622 4070 Xll]
646 3985 751 4053 eidem
776 3988 962 4073 [Walramol
988 3987 1232 4075 archiepiscopo
1258 3989 1475 4077 [Colonicuail

312 4093 440 4160 Pridem
476 4093 553 4160 dato
583 4094 674 4159 nobis
702 4095 850 4178 intelligi,
885 4094 970 4178 quod
1000 4095 1076 4161 licet
1104 4097 1202 4162 statui
1238 4103 1292 4163 tuo
1327 4119 1390 4164 non
1425 4121 1540 4167 eonve-

204 4203 289 4267 niret
320 4222 478 4268 armorum
513 4220 630 4267 vacare
665 4202 813 4284 negotiis,
857 4203 918 4267 nisi
958 4223 1029 4268 cum
1061 4204 1239 4269 immineret
1273 4207 1448 4272 necessitas
1482 4228 1541 4292 pro

206 4309 297 4374 bonis
313 4317 345 4374 et
367 4308 461 4374 rebus
485 4316 538 4374 tue
563 4307 700 4374 ecclesie
724 4307 949 4395 defendendis
973 4316 1132 4375 tutamen
1155 4310 1243 4376 nnlla
1267 4313 1323 4376 tali
1347 4313 1540 4380 necessitate

206 4423 343 4498 cogente
367 4434 524 4480 armornm
554 4415 693 4498 negotiis
721 4415 912 4483 intendebas
936 4414 1034 4481 etad
1058 4417 1180 4482 alienas
1211 4424 1314 4483 terras
1342 4420 1543 4486 invadendas

207 4522 349 4588 faciebas
374 4521 505 4587 bellicos
528 4523 714 4607 ¹apparatus,
744 4543 786 4588 ex
815 4523 931 4605 quihus
961 4532 1073 4588 contra
1102 4530 1134 4588 te
1157 4525 1320 4591 oriebatur
1344 4528 1541 4613 presumptio

208 4629 375 4716 plurimum
400 4627 562 4695 dedecens
584 4635 701 4694 statum
727 4637 824 4712 tuum,
849 4629 1007 4696 voluimus
1031 4631 1154 4714 tibique
1182 4652 1240 4717 per
1267 4633 1393 4698 litteras
1415 4642 1542 4700 nostras

207 4737 416 4823 precepimus,
451 4741 485 4800 ut
517 4741 623 4802 mente
654 4738 774 4822 pariter
804 4757 844 4802 ac
876 4737 1027 4822 operibus
1060 4745 1093 4804 et
1125 4739 1281 4824 exemplis
1310 4749 1341 4805 te
1371 4761 1486 4823 gerens
1511 4751 1543 4806 et

206 4843 379 4912 ostendens
409 4842 590 4929 pontificem
620 4843 767 4910 abiceres
797 4843 857 4908 hcc
886 4853 920 4910 et
950 4864 1148 4928 quecumque
1171 4846 1237 4912 alia
1259 4849 1358 4912 statui
1382 4871 1445 4914 non
1469 4869 1543 4915 con·

260 4983 514 5036 vaukmutsasaten
530 4981 561 5030 11.
1345 4971 1380 5026 34
