<?xml version="1.0" encoding="UTF-8"?>
<!DOCTYPE html PUBLIC "-//W3C//DTD XHTML 1.0 Transitional//EN"
    "http://www.w3.org/TR/xhtml1/DTD/xhtml1-transitional.dtd">
<html xmlns="http://www.w3.org/1999/xhtml" xml:lang="en" lang="en">
 <head>
  <title>
</title>
<meta http-equiv="Content-Type" content="text/html;charset=utf-8" />
  <meta name='ocr-system' content='tesseract 3.04.00' />
  <meta name='ocr-capabilities' content='ocr_page ocr_carea ocr_par ocr_line ocrx_word'/>
</head>
<body>
  <div class='ocr_page' id='page_1' title='image "./urkundenundrege00thimgoog_0070.png"; bbox 0 0 3642 5509; ppageno 0'>
   <div class='ocr_carea' id='block_1_1' title="bbox 775 469 1548 531">
    <p class='ocr_par' dir='ltr' id='par_1_1' title="bbox 775 469 1548 531">
     <span class='ocr_line' id='line_1_1' title="bbox 775 469 1548 531; baseline -0.006 -1"><span class='ocrx_word' id='word_1_1' title='bbox 775 471 845 530; x_wconf 75' lang='lat' dir='ltr'>reat</span> <span class='ocrx_word' id='word_1_2' title='bbox 864 470 938 531; x_wconf 84' lang='lat' dir='ltr'>Junt</span> <span class='ocrx_word' id='word_1_3' title='bbox 958 472 999 529; x_wconf 80' lang='lat' dir='ltr'>l&#39;l.</span> <span class='ocrx_word' id='word_1_4' title='bbox 1514 469 1548 526; x_wconf 82' lang='lat'>41</span> 
     </span>
    </p>
   </div>
   <div class='ocr_carea' id='block_1_2' title="bbox 214 650 1551 2776">
    <p class='ocr_par' dir='ltr' id='par_1_2' title="bbox 214 650 1551 2776">
     <span class='ocr_line' id='line_1_2' title="bbox 217 650 1550 741; baseline -0.005 -19"><span class='ocrx_word' id='word_1_5' title='bbox 217 655 372 740; x_wconf 87' lang='lat' dir='ltr'>linquens,</span> <span class='ocrx_word' id='word_1_6' title='bbox 405 654 439 720; x_wconf 95' lang='lat' dir='ltr'>in</span> <span class='ocrx_word' id='word_1_7' title='bbox 464 675 611 741; x_wconf 92' lang='lat' dir='ltr'>campum</span> <span class='ocrx_word' id='word_1_8' title='bbox 639 653 763 738; x_wconf 92' lang='lat' dir='ltr'>illicite,</span> <span class='ocrx_word' id='word_1_9' title='bbox 797 654 938 737; x_wconf 88' lang='lat' dir='ltr'><strong>quinimo</strong></span> <span class='ocrx_word' id='word_1_10' title='bbox 971 653 1099 719; x_wconf 88' lang='lat' dir='ltr'>effrenis</span> <span class='ocrx_word' id='word_1_11' title='bbox 1133 652 1307 737; x_wconf 86' lang='lat' dir='ltr'>voluptatis</span> <span class='ocrx_word' id='word_1_12' title='bbox 1330 650 1494 736; x_wconf 82' lang='lat' dir='ltr'>egrederis</span> <span class='ocrx_word' id='word_1_13' title='bbox 1517 657 1550 718; x_wconf 92' lang='lat' dir='ltr'>et</span> 
     </span>
     <span class='ocr_line' id='line_1_3' title="bbox 216 761 1550 850; baseline -0.006 -19"><span class='ocrx_word' id='word_1_14' title='bbox 216 764 332 850; x_wconf 85' lang='lat' dir='ltr'>spretis</span> <span class='ocrx_word' id='word_1_15' title='bbox 365 765 463 830; x_wconf 88' lang='lat' dir='ltr'>armis</span> <span class='ocrx_word' id='word_1_16' title='bbox 496 765 609 829; x_wconf 87' lang='lat' dir='ltr'>militie</span> <span class='ocrx_word' id='word_1_17' title='bbox 642 763 828 848; x_wconf 69' lang='lat' dir='ltr'>spiritualia,</span> <span class='ocrx_word' id='word_1_18' title='bbox 863 763 978 846; x_wconf 90' lang='lat' dir='ltr'>quibus</span> <span class='ocrx_word' id='word_1_19' title='bbox 1006 763 1149 827; x_wconf 85' lang='lat' dir='ltr'>bravium</span> <span class='ocrx_word' id='word_1_20' title='bbox 1175 768 1284 826; x_wconf 90' lang='lat' dir='ltr'>eterne</span> <span class='ocrx_word' id='word_1_21' title='bbox 1308 761 1476 826; x_wconf 79' lang='lat' dir='ltr'>felicitatis</span> <span class='ocrx_word' id='word_1_22' title='bbox 1498 779 1550 824; x_wconf 89' lang='lat' dir='ltr'>ac·</span> 
     </span>
     <span class='ocr_line' id='line_1_4' title="bbox 217 866 1550 956; baseline -0.004 -19"><span class='ocrx_word' id='word_1_23' title='bbox 217 871 361 956; x_wconf 88' lang='lat' dir='ltr'>quiritur,</span> <span class='ocrx_word' id='word_1_24' title='bbox 391 878 466 956; x_wconf 90' lang='lat' dir='ltr'>post</span> <span class='ocrx_word' id='word_1_25' title='bbox 494 870 604 935; x_wconf 90' lang='lat' dir='ltr'>mundi</span> <span class='ocrx_word' id='word_1_26' title='bbox 627 878 660 936; x_wconf 91' lang='lat' dir='ltr'>et</span> <span class='ocrx_word' id='word_1_27' title='bbox 683 871 845 937; x_wconf 90' lang='lat' dir='ltr'>oculorum</span> <span class='ocrx_word' id='word_1_28' title='bbox 876 869 1158 955; x_wconf 85' lang='lat' dir='ltr'>concupisceucias</span> <span class='ocrx_word' id='word_1_29' title='bbox 1191 889 1253 934; x_wconf 90' lang='lat' dir='ltr'>non</span> <span class='ocrx_word' id='word_1_30' title='bbox 1287 869 1442 934; x_wconf 86' lang='lat' dir='ltr'>inoffenso</span> <span class='ocrx_word' id='word_1_31' title='bbox 1465 866 1550 952; x_wconf 89' lang='lat' dir='ltr'>pede</span> 
     </span>
     <span class='ocr_line' id='line_1_5' title="bbox 216 975 1549 1062; baseline -0.004 -18"><span class='ocrx_word' id='word_1_32' title='bbox 216 979 369 1062; x_wconf 90' lang='lat' dir='ltr'>decurris,</span> <span class='ocrx_word' id='word_1_33' title='bbox 405 977 463 1044; x_wconf 92' lang='lat' dir='ltr'>sed</span> <span class='ocrx_word' id='word_1_34' title='bbox 496 977 590 1044; x_wconf 88' lang='lat' dir='ltr'>deum</span> <span class='ocrx_word' id='word_1_35' title='bbox 624 978 801 1061; x_wconf 84' lang='lat' dir='ltr'>offendens,</span> <span class='ocrx_word' id='word_1_36' title='bbox 836 978 1023 1061; x_wconf 83' lang='lat' dir='ltr'>religionem</span> <span class='ocrx_word' id='word_1_37' title='bbox 1048 977 1181 1058; x_wconf 86' lang='lat' dir='ltr'>violans,</span> <span class='ocrx_word' id='word_1_38' title='bbox 1218 977 1249 1040; x_wconf 93' lang='lat' dir='ltr'>in</span> <span class='ocrx_word' id='word_1_39' title='bbox 1274 977 1438 1042; x_wconf 85' lang='lat' dir='ltr'>infamiam</span> <span class='ocrx_word' id='word_1_40' title='bbox 1462 975 1549 1040; x_wconf 87' lang='lat' dir='ltr'>fame</span> 
     </span>
     <span class='ocr_line' id='line_1_6' title="bbox 216 1081 1551 1168; baseline -0.002 -17"><span class='ocrx_word' id='word_1_41' title='bbox 216 1087 351 1153; x_wconf 88' lang='lat' dir='ltr'>nitorem</span> <span class='ocrx_word' id='word_1_42' title='bbox 375 1091 574 1168; x_wconf 86' lang='lat' dir='ltr'>convertens,</span> <span class='ocrx_word' id='word_1_43' title='bbox 608 1086 769 1152; x_wconf 86' lang='lat' dir='ltr'>seculares</span> <span class='ocrx_word' id='word_1_44' title='bbox 798 1084 1024 1150; x_wconf 85' lang='lat' dir='ltr'>dissolutiones</span> <span class='ocrx_word' id='word_1_45' title='bbox 1052 1083 1240 1168; x_wconf 89' lang='lat' dir='ltr'>applectens</span> <span class='ocrx_word' id='word_1_46' title='bbox 1262 1084 1308 1166; x_wconf 84' lang='lat' dir='ltr'>(l),</span> <span class='ocrx_word' id='word_1_47' title='bbox 1331 1081 1374 1148; x_wconf 90' lang='lat' dir='ltr'>ad</span> <span class='ocrx_word' id='word_1_48' title='bbox 1398 1082 1551 1149; x_wconf 85' lang='lat' dir='ltr'>astiludia</span> 
     </span>
     <span class='ocr_line' id='line_1_7' title="bbox 216 1191 1550 1276; baseline -0.002 -17"><span class='ocrx_word' id='word_1_49' title='bbox 216 1200 248 1259; x_wconf 94' lang='lat' dir='ltr'>et</span> <span class='ocrx_word' id='word_1_50' title='bbox 271 1199 493 1259; x_wconf 85' lang='lat' dir='ltr'>torneamenta</span> <span class='ocrx_word' id='word_1_51' title='bbox 515 1192 700 1276; x_wconf 88' lang='lat' dir='ltr'>frequenter</span> <span class='ocrx_word' id='word_1_52' title='bbox 723 1191 863 1274; x_wconf 90' lang='lat' dir='ltr'>accedis,</span> <span class='ocrx_word' id='word_1_53' title='bbox 893 1211 1005 1257; x_wconf 88' lang='lat' dir='ltr'>coreas</span> <span class='ocrx_word' id='word_1_54' title='bbox 1028 1197 1061 1256; x_wconf 91' lang='lat' dir='ltr'>et</span> <span class='ocrx_word' id='word_1_55' title='bbox 1083 1191 1281 1273; x_wconf 84' lang='lat' dir='ltr'>saltationes,</span> <span class='ocrx_word' id='word_1_56' title='bbox 1314 1191 1368 1256; x_wconf 89' lang='lat' dir='ltr'>ubi</span> <span class='ocrx_word' id='word_1_57' title='bbox 1393 1191 1550 1256; x_wconf 86' lang='lat' dir='ltr'>amatoria</span> 
     </span>
     <span class='ocr_line' id='line_1_8' title="bbox 217 1297 1550 1384; baseline -0.002 -19"><span class='ocrx_word' id='word_1_58' title='bbox 217 1306 386 1366; x_wconf 81' lang='lat' dir='ltr'>cantantur</span> <span class='ocrx_word' id='word_1_59' title='bbox 410 1307 443 1365; x_wconf 90' lang='lat' dir='ltr'>et</span> <span class='ocrx_word' id='word_1_60' title='bbox 467 1301 582 1384; x_wconf 89' lang='lat' dir='ltr'>turpia,</span> <span class='ocrx_word' id='word_1_61' title='bbox 608 1319 670 1364; x_wconf 92' lang='lat' dir='ltr'>non</span> <span class='ocrx_word' id='word_1_62' title='bbox 695 1299 807 1381; x_wconf 86' lang='lat' dir='ltr'>evitas,</span> <span class='ocrx_word' id='word_1_63' title='bbox 832 1297 890 1364; x_wconf 90' lang='lat' dir='ltr'>sed</span> <span class='ocrx_word' id='word_1_64' title='bbox 912 1319 983 1363; x_wconf 91' lang='lat' dir='ltr'>cum</span> <span class='ocrx_word' id='word_1_65' title='bbox 1008 1297 1222 1364; x_wconf 84' lang='lat' dir='ltr'>corizantibus</span> <span class='ocrx_word' id='word_1_66' title='bbox 1245 1299 1315 1383; x_wconf 90' lang='lat' dir='ltr'>ipse</span> <span class='ocrx_word' id='word_1_67' title='bbox 1340 1299 1472 1381; x_wconf 84' lang='lat' dir='ltr'>carinas,</span> <span class='ocrx_word' id='word_1_68' title='bbox 1495 1319 1550 1382; x_wconf 90' lang='lat' dir='ltr'>po·</span> 
     </span>
     <span class='ocr_line' id='line_1_9' title="bbox 216 1405 1550 1492; baseline -0.001 -20"><span class='ocrx_word' id='word_1_69' title='bbox 216 1427 293 1472; x_wconf 91' lang='lat' dir='ltr'>nens</span> <span class='ocrx_word' id='word_1_70' title='bbox 317 1412 349 1474; x_wconf 89' lang='lat' dir='ltr'>te</span> <span class='ocrx_word' id='word_1_71' title='bbox 374 1407 453 1472; x_wconf 86' lang='lat' dir='ltr'>talia</span> <span class='ocrx_word' id='word_1_72' title='bbox 485 1405 720 1490; x_wconf 86' lang='lat' dir='ltr'>frequentando</span> <span class='ocrx_word' id='word_1_73' title='bbox 750 1406 936 1492; x_wconf 87' lang='lat' dir='ltr'>spectacula</span> <span class='ocrx_word' id='word_1_74' title='bbox 964 1406 996 1470; x_wconf 95' lang='lat' dir='ltr'>in</span> <span class='ocrx_word' id='word_1_75' title='bbox 1020 1406 1240 1490; x_wconf 80' lang='lat' dir='ltr'>spectaculum</span> <span class='ocrx_word' id='word_1_76' title='bbox 1264 1411 1297 1471; x_wconf 89' lang='lat' dir='ltr'>et</span> <span class='ocrx_word' id='word_1_77' title='bbox 1320 1406 1458 1472; x_wconf 93' lang='lat' dir='ltr'>sibilium</span> <span class='ocrx_word' id='word_1_78' title='bbox 1482 1405 1550 1490; x_wconf 88' lang='lat' dir='ltr'>lay·</span> 
     </span>
     <span class='ocr_line' id='line_1_10' title="bbox 216 1512 1551 1600; baseline -0.002 -20"><span class='ocrx_word' id='word_1_79' title='bbox 216 1534 334 1589; x_wconf 90' lang='lat' dir='ltr'>corum,</span> <span class='ocrx_word' id='word_1_80' title='bbox 369 1533 499 1580; x_wconf 88' lang='lat' dir='ltr'>currens</span> <span class='ocrx_word' id='word_1_81' title='bbox 532 1521 606 1600; x_wconf 89' lang='lat' dir='ltr'>post</span> <span class='ocrx_word' id='word_1_82' title='bbox 636 1515 740 1580; x_wconf 85' lang='lat' dir='ltr'>carnis</span> <span class='ocrx_word' id='word_1_83' title='bbox 772 1513 935 1579; x_wconf 89' lang='lat' dir='ltr'>desideria</span> <span class='ocrx_word' id='word_1_84' title='bbox 959 1518 991 1578; x_wconf 94' lang='lat' dir='ltr'>et</span> <span class='ocrx_word' id='word_1_85' title='bbox 1015 1519 1125 1597; x_wconf 89' lang='lat' dir='ltr'>turpes</span> <span class='ocrx_word' id='word_1_86' title='bbox 1152 1513 1250 1578; x_wconf 91' lang='lat' dir='ltr'>seculi</span> <span class='ocrx_word' id='word_1_87' title='bbox 1276 1512 1469 1598; x_wconf 88' lang='lat' dir='ltr'>voluptates,</span> <span class='ocrx_word' id='word_1_88' title='bbox 1492 1532 1551 1577; x_wconf 84' lang='lat' dir='ltr'>vas</span> 
     </span>
     <span class='ocr_line' id='line_1_11' title="bbox 216 1619 1549 1706; baseline -0.001 -20"><span class='ocrx_word' id='word_1_89' title='bbox 216 1627 314 1704; x_wconf 89' lang='lat' dir='ltr'>tuum,</span> <span class='ocrx_word' id='word_1_90' title='bbox 339 1621 425 1705; x_wconf 89' lang='lat' dir='ltr'>quod</span> <span class='ocrx_word' id='word_1_91' title='bbox 449 1622 483 1687; x_wconf 92' lang='lat' dir='ltr'>in</span> <span class='ocrx_word' id='word_1_92' title='bbox 506 1621 764 1687; x_wconf 85' lang='lat' dir='ltr'>sanctificatione</span> <span class='ocrx_word' id='word_1_93' title='bbox 788 1620 924 1686; x_wconf 88' lang='lat' dir='ltr'>deberes</span> <span class='ocrx_word' id='word_1_94' title='bbox 948 1621 1040 1685; x_wconf 87' lang='lat' dir='ltr'>iuxta</span> <span class='ocrx_word' id='word_1_95' title='bbox 1055 1620 1188 1685; x_wconf 89' lang='lat' dir='ltr'>verbum</span> <span class='ocrx_word' id='word_1_96' title='bbox 1212 1620 1350 1706; x_wconf 86' lang='lat' dir='ltr'>apostoli</span> <span class='ocrx_word' id='word_1_97' title='bbox 1374 1619 1549 1705; x_wconf 90' lang='lat' dir='ltr'>possidere,</span> 
     </span>
     <span class='ocr_line' id='line_1_12' title="bbox 214 1725 1550 1812; baseline -0.001 -18"><span class='ocrx_word' id='word_1_98' title='bbox 214 1748 276 1794; x_wconf 95' lang='lat' dir='ltr'>non</span> <span class='ocrx_word' id='word_1_99' title='bbox 307 1727 436 1795; x_wconf 90' lang='lat' dir='ltr'>dubitas</span> <span class='ocrx_word' id='word_1_100' title='bbox 469 1729 661 1812; x_wconf 83' lang='lat' dir='ltr'>contagione</span> <span class='ocrx_word' id='word_1_101' title='bbox 695 1729 868 1794; x_wconf 88' lang='lat' dir='ltr'>incestuosi</span> <span class='ocrx_word' id='word_1_102' title='bbox 901 1727 1091 1794; x_wconf 90' lang='lat' dir='ltr'>concubitus</span> <span class='ocrx_word' id='word_1_103' title='bbox 1125 1726 1286 1793; x_wconf 90' lang='lat' dir='ltr'>maculare</span> <span class='ocrx_word' id='word_1_104' title='bbox 1315 1747 1386 1791; x_wconf 91' lang='lat' dir='ltr'>cum</span> <span class='ocrx_word' id='word_1_105' title='bbox 1410 1725 1550 1810; x_wconf 89' lang='lat' dir='ltr'>quadam</span> 
     </span>
     <span class='ocr_line' id='line_1_13' title="bbox 216 1832 1549 1920; baseline -0.002 -20"><span class='ocrx_word' id='word_1_106' title='bbox 216 1836 356 1916; x_wconf 89' lang='lat' dir='ltr'>moniali,</span> <span class='ocrx_word' id='word_1_107' title='bbox 392 1856 454 1919; x_wconf 90' lang='lat' dir='ltr'>que</span> <span class='ocrx_word' id='word_1_108' title='bbox 486 1835 579 1918; x_wconf 84' lang='lat' dir='ltr'>forte,</span> <span class='ocrx_word' id='word_1_109' title='bbox 615 1836 676 1901; x_wconf 86' lang='lat' dir='ltr'>nisi</span> <span class='ocrx_word' id='word_1_110' title='bbox 709 1854 766 1920; x_wconf 91' lang='lat' dir='ltr'>per</span> <span class='ocrx_word' id='word_1_111' title='bbox 798 1841 830 1900; x_wconf 93' lang='lat' dir='ltr'>te</span> <span class='ocrx_word' id='word_1_112' title='bbox 863 1834 1030 1900; x_wconf 87' lang='lat' dir='ltr'>intellecta</span> <span class='ocrx_word' id='word_1_113' title='bbox 1059 1833 1173 1900; x_wconf 82' lang='lat' dir='ltr'>fuisset</span> <span class='ocrx_word' id='word_1_114' title='bbox 1201 1834 1321 1918; x_wconf 88' lang='lat' dir='ltr'>pariter</span> <span class='ocrx_word' id='word_1_115' title='bbox 1344 1840 1377 1898; x_wconf 90' lang='lat' dir='ltr'>et</span> <span class='ocrx_word' id='word_1_116' title='bbox 1405 1832 1549 1917; x_wconf 90' lang='lat' dir='ltr'>seducta,</span> 
     </span>
     <span class='ocr_line' id='line_1_14' title="bbox 215 1939 1551 2028; baseline -0.002 -21"><span class='ocrx_word' id='word_1_117' title='bbox 215 1941 398 2028; x_wconf 86' lang='lat' dir='ltr'>lampadem</span> <span class='ocrx_word' id='word_1_118' title='bbox 421 1962 592 2008; x_wconf 87' lang='lat' dir='ltr'>accensam</span> <span class='ocrx_word' id='word_1_119' title='bbox 616 1948 777 2008; x_wconf 86' lang='lat' dir='ltr'>servasset</span> <span class='ocrx_word' id='word_1_120' title='bbox 807 1942 877 2007; x_wconf 91' lang='lat' dir='ltr'>oleo</span> <span class='ocrx_word' id='word_1_121' title='bbox 908 1941 1078 2022; x_wconf 88' lang='lat' dir='ltr'>castitatis,</span> <span class='ocrx_word' id='word_1_122' title='bbox 1113 1940 1211 2006; x_wconf 89' lang='lat' dir='ltr'>vitam</span> <span class='ocrx_word' id='word_1_123' title='bbox 1236 1939 1356 2007; x_wconf 88' lang='lat' dir='ltr'>ducens</span> <span class='ocrx_word' id='word_1_124' title='bbox 1380 1940 1551 2006; x_wconf 88' lang='lat' dir='ltr'>enormiter</span> 
     </span>
     <span class='ocr_line' id='line_1_15' title="bbox 216 2047 1549 2133; baseline -0.002 -19"><span class='ocrx_word' id='word_1_125' title='bbox 216 2048 412 2116; x_wconf 87' lang='lat' dir='ltr'>dissolutam.</span> <span class='ocrx_word' id='word_1_126' title='bbox 460 2050 530 2116; x_wconf 87' lang='lat' dir='ltr'>lleo</span> <span class='ocrx_word' id='word_1_127' title='bbox 562 2050 660 2133; x_wconf 89' lang='lat' dir='ltr'>igitur·</span> <span class='ocrx_word' id='word_1_128' title='bbox 693 2049 934 2114; x_wconf 86' lang='lat' dir='ltr'>commonitoria</span> <span class='ocrx_word' id='word_1_129' title='bbox 957 2069 1015 2133; x_wconf 93' lang='lat' dir='ltr'>pro</span> <span class='ocrx_word' id='word_1_130' title='bbox 1044 2055 1100 2113; x_wconf 91' lang='lat' dir='ltr'>tua</span> <span class='ocrx_word' id='word_1_131' title='bbox 1123 2047 1238 2130; x_wconf 90' lang='lat' dir='ltr'>salute,</span> <span class='ocrx_word' id='word_1_132' title='bbox 1271 2068 1365 2131; x_wconf 88' lang='lat' dir='ltr'>quam</span> <span class='ocrx_word' id='word_1_133' title='bbox 1396 2048 1549 2133; x_wconf 86' lang='lat' dir='ltr'>cupimus,</span> 
     </span>
     <span class='ocr_line' id='line_1_16' title="bbox 216 2155 1551 2242; baseline 0 -22"><span class='ocrx_word' id='word_1_134' title='bbox 216 2157 275 2221; x_wconf 92' lang='lat' dir='ltr'>tibi</span> <span class='ocrx_word' id='word_1_135' title='bbox 298 2156 521 2242; x_wconf 89' lang='lat' dir='ltr'>premittimus‚</span> <span class='ocrx_word' id='word_1_136' title='bbox 557 2163 602 2239; x_wconf 90' lang='lat' dir='ltr'>ut,</span> <span class='ocrx_word' id='word_1_137' title='bbox 638 2177 700 2240; x_wconf 90' lang='lat' dir='ltr'>que</span> <span class='ocrx_word' id='word_1_138' title='bbox 733 2163 806 2222; x_wconf 88' lang='lat' dir='ltr'>sunt</span> <span class='ocrx_word' id='word_1_139' title='bbox 838 2156 998 2238; x_wconf 88' lang='lat' dir='ltr'>monaehi,</span> <span class='ocrx_word' id='word_1_140' title='bbox 1032 2157 1066 2220; x_wconf 93' lang='lat' dir='ltr'>in</span> <span class='ocrx_word' id='word_1_141' title='bbox 1096 2163 1129 2221; x_wconf 92' lang='lat' dir='ltr'>te</span> <span class='ocrx_word' id='word_1_142' title='bbox 1152 2176 1247 2239; x_wconf 88' lang='lat' dir='ltr'>geras</span> <span class='ocrx_word' id='word_1_143' title='bbox 1270 2162 1302 2220; x_wconf 91' lang='lat' dir='ltr'>et</span> <span class='ocrx_word' id='word_1_144' title='bbox 1326 2155 1551 2240; x_wconf 81' lang='lat' dir='ltr'>exemplariter</span> 
     </span>
     <span class='ocr_line' id='line_1_17' title="bbox 216 2257 1550 2349; baseline -0.001 -21"><span class='ocrx_word' id='word_1_145' title='bbox 216 2257 345 2346; x_wconf 84' lang='lat' dir='ltr'>doceas,</span> <span class='ocrx_word' id='word_1_146' title='bbox 380 2265 434 2347; x_wconf 90' lang='lat' dir='ltr'>qni</span> <span class='ocrx_word' id='word_1_147' title='bbox 467 2264 695 2330; x_wconf 88' lang='lat' dir='ltr'>monachorum</span> <span class='ocrx_word' id='word_1_148' title='bbox 728 2264 871 2348; x_wconf 89' lang='lat' dir='ltr'>regimen</span> <span class='ocrx_word' id='word_1_149' title='bbox 900 2263 1081 2349; x_wconf 84' lang='lat' dir='ltr'>suscepisti,</span> <span class='ocrx_word' id='word_1_150' title='bbox 1115 2284 1135 2328; x_wconf 89' lang='lat' dir='ltr'>a</span> <span class='ocrx_word' id='word_1_151' title='bbox 1166 2271 1198 2329; x_wconf 90' lang='lat' dir='ltr'>te</span> <span class='ocrx_word' id='word_1_152' title='bbox 1230 2262 1402 2330; x_wconf 93' lang='lat' dir='ltr'>cuiuslibet</span> <span class='ocrx_word' id='word_1_153' title='bbox 1434 2282 1550 2347; x_wconf 89' lang='lat' dir='ltr'>evaga-</span> 
     </span>
     <span class='ocr_line' id='line_1_18' title="bbox 217 2369 1550 2454; baseline -0.001 -20"><span class='ocrx_word' id='word_1_154' title='bbox 217 2369 313 2436; x_wconf 89' lang='lat' dir='ltr'>tionis</span> <span class='ocrx_word' id='word_1_155' title='bbox 336 2371 515 2453; x_wconf 90' lang='lat' dir='ltr'>licenciam,</span> <span class='ocrx_word' id='word_1_156' title='bbox 551 2371 684 2437; x_wconf 82' lang='lat' dir='ltr'>lascivie</span> <span class='ocrx_word' id='word_1_157' title='bbox 708 2378 822 2452; x_wconf 91' lang='lat' dir='ltr'>motus,</span> <span class='ocrx_word' id='word_1_158' title='bbox 857 2371 1030 2454; x_wconf 88' lang='lat' dir='ltr'>premissas</span> <span class='ocrx_word' id='word_1_159' title='bbox 1054 2369 1154 2435; x_wconf 88' lang='lat' dir='ltr'>seculi</span> <span class='ocrx_word' id='word_1_160' title='bbox 1179 2369 1362 2454; x_wconf 85' lang='lat' dir='ltr'>voluptates</span> <span class='ocrx_word' id='word_1_161' title='bbox 1386 2376 1418 2435; x_wconf 94' lang='lat' dir='ltr'>et</span> <span class='ocrx_word' id='word_1_162' title='bbox 1441 2369 1550 2435; x_wconf 92' lang='lat' dir='ltr'>muudi</span> 
     </span>
     <span class='ocr_line' id='line_1_19' title="bbox 217 2475 1550 2562; baseline -0.001 -21"><span class='ocrx_word' id='word_1_163' title='bbox 217 2476 378 2543; x_wconf 88' lang='lat' dir='ltr'>desideria</span> <span class='ocrx_word' id='word_1_164' title='bbox 401 2478 577 2561; x_wconf 90' lang='lat' dir='ltr'>relegando</span> <span class='ocrx_word' id='word_1_165' title='bbox 601 2479 711 2560; x_wconf 89' lang='lat' dir='ltr'>sicque</span> <span class='ocrx_word' id='word_1_166' title='bbox 735 2477 941 2543; x_wconf 87' lang='lat' dir='ltr'>reformando</span> <span class='ocrx_word' id='word_1_167' title='bbox 972 2476 1109 2562; x_wconf 90' lang='lat' dir='ltr'>priorem</span> <span class='ocrx_word' id='word_1_168' title='bbox 1133 2477 1233 2541; x_wconf 84' lang='lat' dir='ltr'>vitam</span> <span class='ocrx_word' id='word_1_169' title='bbox 1257 2476 1290 2541; x_wconf 96' lang='lat' dir='ltr'>in</span> <span class='ocrx_word' id='word_1_170' title='bbox 1314 2477 1435 2558; x_wconf 91' lang='lat' dir='ltr'>melius,</span> <span class='ocrx_word' id='word_1_171' title='bbox 1465 2475 1550 2559; x_wconf 90' lang='lat' dir='ltr'>quod</span> 
     </span>
     <span class='ocr_line' id='line_1_20' title="bbox 215 2581 1551 2671; baseline -0.002 -21"><span class='ocrx_word' id='word_1_172' title='bbox 215 2584 381 2650; x_wconf 85' lang='lat' dir='ltr'>evidenter</span> <span class='ocrx_word' id='word_1_173' title='bbox 405 2591 562 2671; x_wconf 87' lang='lat' dir='ltr'>appareat</span> <span class='ocrx_word' id='word_1_174' title='bbox 585 2591 618 2650; x_wconf 88' lang='lat' dir='ltr'>te</span> <span class='ocrx_word' id='word_1_175' title='bbox 642 2591 808 2669; x_wconf 87' lang='lat' dir='ltr'>paternam</span> <span class='ocrx_word' id='word_1_176' title='bbox 832 2603 950 2669; x_wconf 91' lang='lat' dir='ltr'>capere</span> <span class='ocrx_word' id='word_1_177' title='bbox 974 2581 1189 2668; x_wconf 86' lang='lat' dir='ltr'>disciplinam,</span> <span class='ocrx_word' id='word_1_178' title='bbox 1213 2603 1254 2648; x_wconf 93' lang='lat' dir='ltr'>ne</span> <span class='ocrx_word' id='word_1_179' title='bbox 1278 2583 1360 2648; x_wconf 91' lang='lat' dir='ltr'>forte</span> <span class='ocrx_word' id='word_1_180' title='bbox 1385 2589 1495 2650; x_wconf 89' lang='lat' dir='ltr'>contra</span> <span class='ocrx_word' id='word_1_181' title='bbox 1517 2589 1551 2647; x_wconf 89' lang='lat' dir='ltr'>te</span> 
     </span>
     <span class='ocr_line' id='line_1_21' title="bbox 215 2689 1549 2776; baseline -0.002 -20"><span class='ocrx_word' id='word_1_182' title='bbox 215 2691 372 2757; x_wconf 88' lang='lat' dir='ltr'>irascatur</span> <span class='ocrx_word' id='word_1_183' title='bbox 396 2690 543 2758; x_wconf 91' lang='lat' dir='ltr'>domiuus</span> <span class='ocrx_word' id='word_1_184' title='bbox 566 2697 608 2766; x_wconf 83' lang='lat' dir='ltr'>et.</span> <span class='ocrx_word' id='word_1_185' title='bbox 633 2692 659 2757; x_wconf 92' lang='lat' dir='ltr'>si</span> <span class='ocrx_word' id='word_1_186' title='bbox 685 2690 726 2756; x_wconf 92' lang='lat' dir='ltr'>de</span> <span class='ocrx_word' id='word_1_187' title='bbox 749 2691 803 2758; x_wconf 86' lang='lat' dir='ltr'>via</span> <span class='ocrx_word' id='word_1_188' title='bbox 826 2693 911 2757; x_wconf 89' lang='lat' dir='ltr'>iusta</span> <span class='ocrx_word' id='word_1_189' title='bbox 935 2690 1102 2776; x_wconf 74' lang='lat' dir='ltr'>depeream,</span> <span class='ocrx_word' id='word_1_190' title='bbox 1131 2692 1165 2755; x_wconf 95' lang='lat' dir='ltr'>in</span> <span class='ocrx_word' id='word_1_191' title='bbox 1188 2691 1278 2756; x_wconf 86' lang='lat' dir='ltr'>brevi</span> <span class='ocrx_word' id='word_1_192' title='bbox 1302 2689 1493 2757; x_wconf 87' lang='lat' dir='ltr'>exardescat</span> <span class='ocrx_word' id='word_1_193' title='bbox 1517 2689 1549 2754; x_wconf 95' lang='lat' dir='ltr'>in</span> 
     </span>
    </p>
   </div>
   <div class='ocr_carea' id='block_1_3' title="bbox 215 2796 1422 2975">
    <p class='ocr_par' dir='ltr' id='par_1_3' title="bbox 215 2796 1422 2975">
     <span class='ocr_line' id='line_1_22' title="bbox 215 2796 1422 2884; baseline -0.002 -21"><span class='ocrx_word' id='word_1_194' title='bbox 215 2803 248 2864; x_wconf 89' lang='lat' dir='ltr'>te</span> <span class='ocrx_word' id='word_1_195' title='bbox 272 2797 439 2864; x_wconf 88' lang='lat' dir='ltr'>iracundia</span> <span class='ocrx_word' id='word_1_196' title='bbox 461 2797 666 2884; x_wconf 89' lang='lat' dir='ltr'>presidentis.</span> <span class='ocrx_word' id='word_1_197' title='bbox 718 2799 793 2866; x_wconf 90' lang='lat' dir='ltr'>Dat.</span> <span class='ocrx_word' id='word_1_198' title='bbox 818 2798 911 2864; x_wconf 84' lang='lat' dir='ltr'>Avin.</span> <span class='ocrx_word' id='word_1_199' title='bbox 937 2798 999 2863; x_wconf 87' lang='lat' dir='ltr'>XV</span> <span class='ocrx_word' id='word_1_200' title='bbox 1023 2797 1067 2862; x_wconf 82' lang='lat' dir='ltr'>lrl.</span> <span class='ocrx_word' id='word_1_201' title='bbox 1092 2796 1162 2862; x_wconf 93' lang='lat' dir='ltr'>iulii</span> <span class='ocrx_word' id='word_1_202' title='bbox 1186 2817 1216 2862; x_wconf 86' lang='lat' dir='ltr'>a.</span> <span class='ocrx_word' id='word_1_203' title='bbox 1240 2796 1422 2864; x_wconf 89' lang='lat' dir='ltr'>undecimo.</span> 
     </span>
     <span class='ocr_line' id='line_1_23' title="bbox 374 2904 970 2975; baseline -0.007 -15"><span class='ocrx_word' id='word_1_204' title='bbox 374 2905 447 2975; x_wconf 77' lang='lat' dir='ltr'>Rep.</span> <span class='ocrx_word' id='word_1_205' title='bbox 467 2906 507 2958; x_wconf 86' lang='lat'>83</span> <span class='ocrx_word' id='word_1_206' title='bbox 523 2904 548 2974; x_wconf 78' lang='lat' dir='ltr'>f.</span> <span class='ocrx_word' id='word_1_207' title='bbox 568 2904 635 2958; x_wconf 80' lang='lat'><strong><em>394¹</em></strong></span> <span class='ocrx_word' id='word_1_208' title='bbox 654 2920 702 2957; x_wconf 81' lang='lat' dir='ltr'>ur.</span> <span class='ocrx_word' id='word_1_209' title='bbox 721 2904 807 2968; x_wconf 86' lang='lat'><em>1991,·</em></span> <span class='ocrx_word' id='word_1_210' title='bbox 834 2905 886 2958; x_wconf 79' lang='lat' dir='ltr'>Ra.</span> <span class='ocrx_word' id='word_1_211' title='bbox 905 2905 970 2958; x_wconf 86' lang='grc'><strong><em>865.</em></strong></span> 
     </span>
    </p>
   </div>
   <div class='ocr_carea' id='block_1_4' title="bbox 322 3136 928 3226">
    <p class='ocr_par' dir='ltr' id='par_1_4' title="bbox 322 3136 928 3226">
     <span class='ocr_line' id='line_1_24' title="bbox 322 3136 928 3226; baseline 0.002 -22"><span class='ocrx_word' id='word_1_212' title='bbox 322 3136 442 3205; x_wconf 73' lang='lat'>1202.</span> <span class='ocrx_word' id='word_1_213' title='bbox 475 3141 556 3205; x_wconf 82' lang='lat'><em>1327</em></span> <span class='ocrx_word' id='word_1_214' title='bbox 581 3140 668 3206; x_wconf 76' lang='lat' dir='ltr'>Jaat</span> <span class='ocrx_word' id='word_1_215' title='bbox 682 3143 733 3204; x_wconf 82' lang='lat'>17.</span> <span class='ocrx_word' id='word_1_216' title='bbox 762 3138 928 3226; x_wconf 78' lang='lat' dir='ltr'>Aoipnoa.</span> 
     </span>
    </p>
   </div>
   <div class='ocr_carea' id='block_1_5' title="bbox 215 3279 1552 4309">
    <p class='ocr_par' dir='ltr' id='par_1_5' title="bbox 216 3279 1552 3899">
     <span class='ocr_line' id='line_1_25' title="bbox 320 3279 1550 3363; baseline 0.001 -20"><span class='ocrx_word' id='word_1_217' title='bbox 320 3279 481 3345; x_wconf 88' lang='lat' dir='ltr'>lohannes</span> <span class='ocrx_word' id='word_1_218' title='bbox 506 3279 605 3345; x_wconf 87' lang='lat' dir='ltr'>XXII</span> <span class='ocrx_word' id='word_1_219' title='bbox 630 3281 836 3346; x_wconf 86' lang='lat' dir='ltr'>Wernemaro</span> <span class='ocrx_word' id='word_1_220' title='bbox 860 3286 937 3346; x_wconf 87' lang='lat' dir='ltr'>nato</span> <span class='ocrx_word' id='word_1_221' title='bbox 962 3280 1121 3363; x_wconf 88' lang='lat' dir='ltr'>quondam</span> <span class='ocrx_word' id='word_1_222' title='bbox 1144 3281 1342 3345; x_wconf 83' lang='lat' dir='ltr'>Wememari</span> <span class='ocrx_word' id='word_1_223' title='bbox 1366 3279 1408 3345; x_wconf 93' lang='lat' dir='ltr'>de</span> <span class='ocrx_word' id='word_1_224' title='bbox 1433 3279 1550 3344; x_wconf 89' lang='lat' dir='ltr'>Alden·</span> 
     </span>
     <span class='ocr_line' id='line_1_26' title="bbox 216 3383 1550 3472; baseline 0 -21"><span class='ocrx_word' id='word_1_225' title='bbox 216 3383 317 3472; x_wconf 90' lang='lat' dir='ltr'>dorpe</span> <span class='ocrx_word' id='word_1_226' title='bbox 349 3386 460 3453; x_wconf 88' lang='lat' dir='ltr'>militis</span> <span class='ocrx_word' id='word_1_227' title='bbox 492 3386 650 3452; x_wconf 86' lang='lat' dir='ltr'>monacho</span> <span class='ocrx_word' id='word_1_228' title='bbox 683 3387 869 3452; x_wconf 89' lang='lat' dir='ltr'>monasterii</span> <span class='ocrx_word' id='word_1_229' title='bbox 903 3387 1107 3471; x_wconf 90' lang='lat' dir='ltr'>Sibergensis</span> <span class='ocrx_word' id='word_1_230' title='bbox 1140 3386 1207 3451; x_wconf 89' lang='lat' dir='ltr'>ord.</span> <span class='ocrx_word' id='word_1_231' title='bbox 1232 3387 1266 3452; x_wconf 89' lang='lat' dir='ltr'>S.</span> <span class='ocrx_word' id='word_1_232' title='bbox 1294 3384 1415 3452; x_wconf 91' lang='lat' dir='ltr'>Bened.</span> <span class='ocrx_word' id='word_1_233' title='bbox 1440 3385 1550 3452; x_wconf 82' lang='lat' dir='ltr'>Golon.</span> 
     </span>
     <span class='ocr_line' id='line_1_27' title="bbox 216 3483 1552 3578; baseline 0.001 -21"><span class='ocrx_word' id='word_1_234' title='bbox 216 3489 299 3558; x_wconf 87' lang='lat' dir='ltr'>dioc.</span> <span class='ocrx_word' id='word_1_235' title='bbox 334 3499 479 3558; x_wconf 85' lang='lat' dir='ltr'>reservat</span> <span class='ocrx_word' id='word_1_236' title='bbox 511 3483 821 3559; x_wconf 87' lang='lat' dir='ltr'>administrationem</span> <span class='ocrx_word' id='word_1_237' title='bbox 850 3494 901 3559; x_wconf 85' lang='lat' dir='ltr'>vel</span> <span class='ocrx_word' id='word_1_238' title='bbox 935 3494 1168 3578; x_wconf 88' lang='lat' dir='ltr'>preposituram</span> <span class='ocrx_word' id='word_1_239' title='bbox 1202 3512 1259 3558; x_wconf 91' lang='lat' dir='ltr'>seu</span> <span class='ocrx_word' id='word_1_240' title='bbox 1291 3492 1466 3578; x_wconf 90' lang='lat' dir='ltr'>prioratum</span> <span class='ocrx_word' id='word_1_241' title='bbox 1496 3500 1552 3559; x_wconf 92' lang='lat' dir='ltr'>ant</span> 
     </span>
     <span class='ocr_line' id='line_1_28' title="bbox 216 3598 1552 3685; baseline 0.001 -20"><span class='ocrx_word' id='word_1_242' title='bbox 216 3598 347 3665; x_wconf 89' lang='lat' dir='ltr'>offitium</span> <span class='ocrx_word' id='word_1_243' title='bbox 371 3601 440 3666; x_wconf 87' lang='lat' dir='ltr'>sive</span> <span class='ocrx_word' id='word_1_244' title='bbox 465 3600 652 3666; x_wconf 85' lang='lat' dir='ltr'>beneficium</span> <span class='ocrx_word' id='word_1_245' title='bbox 677 3601 933 3666; x_wconf 90' lang='lat' dir='ltr'>ecclesiasticum</span> <span class='ocrx_word' id='word_1_246' title='bbox 958 3620 1031 3665; x_wconf 91' lang='lat' dir='ltr'>cum</span> <span class='ocrx_word' id='word_1_247' title='bbox 1047 3621 1124 3666; x_wconf 86' lang='lat' dir='ltr'>eura</span> <span class='ocrx_word' id='word_1_248' title='bbox 1140 3600 1191 3667; x_wconf 86' lang='lat' dir='ltr'>vel</span> <span class='ocrx_word' id='word_1_249' title='bbox 1208 3599 1277 3666; x_wconf 88' lang='lat' dir='ltr'>sine</span> <span class='ocrx_word' id='word_1_250' title='bbox 1302 3621 1378 3666; x_wconf 88' lang='lat' dir='ltr'>cura</span> <span class='ocrx_word' id='word_1_251' title='bbox 1401 3607 1552 3685; x_wconf 85' lang='lat' dir='ltr'>spectans</span> 
     </span>
     <span class='ocr_line' id='line_1_29' title="bbox 216 3705 1551 3792; baseline 0.001 -21"><span class='ocrx_word' id='word_1_252' title='bbox 216 3705 257 3771; x_wconf 91' lang='lat' dir='ltr'>ad</span> <span class='ocrx_word' id='word_1_253' title='bbox 281 3706 524 3792; x_wconf 87' lang='lat' dir='ltr'>dispositionem</span> <span class='ocrx_word' id='word_1_254' title='bbox 545 3707 672 3774; x_wconf 87' lang='lat' dir='ltr'>abbatis</span> <span class='ocrx_word' id='word_1_255' title='bbox 689 3713 721 3772; x_wconf 92' lang='lat' dir='ltr'>et</span> <span class='ocrx_word' id='word_1_256' title='bbox 737 3713 913 3773; x_wconf 83' lang='lat' dir='ltr'>conventus</span> <span class='ocrx_word' id='word_1_257' title='bbox 929 3709 1112 3773; x_wconf 86' lang='lat' dir='ltr'>monasterii</span> <span class='ocrx_word' id='word_1_258' title='bbox 1129 3707 1343 3792; x_wconf 85' lang='lat' dir='ltr'>Sibergensis,</span> <span class='ocrx_word' id='word_1_259' title='bbox 1368 3708 1551 3774; x_wconf 88' lang='lat' dir='ltr'>consuelum</span> 
     </span>
     <span class='ocr_line' id='line_1_30' title="bbox 216 3813 1008 3899; baseline 0 -20"><span class='ocrx_word' id='word_1_260' title='bbox 216 3833 273 3898; x_wconf 92' lang='lat' dir='ltr'>per</span> <span class='ocrx_word' id='word_1_261' title='bbox 296 3813 469 3880; x_wconf 90' lang='lat' dir='ltr'>monachos</span> <span class='ocrx_word' id='word_1_262' title='bbox 493 3815 594 3899; x_wconf 86' lang='lat' dir='ltr'>ipsius</span> <span class='ocrx_word' id='word_1_263' title='bbox 617 3817 800 3880; x_wconf 86' lang='lat' dir='ltr'>monasterii</span> <span class='ocrx_word' id='word_1_264' title='bbox 825 3815 1008 3898; x_wconf 86' lang='lat' dir='ltr'>gubernari.</span> 
     </span>
    </p>

    <p class='ocr_par' dir='ltr' id='par_1_6' title="bbox 322 3920 1505 4005">
     <span class='ocr_line' id='line_1_31' title="bbox 322 3920 1505 4005; baseline 0 -19"><span class='ocrx_word' id='word_1_265' title='bbox 322 3920 501 4005; x_wconf 86' lang='lat' dir='ltr'>Religionis</span> <span class='ocrx_word' id='word_1_266' title='bbox 524 3922 621 4002; x_wconf 82' lang='lat' dir='ltr'>zelus,</span> <span class='ocrx_word' id='word_1_267' title='bbox 647 3921 713 3987; x_wconf 91' lang='lat' dir='ltr'>vite</span> <span class='ocrx_word' id='word_1_268' title='bbox 732 3971 739 3986; x_wconf 91' lang='lat'><strong>.</strong></span> <span class='ocrx_word' id='word_1_269' title='bbox 759 3970 765 3985; x_wconf 93' lang='lat'><strong>.</strong></span> <span class='ocrx_word' id='word_1_270' title='bbox 784 3971 792 3986; x_wconf 90' lang='lat'><strong>.</strong></span> <span class='ocrx_word' id='word_1_271' title='bbox 838 3923 915 3987; x_wconf 88' lang='lat' dir='ltr'>Dat.</span> <span class='ocrx_word' id='word_1_272' title='bbox 932 3921 1026 3986; x_wconf 72' lang='lat' dir='ltr'>rivin.</span> <span class='ocrx_word' id='word_1_273' title='bbox 1044 3922 1107 3988; x_wconf 87' lang='lat' dir='ltr'>XV</span> <span class='ocrx_word' id='word_1_274' title='bbox 1123 3921 1169 3986; x_wconf 80' lang='lat' dir='ltr'>lrl.</span> <span class='ocrx_word' id='word_1_275' title='bbox 1186 3922 1254 3986; x_wconf 90' lang='lat' dir='ltr'>iulii</span> <span class='ocrx_word' id='word_1_276' title='bbox 1278 3943 1308 3987; x_wconf 91' lang='lat' dir='ltr'>a.</span> <span class='ocrx_word' id='word_1_277' title='bbox 1325 3921 1505 3987; x_wconf 90' lang='lat' dir='ltr'>undecimo.</span> 
     </span>
    </p>

    <p class='ocr_par' dir='ltr' id='par_1_7' title="bbox 215 4027 1551 4309">
     <span class='ocr_line' id='line_1_32' title="bbox 323 4027 1550 4114; baseline 0.001 -22"><span class='ocrx_word' id='word_1_278' title='bbox 323 4028 360 4092; x_wconf 95' lang='lat' dir='ltr'>ln</span> <span class='ocrx_word' id='word_1_279' title='bbox 384 4049 412 4094; x_wconf 91' lang='lat' dir='ltr'>e.</span> <span class='ocrx_word' id='word_1_280' title='bbox 439 4049 481 4092; x_wconf 91' lang='lat' dir='ltr'>m.</span> <span class='ocrx_word' id='word_1_281' title='bbox 511 4030 674 4114; x_wconf 90' lang='lat' dir='ltr'>preposito</span> <span class='ocrx_word' id='word_1_282' title='bbox 703 4029 827 4095; x_wconf 90' lang='lat' dir='ltr'>Veteris</span> <span class='ocrx_word' id='word_1_283' title='bbox 851 4027 884 4093; x_wconf 85' lang='lat' dir='ltr'>S.</span> <span class='ocrx_word' id='word_1_284' title='bbox 911 4029 1004 4094; x_wconf 88' lang='lat' dir='ltr'>Pauli</span> <span class='ocrx_word' id='word_1_285' title='bbox 1029 4030 1289 4095; x_wconf 88' lang='lat' dir='ltr'>Monasteriensis</span> <span class='ocrx_word' id='word_1_286' title='bbox 1312 4033 1345 4094; x_wconf 91' lang='lat' dir='ltr'>et</span> <span class='ocrx_word' id='word_1_287' title='bbox 1368 4029 1492 4094; x_wconf 91' lang='lat' dir='ltr'>decano</span> <span class='ocrx_word' id='word_1_288' title='bbox 1515 4029 1550 4095; x_wconf 90' lang='lat' dir='ltr'>S.</span> 
     </span>
     <span class='ocr_line' id='line_1_33' title="bbox 216 4134 1551 4221; baseline 0.001 -21"><span class='ocrx_word' id='word_1_289' title='bbox 216 4134 372 4200; x_wconf 87' lang='lat' dir='ltr'>Gereonis</span> <span class='ocrx_word' id='word_1_290' title='bbox 396 4135 507 4202; x_wconf 81' lang='lat' dir='ltr'>Colon.</span> <span class='ocrx_word' id='word_1_291' title='bbox 531 4156 571 4202; x_wconf 92' lang='lat' dir='ltr'>ac</span> <span class='ocrx_word' id='word_1_292' title='bbox 595 4137 748 4220; x_wconf 88' lang='lat' dir='ltr'>magistro</span> <span class='ocrx_word' id='word_1_293' title='bbox 772 4136 891 4202; x_wconf 90' lang='lat' dir='ltr'>Iacobo</span> <span class='ocrx_word' id='word_1_294' title='bbox 916 4136 957 4201; x_wconf 93' lang='lat' dir='ltr'>de</span> <span class='ocrx_word' id='word_1_295' title='bbox 980 4137 1104 4201; x_wconf 86' lang='lat' dir='ltr'>Mutina</span> <span class='ocrx_word' id='word_1_296' title='bbox 1136 4137 1305 4221; x_wconf 88' lang='lat' dir='ltr'>capellano</span> <span class='ocrx_word' id='word_1_297' title='bbox 1338 4137 1447 4221; x_wconf 89' lang='lat' dir='ltr'>papali</span> <span class='ocrx_word' id='word_1_298' title='bbox 1481 4156 1551 4202; x_wconf 87' lang='lat' dir='ltr'>sco·</span> 
     </span>
     <span class='ocr_line' id='line_1_34' title="bbox 215 4241 757 4309; baseline 0.004 -3"><span class='ocrx_word' id='word_1_299' title='bbox 215 4241 330 4307; x_wconf 87' lang='lat' dir='ltr'>lastico</span> <span class='ocrx_word' id='word_1_300' title='bbox 354 4242 515 4309; x_wconf 84' lang='lat' dir='ltr'>Tullensis</span> <span class='ocrx_word' id='word_1_301' title='bbox 539 4243 757 4308; x_wconf 88' lang='lat' dir='ltr'>ecelesiarum.</span> 
     </span>
    </p>
   </div>
   <div class='ocr_carea' id='block_1_6' title="bbox 364 4366 765 4437">
    <p class='ocr_par' dir='ltr' id='par_1_8' title="bbox 364 4366 765 4437">
     <span class='ocr_line' id='line_1_35' title="bbox 364 4366 765 4437; baseline 0 -17"><span class='ocrx_word' id='word_1_302' title='bbox 364 4367 437 4435; x_wconf 78' lang='lat' dir='ltr'>Rep.</span> <span class='ocrx_word' id='word_1_303' title='bbox 456 4368 494 4420; x_wconf 82' lang='lat'>84</span> <span class='ocrx_word' id='word_1_304' title='bbox 511 4367 536 4437; x_wconf 82' lang='lat' dir='ltr'>f.</span> <span class='ocrx_word' id='word_1_305' title='bbox 555 4366 604 4421; x_wconf 64' lang='lat'>421</span> <span class='ocrx_word' id='word_1_306' title='bbox 621 4383 668 4422; x_wconf 79' lang='lat' dir='ltr'>nr.</span> <span class='ocrx_word' id='word_1_307' title='bbox 683 4367 765 4422; x_wconf 81' lang='lat'><strong><em>2107.</em></strong></span> 
     </span>
    </p>
   </div>
   <div class='ocr_carea' id='block_1_7' title="bbox 320 4575 937 4664">
    <p class='ocr_par' dir='ltr' id='par_1_9' title="bbox 320 4575 937 4664">
     <span class='ocr_line' id='line_1_36' title="bbox 320 4575 937 4664; baseline 0.005 -23"><span class='ocrx_word' id='word_1_308' title='bbox 320 4575 441 4641; x_wconf 71' lang='lat'>120³.</span> <span class='ocrx_word' id='word_1_309' title='bbox 467 4577 552 4642; x_wconf 80' lang='lat'><em>1327</em></span> <span class='ocrx_word' id='word_1_310' title='bbox 577 4579 664 4644; x_wconf 81' lang='lat' dir='ltr'>Juac&#39;</span> <span class='ocrx_word' id='word_1_311' title='bbox 691 4581 742 4643; x_wconf 80' lang='lat'>17.</span> <span class='ocrx_word' id='word_1_312' title='bbox 771 4579 937 4664; x_wconf 80' lang='lat' dir='ltr'>Acipaou.</span> 
     </span>
    </p>
   </div>
   <div class='ocr_carea' id='block_1_8' title="bbox 215 4699 1550 4897">
    <p class='ocr_par' dir='ltr' id='par_1_10' title="bbox 215 4699 1550 4897">
     <span class='ocr_line' id='line_1_37' title="bbox 322 4699 1550 4791; baseline 0.006 -26"><span class='ocrx_word' id='word_1_313' title='bbox 322 4699 482 4767; x_wconf 91' lang='lat' dir='ltr'>Iohannes</span> <span class='ocrx_word' id='word_1_314' title='bbox 498 4701 596 4768; x_wconf 86' lang='lat' dir='ltr'>XXII</span> <span class='ocrx_word' id='word_1_315' title='bbox 621 4702 794 4768; x_wconf 83' lang='lat' dir='ltr'>Frederico</span> <span class='ocrx_word' id='word_1_316' title='bbox 819 4702 859 4768; x_wconf 92' lang='lat' dir='ltr'>de</span> <span class='ocrx_word' id='word_1_317' title='bbox 875 4703 932 4769; x_wconf 87' lang='lat' dir='ltr'>Els</span> <span class='ocrx_word' id='word_1_318' title='bbox 957 4704 1082 4771; x_wconf 85' lang='lat' dir='ltr'>confert</span> <span class='ocrx_word' id='word_1_319' title='bbox 1106 4707 1184 4771; x_wconf 91' lang='lat' dir='ltr'>eccl.</span> <span class='ocrx_word' id='word_1_320' title='bbox 1202 4705 1386 4771; x_wconf 84' lang='lat' dir='ltr'>Monosterii</span> <span class='ocrx_word' id='word_1_321' title='bbox 1410 4705 1443 4770; x_wconf 89' lang='lat' dir='ltr'>in</span> <span class='ocrx_word' id='word_1_322' title='bbox 1460 4707 1550 4791; x_wconf 88' lang='lat' dir='ltr'>Mey-</span> 
     </span>
     <span class='ocr_line' id='line_1_38' title="bbox 215 4805 1442 4897; baseline 0.003 -25"><span class='ocrx_word' id='word_1_323' title='bbox 215 4805 324 4873; x_wconf 88' lang='lat' dir='ltr'>nevelt</span> <span class='ocrx_word' id='word_1_324' title='bbox 347 4807 443 4873; x_wconf 82' lang='lat' dir='ltr'>Trev.</span> <span class='ocrx_word' id='word_1_325' title='bbox 468 4807 552 4875; x_wconf 91' lang='lat' dir='ltr'>dioc.</span> <span class='ocrx_word' id='word_1_326' title='bbox 578 4810 812 4894; x_wconf 89' lang='lat' dir='ltr'>canonicatum,</span> <span class='ocrx_word' id='word_1_327' title='bbox 836 4809 1034 4897; x_wconf 88' lang='lat' dir='ltr'>prebendam</span> <span class='ocrx_word' id='word_1_328' title='bbox 1058 4833 1135 4880; x_wconf 88' lang='lat' dir='ltr'>vero</span> <span class='ocrx_word' id='word_1_329' title='bbox 1160 4811 1264 4877; x_wconf 91' lang='lat' dir='ltr'>eidem</span> <span class='ocrx_word' id='word_1_330' title='bbox 1288 4819 1442 4878; x_wconf 84' lang='lat' dir='ltr'>reservat.</span> 
     </span>
    </p>
   </div>
   <div class='ocr_carea' id='block_1_9' title="bbox 0 0 1826 5509">
    <p class='ocr_par' dir='ltr' id='par_1_11' title="bbox 0 0 1826 5509">
     <span class='ocr_line' id='line_1_39' title="bbox 0 0 1826 5509; baseline 0 0"><span class='ocrx_word' id='word_1_331' title='bbox 0 0 1826 5509; x_wconf 95' lang='lat' dir='ltr'> </span> 
     </span>
    </p>
   </div>
  </div>
 </body>
</html>
