3642 5509
761 479 829 537 1327
849 477 924 536 Iuni
942 479 968 537 3.
1491 479 1526 538 37

189 657 310 745 gratim
325 657 435 726 Ooion.
450 657 684 744 canonicatum,
697 659 892 747 prebendam
909 680 986 727 vero
1003 659 1109 727 cidem
1128 664 1281 746 reservat,
1300 662 1526 729 nonobstante

191 767 277 850 quod
301 774 490 853 perpetuam
516 768 728 854 capellaniam
758 768 790 833 in
820 769 899 837 eccl.
925 767 966 834 dc
989 769 1134 835 Mersenc
1157 768 1258 838 Leod.
1283 769 1368 836 dioc.
1392 771 1525 835 obtinet.

297 874 340 938 Et
363 882 417 940 tuc
441 873 693 942 devocionis...
741 877 817 940 Dat.
842 876 937 941 Avin.
961 876 1006 941 kl.
1031 875 1110 940 iunii
1135 897 1164 942 a.
1189 875 1369 942 undecimo.

295 981 334 1046 In
358 1001 386 1046 e.
413 1003 454 1047 m.
489 982 601 1048 abbati
629 983 815 1048 monasterii
839 983 873 1048 S.
900 982 1129 1048 Panthaleonis
1152 981 1262 1048 Gelon.
1287 989 1320 1047 ct
1343 982 1467 1049 decano
1490 983 1525 1049 S.

190 1089 302 1155 Crucis
325 1087 426 1153 Leod.
451 1109 491 1154 ac
513 1089 669 1174 magistro
693 1089 811 1155 Busolo
839 1087 881 1154 de
905 1088 1024 1155 Parma
1053 1089 1208 1155 canonico
1232 1089 1447 1158 'Pomacensis
1474 1109 1525 1156 ec·

190 1195 360 1262 elesiarum
384 1197 554 1282 capellano
577 1197 698 1283 papali.

339 1320 412 1390 Bag.
431 1321 470 1375 83
485 1318 511 1390 t.
529 1321 587 1375 335
605 1335 653 1374 ην.
673 1321 756 1374 1844.

297 1516 406 1582 1191.
436 1518 522 1582 1327
546 1517 633 1582 Joni
655 1517 687 1582 5.
718 1514 884 1602 Avipooo.

297 1651 458 1716 Iohannes
486 1650 586 1716 XXII
626 1649 792 1716 Friderico
821 1649 862 1716 de
888 1649 1056 1736 Urdingcn
1088 1651 1267 1737 presbitero
1296 1651 1406 1718 Oolon.
1439 1650 1525 1719 dioc.

189 1764 333 1824 reservat
360 1757 550 1823 beneficium
580 1757 835 1824 ecclesiasticum
865 1777 939 1822 curn
969 1778 1045 1823 cura
1069 1758 1120 1823 vel
1143 1758 1213 1824 sinc
1237 1778 1315 1824 cura
1338 1765 1525 1825 consuetum

189 1864 315 1930 clericis
349 1865 548 1932 secularibus
582 1865 751 1949 assignari,
787 1863 830 1930 ad
854 1862 1096 1950 dispositionem
1131 1866 1294 1932 abbatisse
1323 1871 1357 1931 et
1389 1867 1524 1951 capituli

188 1971 342 2037 secularis
366 1971 503 2038 ecclesie
526 1973 559 2037 in
584 1971 764 2038 Gerishcinr
781 1972 891 2038 Goion.
917 1971 1002 2037 dioc.
1026 1973 1199 2058 pertinens,
1224 1973 1314 2038 cuius
1337 1971 1469 2050 fructus,
1494 1975 1522 2040 si

189 2079 257 2144 sine
279 2099 357 2144 cura
372 2078 480 2162 suerit,
505 2078 691 2162 quindecim
714 2078 915 2144 marcharum
936 2079 1064 2163 argenti
1086 2099 1113 2145 s.
1130 2084 1153 2144 t.
1171 2079 1202 2144 d.
1220 2079 1361 2145 valorem
1384 2100 1524 2146 annuum

190 2205 252 2250 non
276 2185 447 2269 excedant,
471 2187 504 2250 in
528 2187 661 2252 civitate
685 2186 737 2250 vel
761 2184 883 2251 diocesi
908 2185 1030 2268 Goion,
1054 2206 1118 2251 non
1141 2185 1291 2252 obstante
1315 2185 1402 2269 quod
1425 2184 1524 2269 quod·

189 2287 262 2354 dam
298 2287 401 2354 altare
436 2289 473 2354 B.
500 2289 602 2354 Marie
637 2286 773 2372 virginis
808 2288 841 2352 in
877 2288 1003 2373 capella
1038 2287 1079 2353 de
1114 2287 1281 2373 Urdingen
1316 2287 1404 2353 dicte
1438 2286 1522 2354 dioc.

190 2395 324 2462 obtinet.

297 2500 394 2568 Sedis
410 2501 588 2586 apostoIIcc
604 2503 819 2586 graciosa...
837 2502 911 2568 Dat.
929 2502 1023 2568 Avin.
1040 2521 1141 2568 nonas
1156 2501 1234 2567 iunii
1251 2522 1281 2567 a.
1297 2500 1477 2568 undecimo.

295 2608 332 2673 In
357 2628 385 2675 e.
411 2629 452 2674 m.
486 2608 682 2675 Xanctensis
711 2609 822 2675 Goion.
851 2607 936 2674 dioc.
967 2614 1000 2674 ct
1029 2608 1063 2674 S.
1092 2608 1270 2675 Salvatoris
1304 2608 1522 2675 Traiectcnsis

189 2714 321 2782 decanis
355 2735 395 2781 ac
428 2714 584 2800 magistro
619 2716 756 2784 Nicolao
785 2714 827 2781 de
850 2715 973 2782 Frattis
1009 2715 1164 2781 canonico
1199 2716 1405 2783 Patraccnsis
1439 2715 1519 2782 eccl.

188 2821 366 2889 litterarum
390 2822 639 2908 apostolicarum
665 2823 849 2889 correctori.

349 2946 421 3017 aeq.
441 2946 479 3000 aa
496 2945 521 3015 f.
539 2945 607 3001 aaa
625 2962 673 3000 nr.
692 2946 780 3002 2920.

294 3141 410 3210 1192.
445 3144 531 3209 1327
555 3145 642 3211 Jani
664 3146 696 3210 5.
724 3143 889 3232 Aoipooo.

295 3284 456 3352 Iohannes
479 3285 580 3352 XXII
612 3287 782 3354 Wiibelmo
807 3286 894 3353 dicto
918 3289 1019 3372 Proyt
1042 3288 1201 3371 armigero
1225 3286 1335 3353 Oolon.
1361 3285 1445 3353 dioc.
1468 3307 1522 3372 pe

188 3393 267 3458 tenti
290 3397 434 3458 reservat
455 3394 490 3457 in
513 3394 593 3460 cccl.
610 3395 771 3461 Bnnnensi
789 3393 899 3460 dolon.
924 3392 1009 3460 dioc.
1033 3413 1129 3459 unum
1152 3413 1193 3460 ex
1217 3392 1362 3460 eiusdem
1384 3392 1521 3460 ecclesie
1652 3387 1657 3394 ’

188 3497 352 3584 perpetuis
374 3497 489 3565 officiis
513 3503 673 3568 consuetis
696 3502 738 3567 ab
762 3502 837 3567 olim
862 3501 954 3567 iaicis
977 3500 1147 3584 assignari.

294 3605 417 3671 Meritis
440 3611 495 3672 tue
518 3608 755 3692 probitatis...
779 3609 857 3673 Dat.
873 3607 969 3674 Avin.
985 3626 1087 3674 nonas
1108 3607 1188 3673 iunii
1210 3629 1240 3673 a.
1264 3607 1444 3675 undecimo.

295 3712 342 3777 In.
367 3733 395 3778 e.
423 3734 465 3779 nr.
501 3715 699 3782 Xanctensis
723 3715 834 3782 Colon.
867 3713 953 3781 dioc.
984 3720 1017 3779 et
1041 3713 1073 3780 S.
1100 3714 1279 3781 Salvatoris
1303 3715 1522 3782 Traieotenais

189 3817 382 3885 decaniaco
412 3819 569 3902 magistro
592 3818 728 3885 Nicolao
752 3818 793 3884 de
817 3819 939 3884 Frattis
962 3818 1116 3884 canonico
1141 3817 1345 3884 Patraccnsis
1368 3817 1447 3885 eccl.
1472 3817 1521 3882 lIt·

189 3933 327 3994 terarum
351 3925 599 4011 apostolicarum
624 3927 808 3992 correctori.

339 4050 412 4120 Bcp.
429 4051 467 4104 84
486 4048 512 4118 f.
531 4050 596 4102 364¹
615 4064 663 4103 nr.
683 4049 765 4104 2941.

294 4245 411 4313 noa.
446 4249 532 4312 1327
560 4248 647 4314 Jaat
668 4248 701 4313 ὅ.
730 4245 895 4334 Aoipoon.

294 4388 454 4456 Iohannes
477 4389 577 4454 XXII
617 4388 769 4455 Wernero
804 4387 892 4456 dicto
925 4389 1014 4473 Pege
1047 4389 1173 4456 confert
1205 4390 1284 4457 ccci.
1315 4390 1521 4458 Assindcnsis

188 4495 299 4564 Goion.
324 4495 408 4562 dioc.
434 4496 669 4578 canonicatum,
693 4495 890 4581 prebendam
915 4516 991 4562 vcro
1015 4496 1121 4564 eidem
1143 4503 1297 4563 reservat.

236 4688 238 4694 Ι
293 4601 474 4669 Laudabile
508 4603 723 4670 testimonium
754 4603 838 4687 qnod
857 4652 864 4668 .
883 4653 917 4668 ..
963 4605 1039 4669 Dat.
1064 4604 1157 4670 Avin.
1182 4625 1284 4672 nonas
1307 4604 1386 4671 iunii
1410 4627 1440 4672 a.
1464 4626 1520 4672 un·

188 4707 324 4776 decimo.

293 4818 452 4884 inem.
486 4817 520 4885 S.
545 4816 673 4884 Andrce
707 4823 740 4884 et
772 4817 806 4884 S.
830 4817 934 4885 Marie
956 4817 999 4885 ad
1022 4817 1143 4904 grcdm
1175 4819 1287 4888 Oolon.
1320 4819 1452 4888 decanis
1480 4840 1519 4888 ac
