3642 5509
776 471 845 528 1328
863 471 927 527 Juli
947 468 991 527 26.
1495 469 1548 528 ltt

214 671 312 718 canus
335 658 368 718 et
390 653 564 737 capitulum
597 653 698 738 ipsius
722 653 858 718 ecclesie
881 671 916 718 se
940 651 1104 718 collationi
1130 650 1311 718 huiusmodi
1336 659 1545 737 opponentes,

213 759 359 843 prefatos
390 761 613 826 canonicatum
638 765 671 824 et
694 757 890 844 prebendam
915 758 957 824 de
985 759 1074 824 iacto
1098 758 1233 824 Iohanni
1258 758 1299 824 de
1324 758 1460 825 Munrial
1486 759 1547 825 cle-

214 865 500 932 ricol'reverensis
523 865 672 950 diocesis,
697 873 732 930 ut
756 865 882 948 dicitur,
908 865 1131 931 contulerunt.
1150 913 1157 927 .
1176 914 1183 930 .
1201 872 1331 951 propter
1355 865 1441 949 quod
1464 868 1547 932 inter

215 970 371 1038 decanum
404 979 437 1038 et
470 972 645 1058 capitulum
678 978 876 1058 opponentes
905 978 938 1037 et
966 971 1139 1036 Iohannem
1170 970 1211 1037 de
1235 973 1372 1038 Munrial
1405 973 1549 1058 prefatos

215 1097 255 1143 ex
279 1099 342 1144 una
366 1085 458 1165 parte
483 1087 514 1145 et
538 1077 660 1144 dictum
684 1079 858 1145 Henricum
883 1077 1036 1145 Iohannis
1060 1099 1101 1142 ex
1129 1079 1232 1144 altera
1254 1099 1351 1164 super
1375 1078 1470 1146 dictis
1494 1101 1548 1146 ca-

215 1186 368 1251 nonicatu
392 1193 425 1251 et
459 1184 625 1272 prebenda
661 1193 732 1252 orta
767 1187 902 1252 materia
938 1186 1115 1269 questionis
1148 1193 1180 1251 et
1210 1207 1267 1271 per
1297 1186 1549 1272 appellationem

215 1291 372 1358 dictorum
408 1294 523 1359 decani
557 1301 589 1359 et
622 1293 756 1378 capituli
786 1302 819 1359 et
849 1293 1001 1359 Iohannis
1036 1313 1135 1359 causa
1170 1292 1351 1360 huiusmodi
1374 1293 1549 1361 adsedem

214 1401 424 1486 apostolicam
459 1399 603 1484 legitime
639 1398 792 1466 devoluta
827 1407 860 1467 et
978 1399 1096 1465 diutius
1131 1401 1266 1485 agitata,
1302 1399 1430 1467 demum
1463 1401 1549 1468 idem

215 1507 373 1574 Henricua
396 1509 548 1574 Iohannis
577 1528 635 1595 ρετ
668 1515 733 1574 tres
768 1506 958 1572 diffinitivas
990 1509 1168 1573 sententias
1196 1528 1253 1592 pro
1277 1527 1312 1574 se
1336 1507 1431 1575 datas
1453 1529 1551 1596 super

216 1614 351 1680 totidem
374 1616 534 1682 instantiis
562 1665 621 1682 ...
649 1615 819 1681 victoriam
849 1616 1027 1701 reportavit
1050 1620 1083 1679 et
1105 1634 1202 1700 super
1226 1617 1415 1682 executione
1439 1637 1549 1683 earum

217 1728 417 1788 ...nostras
440 1722 563 1790 litteras
587 1722 630 1788 ad
655 1728 759 1788 certos
783 1729 973 1788 executores
996 1721 1191 1805 impetravit.
1233 1720 1294 1800 Qui
1319 1723 1395 1788 licet
1417 1723 1459 1789 ad
1477 1745 1549 1790 exe·

216 1830 374 1894 cntionem
411 1849 519 1895 carum
555 1828 730 1916 procedere
764 1830 970 1915 incepissent,
1007 1836 1115 1893 tamen
1148 1835 1280 1914 propter
1312 1832 1489 1914 potentiam
1518 1840 1552 1897 et

216 1935 369 2001 mahtiam
405 1936 520 2002 decani
557 1945 591 2004 et
626 1936 760 2022 capituli
784 1943 816 2001 et
840 1935 994 2003 Iohannis
1031 1935 1246 2022 predictorum
1283 1934 1447 2022 predictas
1481 1958 1552 2006 sen·

214 2044 333 2109 tentiae
355 2045 568 2127 nequiverunt
593 2045 773 2110 executioni
790 2043 899 2109 debite
925 2041 1137 2126 demandare,
1163 2045 1335 2127 quinimmo
1359 2043 1502 2113 decanus
1519 2055 1553 2112 et

216 2151 391 2235 capitulum
415 2157 448 2217 et
471 2150 632 2217 Iohannes
663 2151 780 2236 prefati
811 2157 924 2216 contra
947 2149 1127 2236 sepefatum
1151 2151 1325 2217 Henricum
1350 2151 1392 2218 ad
1416 2153 1553 2219 eandem

215 2257 324 2322 sedem
348 2259 463 2323 iterum
487 2257 702 2344 appellarunt.
755 2257 888 2322 Interim
912 2265 1020 2324 autem
1045 2256 1227 2325 huiusmodi
1251 2259 1476 2345 appellationis
1499 2281 1551 2326 ne-

216 2365 305 2448 gotio
329 2363 503 2450 pendente,
533 2365 693 2431 Iohannes
717 2365 758 2430 dc
781 2365 958 2431 Monticulo
982 2365 1119 2430 clericus
1142 2364 1352 2449 Coloniensis,
1376 2367 1457 2435 falso
1481 2386 1552 2453 pre-

216 2470 351 2538 tendens
374 2471 479 2539 dictos
503 2473 727 2538 canonicatum
753 2480 785 2537 et
809 2471 1006 2558 prehendam
1030 2492 1088 2557 per
1111 2472 1231 2538 obitum
1255 2472 1399 2538 eiusdem
1420 2474 1550 2540 Henrioi

217 2577 372 2662 defuncti,
397 2580 537 2662 quinon
562 2579 751 2666 possidebat
775 2577 916 2662 eosdem,
945 2578 1032 2664 apud
1054 2579 1164 2645 sedem
1188 2580 1356 2646 vacavisse
1379 2580 1551 2665 prefatam,

217 2685 346 2752 eosdem
370 2689 593 2754 canonicatum
617 2694 651 2753 et
673 2686 868 2774 prehendam
900 2707 957 2772 per
980 2689 1219 2771 suggestionem
1243 2687 1423 2755 huiusmodi
1448 2690 1553 2754 minus

216 2813 325 2859 veram
349 2815 406 2880 per
429 2802 555 2861 nostras
578 2795 705 2862 litteras
735 2793 852 2860 dicitur
881 2795 1082 2879 impetrasse,
1110 2795 1198 2859 nulla
1225 2796 1328 2861 ineis
1352 2793 1393 2860 de
1416 2794 1474 2860 lite
1498 2794 1553 2860 hu·

216 2899 353 2966 iusmodi
387 2902 470 2968 inter
504 2921 576 2967 eum
609 2901 778 2985 dictosque
811 2899 969 2966 decanum
998 2908 1031 2966 et
1055 2900 1231 2986 capitulum
1255 2906 1288 2966 et
1310 2902 1486 2968 Iohannem
1509 2900 1551 2967 de

217 3007 361 3074 hlunreal
393 3008 531 3076 necdum
565 3010 655 3076 finita
688 3030 812 3076 necnon
842 3007 883 3075 de
907 3009 1004 3075 dictis
1027 3008 1195 3075 sententiis
1218 3029 1276 3094 pro
1300 3007 1388 3075 dieto
1412 3010 1551 3077 chrico

217 3114 369 3181 Iohannis
403 3117 491 3204 apud
530 3115 648 3182 dictam
688 3117 798 3183 sedem
836 3116 971 3201 prolatis
1006 3136 1178 3199 earumque
1217 3117 1405 3182 executione
1439 3116 1552 3182 hahita

218 3223 388 3290 mentione.
440 3223 547 3302 Quare
580 3224 725 3311 prefatus
750 3225 906 3290 Henricus
930 3222 1083 3291 Iohannis
1115 3225 1230 3290 timens
1262 3222 1324 3289 sihi
1356 3243 1414 3308 per
1445 3223 1550 3289 huius-

217 3329 304 3394 modi
337 3330 462 3397 litteras
494 3352 552 3417 per
585 3330 706 3397 dictum
731 3331 904 3397 Iohannem
936 3329 977 3397 de
1001 3330 1174 3397 Monticulo
1198 3331 1349 3397 obtentas
1371 3350 1467 3416 posse
1489 3331 1551 3398 sibi

217 3435 330 3502 saltem
357 3435 397 3502 de
421 3439 509 3505 tacto
532 3437 744 3524 preiudIcium
769 3440 927 3522 generari,
956 3487 1015 3503 ...
1043 3436 1206 3523 provideri
1235 3438 1295 3505 sihi
1318 3439 1351 3503 in
1374 3438 1437 3504 hac
1459 3444 1552 3524 parte

218 3541 259 3608 de
282 3553 439 3628 oportuno
462 3545 604 3611 remedio
628 3546 833 3631 supplicavit.
881 3543 1043 3623 Quocirca
1066 3542 1251 3612 discretioni
1275 3551 1381 3612 vestre
1399 3566 1554 3612 ...man-

219 3648 342 3734 damus,
378 3653 529 3735 quatinus
557 3705 563 3717 .
589 3703 596 3718 .
621 3703 628 3720 .
657 3655 685 3720 si
804 3654 896 3718 vobis
920 3653 1099 3719 constiterit
1122 3651 1164 3718 de
1187 3654 1360 3738 premissis,
1390 3652 1554 3740 predictas

218 3757 342 3824 Iltteras
375 3779 433 3844 per
465 3760 588 3826 dictum
613 3761 788 3827 Iohannem
817 3809 850 3824 ..
879 3780 937 3845 ρετ
959 3759 1034 3826 falsi
1065 3761 1305 3844 suggestionem
1333 3768 1366 3827 et
1389 3763 1456 3827 veri
1481 3781 1554 3848 sup

216 3869 412 3949 pressionem
436 3868 584 3934 obtentas
608 3887 718 3934 carere
743 3868 864 3933 viribus
888 3866 1111 3944 decernentes,
1137 3868 1341 3934 collationem
1365 3868 1453 3935 dicto
1470 3869 1553 3935 Heu

218 3974 285 4038 rIco
310 3973 462 4041 Iohannis
484 3975 605 4041 factam
623 3993 818 4040 ...necnon
842 3973 1007 4060 predictas
1029 3975 1207 4041 sententias
1231 3995 1288 4060 pro
1312 3995 1351 4041 eo
1374 3976 1459 4042 latas
1482 3996 1554 4041 auc-

219 4081 348 4146 toritate
372 4061 478 4149 nostra
504 4084 692 4149 confirmare
715 4100 834 4164 easque
864 4083 1046 4147 executioni
1070 4080 1179 4147 debite
1202 4081 1399 4149 demandare
1423 4085 1541 4149 curetis

305 4189 378 4254 Dat.
404 4189 499 4254 Avin.
523 4190 585 4255 VII
609 4189 654 4254 lrl.
679 4190 808 4275 augusti
832 4209 861 4255 a.
887 4186 1089 4255 duodecimo.

379 4314 451 4384 Ray.
471 4316 509 4368 88
525 4312 550 4384 f.
570 4316 605 4369 16
623 4329 670 4369 rvr.
690 4315 776 4369 3040.

323 4595 443 4668 1536.
476 4599 563 4668 1328
585 4599 662 4669 Jatr
685 4605 738 4668 26.
763 4601 928 4690 Aciprtorr.

324 4743 485 4810 Iohannes
500 4745 600 4810 XXII
625 4745 782 4812 Gohehno
806 4745 848 4811 de
872 4743 1074 4830 Leugcstorp
1099 4742 1253 4810 canonico
1278 4742 1357 4810 eccl.
1375 4744 1552 4810 Bunnensis

218 4850 331 4916 Oolon.
348 4851 430 4918 dioc.
449 4859 593 4919 reservat
617 4853 805 4919 heneficium
830 4852 1084 4918 ecclesiasticum
1110 4873 1181 4916 cum
1207 4871 1283 4916 cura
1307 4853 1356 4916 vel
1381 4852 1449 4916 sine
1465 4871 1552 4933 cura,

253 4991 312 5036 vat,
327 4991 453 5045 &aaran
468 4991 500 5036 11.
1320 4973 1355 5028 12
