3642 5509
760 475 830 532 1329
848 475 968 532 Januar
986 472 1029 530 24.
1507 469 1561 527 219

331 657 452 724 1643.
484 658 571 722 1329
592 658 730 723 Jouuor
754 658 808 722 24.
837 654 1001 743 Aoipaon.

333 800 493 867 Iohannes
522 800 621 865 XXII
657 800 842 865 Hermanno
875 798 917 864 de
949 799 1055 883 Berge
1092 797 1217 865 confert
1252 798 1331 865 eool.
1363 797 1561 865 Xanetensis

228 907 338 977 Colon.
370 907 452 974 dioe.
478 908 713 990 canonicatum,
746 905 944 992 prebendam
971 927 1047 973 vero
1077 911 1110 972 et
1132 906 1289 971 ferentum
1312 907 1345 970 in
1368 905 1457 972 diota
1480 906 1559 972 eoel.

230 1014 335 1080 eidem
358 1020 511 1098 reservat,
534 1034 599 1079 non
623 1015 772 1080 obstante
796 1012 881 1097 quod
905 1015 939 1079 in
962 1014 1041 1080 ecel.
1066 1013 1100 1080 S.
1122 1013 1260 1079 Servatii
1285 1013 1486 1079 Traieotensi
1509 1034 1561 1080 ea

225 1121 410 1188 nonieatum
445 1127 478 1188 et
510 1120 708 1207 prebendam
737 1141 777 1187 ao
806 1119 1040 1205 parrochialem
1070 1120 1240 1188 eeclesiam
1264 1119 1305 1187 do
1328 1121 1434 1205 Berge
1456 1118 1558 1187 Leod.

225 1236 259 1295 et
281 1229 392 1295 Golon.
418 1227 501 1294 dioc.
526 1229 659 1294 obtinet.

332 1337 383 1402 Ex
415 1342 469 1402 tue
503 1335 686 1402 devotionis
719 1341 752 1402 et
778 1335 950 1421 probitatis
981 1383 1021 1401 ..
1048 1383 1056 1401 .
1103 1335 1179 1402 Dat.
1204 1336 1298 1402 Arin.
1322 1335 1419 1401 VIIII
1443 1335 1489 1401 kl.
1512 1334 1561 1401 ie·

226 1443 344 1509 bruarii
368 1464 396 1508 a.
421 1442 654 1508 tertiodecimo.

329 1550 367 1614 In
391 1569 419 1616 e.
445 1571 487 1616 m.
521 1550 554 1616 S.
579 1548 787 1616 Pantaleonis
811 1558 843 1616 et
866 1549 899 1616 S.
923 1550 1053 1616 Martini
1077 1549 1187 1616 Colon.
1218 1551 1482 1617 monasteriorum
1505 1551 1560 1616 ab·

227 1655 355 1722 batibus
378 1676 418 1722 ao
441 1655 670 1722 archidiacono
693 1657 902 1725 Nannetensi.

372 1779 445 1851 περ.
462 1781 502 1836 oo
518 1780 543 1851 s.
563 1780 622 1834 aso
640 1796 687 1834 nr.
707 1780 788 1835 1725.

330 2046 451 2114 1644.
478 2051 565 2114 1329
588 2051 727 2116 Jaaaar
752 2051 805 2113 24.
831 2047 996 2136 Aoipaoa.

330 2191 491 2258 lohannes
518 2192 618 2258 XXII
653 2193 837 2258 Hermanno
871 2190 961 2258 dieto
994 2190 1156 2257 Blanoard
1190 2191 1231 2258 de
1261 2191 1400 2277 Tulpeto
1433 2192 1559 2259 ooniert

222 2296 303 2363 eoel.
337 2297 373 2362 B.
397 2298 500 2364 Marie
532 2299 690 2383 Aquensis
725 2299 826 2366 Leod.
861 2298 945 2365 dioc.
981 2299 1219 2380 canonicatum,
1253 2298 1448 2384 prebendam
1480 2319 1558 2366 vero

221 2423 347 2470 necnon
371 2403 561 2488 dignitatem
586 2427 641 2474 seu
666 2413 872 2491 personatum
897 2406 949 2472 vel
973 2405 1115 2471 offioium
1139 2425 1211 2471 oum
1236 2426 1313 2472 eura
1329 2407 1381 2473 vet
1396 2407 1465 2472 sine
1481 2426 1559 2472 eura

221 2509 264 2576 ad
288 2510 530 2596 dispositionem
553 2515 709 2598 prepositi
733 2534 772 2580 ao
796 2512 913 2579 decani
938 2518 971 2578 et
994 2511 1133 2598 capituli
1156 2511 1300 2579 eiusdem
1324 2512 1462 2580 eoelesie
1486 2533 1557 2579 oon·

221 2616 354 2683 iunctim
378 2618 429 2684 vel
453 2618 580 2685 divisim
605 2621 637 2686 in
661 2620 732 2705 ipsa
756 2619 896 2687 eeclesia
920 2620 1085 2704 pertinens
1108 2618 1213 2685 eidem
1237 2627 1392 2686 reservat.

327 2723 422 2791 Sedis
445 2726 623 2811 apostoliae
647 2729 959 2812 circumspecta...
1007 2727 1084 2792 Dat.
1101 2725 1199 2792 Arin.
1217 2725 1313 2792 VIIII
1333 2726 1379 2793 kl.
1403 2725 1556 2793 februarii

221 2851 251 2896 a.
276 2832 507 2900 tertiodecimo.

325 2939 361 3004 In
386 2959 413 3006 o.
431 2962 473 3006 m.
497 2941 531 3007 S.
549 2941 688 3008 Cornelii
711 2940 860 3008 ludensis
876 2942 988 3008 Goion.
1014 2941 1098 3008 dioo.
1120 2947 1154 3007 et
1169 2942 1202 3007 S.
1220 2941 1427 3008 Pantaleonis
1443 2942 1554 3009 Coton.

219 3047 483 3112 monasteriorum
507 3048 679 3115 abbatibus
702 3069 742 3115 ao
765 3047 995 3115 archidiacono
1020 3049 1229 3117 Nannetensi.

374 3170 447 3242 Rep.
465 3171 504 3226 90
520 3170 545 3241 s.
565 3171 626 3226 263
644 3187 692 3228 nr.
711 3171 796 3228 1709.

325 3420 448 3487 roos.
480 3425 567 3487 1329
590 3425 730 3491 Janaar
753 3426 808 3489 24.
832 3423 998 3512 rapot.

324 3563 483 3630 lohannes
500 3565 599 3631 XXII
624 3567 809 3634 Hermanno
834 3565 923 3633 dioto
947 3566 1106 3633 Biankart
1129 3566 1255 3633 eonfert
1278 3566 1357 3634 ecel.
1375 3567 1409 3634 S.
1426 3567 1555 3634 Andree

219 3667 330 3734 Color.
364 3671 599 3755 canonicatum,
632 3673 828 3759 prebendam
860 3694 937 3741 vero
970 3682 1003 3740 et
1036 3673 1227 3758 dignitatem
1261 3694 1316 3741 seu
1349 3681 1554 3760 personatum

218 3776 271 3841 vel
294 3777 433 3843 offioium
457 3780 525 3844 sine
550 3799 627 3846 eura
650 3779 754 3847 eidem
779 3782 810 3846 in
836 3781 952 3848 eadem
977 3780 1055 3848 eool.
1079 3789 1231 3847 reservat.

323 3882 505 3952 Laudabile
529 3893 584 3953 tue
608 3888 803 3984 probitatis.
835 3939 843 3954 .
873 3938 881 3955 .
934 3889 1010 3953 Dat.
1037 3887 1130 3955 Avin.
1157 3888 1253 3955 v1111
1276 3889 1321 3954 kl.
1345 3888 1500 3956 februarii
1524 3910 1553 3954 a.

220 3989 453 4057 tertiodecimo.

323 4097 360 4162 In
384 4117 413 4164 e.
438 4122 479 4166 m.
509 4100 542 4166 S.
567 4101 695 4167 Martini
720 4110 753 4168 et
777 4104 810 4170 S.
835 4103 1044 4170 Pantaleonis
1068 4101 1179 4168 Colon.
1210 4102 1475 4170 monasteriorum
1499 4104 1553 4170 ab·

217 4197 346 4265 batibus
369 4221 409 4267 ao
432 4201 660 4269 archidiacono
685 4205 895 4271 Nannetensi.

378 4325 451 4396 Rep.
472 4324 552 4397 90f.
573 4327 641 4382 262¹
658 4345 706 4383 arr.
726 4329 806 4385 1708.

321 4609 444 4677 1646.
475 4615 562 4679 1329
585 4616 725 4682 Jauuor
748 4619 801 4682 24.
830 4617 997 4706 Aoipnon.

321 4752 482 4821 lohannes
505 4755 604 4822 XXII
637 4757 671 4825 S.
696 4759 824 4826 Martini
852 4767 886 4826 et
909 4761 943 4828 S.
968 4763 1176 4832 Pantaleonis
1205 4765 1315 4833 Goion.
1345 4769 1551 4836 monasterio

213 4877 284 4925 rum
309 4860 486 4928 abbatibus
509 4883 549 4928 ao
572 4861 698 4931 decano
722 4867 860 4933 eoelesie
888 4869 922 4934 S.
946 4868 1076 4936 Andree
1099 4871 1209 4939 Colon.
1234 4873 1377 4961 mandat,
1404 4877 1553 4959 quatinus
