3642 5509
783 457 852 514 1329
871 457 1001 515 October
1019 457 1061 515 26.
1526 461 1578 520 277

243 636 472 704 numerandum
511 659 575 704 non
608 640 761 706 tenereris
799 639 841 704 ad
879 639 1059 706 huiusmodi
1088 660 1197 707 sacros
1234 642 1361 710 ordines
1398 644 1577 729 promoveri

245 794 277 813 ..
297 747 390 812 ,1111
413 767 513 813 nonas
537 747 612 812 maii
636 747 842 832 pontificatus
864 749 965 814 nostri
988 769 1072 813 anno
1096 769 1179 815 nono
1198 799 1204 815 .
1224 799 1256 814 ..
1281 749 1427 817 duximus
1452 752 1578 837 dispen-

244 853 400 938 sandum3
448 860 480 920 et
515 853 599 937 quod
635 854 854 939 postmodum,
897 856 1080 940 priusquam
1122 855 1243 921 dictum
1289 859 1458 923 triennium
1494 859 1578 925 leret

244 962 399 1046 elapsum,
418 1011 425 1026 .
443 1011 451 1025 .
470 1011 477 1026 .
495 961 581 1045 quod
604 963 728 1028 ratione
752 962 832 1027 dicti
856 960 1033 1029 decanatus
1050 969 1082 1028 et
1099 964 1265 1029 scolastrie
1289 965 1357 1031 sine
1383 986 1459 1031 cura
1483 987 1577 1050 qnam

244 1068 277 1132 in
300 1069 438 1134 ecclesia
461 1069 651 1152 Maguntina
682 1068 886 1154 postmodnm
919 1071 1083 1154 canonice,
1117 1077 1152 1135 ut
1180 1069 1322 1155 dicebas,
1356 1073 1461 1138 sueres
1490 1094 1575 1139 assc-

245 1182 337 1242 cutus
365 1196 499 1259 eamque
529 1196 600 1241 cum
630 1175 717 1241 dicto
741 1176 900 1242 decanatu
926 1197 966 1242 cx
991 1177 1231 1263 dispensatione
1256 1179 1434 1264 apostolica
1459 1181 1579 1246 obtine-

245 1284 312 1364 bas,
347 1304 410 1349 non
443 1285 597 1348 tenereris
629 1284 672 1349 ad
704 1282 893 1350 diaconatus
922 1292 955 1350 et
988 1285 1219 1369 presbiteratus
1252 1285 1380 1352 ordines
1412 1287 1578 1370 usquead

245 1390 405 1455 biennium
430 1412 450 1455 a
474 1390 551 1455 data
575 1391 753 1456 litterarum
776 1398 966 1474 nostrarum,
991 1390 1142 1457 videlicet
1167 1393 1212 1458 VI
1243 1393 1286 1458 kl.
1316 1393 1451 1458 ianuarii
1476 1394 1578 1478 ponti-

245 1497 358 1563 licatus
381 1499 481 1563 nostri
505 1519 589 1564 anno
613 1497 815 1579 duodecimo,
845 1498 1076 1564 numerandum
1100 1501 1290 1582 promoveri,
1320 1495 1492 1566 dnmmodo
1516 1509 1579 1569 sla·

246 1604 322 1670 tutis
345 1625 366 1670 a
388 1605 457 1670 iure
491 1604 686 1690 temporibus
718 1605 843 1669 interim
873 1606 905 1669 in
935 1603 1164 1671 subdiaconum
1199 1625 1287 1672 esses
1316 1615 1490 1692 promotus,
1519 1628 1577 1693 per

246 1711 374 1778 eusdem
410 1713 534 1780 litteras
568 1711 825 1798 dispensavimus
853 1762 860 1776 .
891 1761 898 1775 .
928 1763 935 1776 .
961 1732 999 1777 ac
1035 1711 1152 1778 deinde
1181 1761 1188 1778 .
1219 1762 1225 1777 .
1256 1766 1263 1781 .
1289 1712 1401 1778 eodem
1426 1713 1579 1780 videlicet

245 1840 328 1885 anno
352 1818 543 1887 duodecimo
566 1819 770 1904 pontificatus
792 1820 892 1885 nostri
908 1820 974 1884 XII
998 1818 1044 1885 kl.
1068 1819 1207 1902 augusti,
1233 1827 1349 1903 tecum,
1375 1821 1427 1903 qui
1452 1822 1578 1886 interim

245 1934 276 1993 te
299 1926 440 1992 nondum
463 1926 589 1992 feceras
612 1927 645 1990 in
669 1925 899 1991 subdiaconum
925 1927 1116 2011 promoveri,
1141 1925 1227 2009 quod
1251 1928 1375 1992 ratione
1400 1926 1577 1994 decanatus

245 2042 278 2100 ct
300 2035 468 2102 scolastrie
500 2032 718 2119 predictorum
750 2055 812 2100 non
846 2033 1000 2100 tenereris
1033 2031 1075 2098 ad
1109 2053 1217 2100 sacros
1250 2033 1378 2101 ordines
1406 2055 1507 2118 usque
1536 2035 1578 2101 ad

245 2143 407 2208 biennium
431 2142 529 2208 afine
553 2142 631 2207 dicti
656 2142 809 2226 temporis
833 2142 999 2208 triennalis
1022 2141 1254 2207 numerandum
1278 2144 1458 2227 promoveri
1483 2149 1580 2226 teque

245 2250 372 2314 interim
404 2250 437 2314 in
470 2249 616 2316 eeclesiis
649 2248 727 2333 ipsis
760 2249 952 2314 tractatibus
982 2249 1213 2334 capitularibus
1241 2250 1396 2315 interesse
1426 2259 1459 2316 et
1491 2250 1579 2317 iuris·

245 2356 417 2422 dletionem
446 2355 569 2421 ratione
599 2355 775 2428 decanatus
808 2355 947 2441 predicti
969 2357 1001 2420 in
1027 2356 1168 2441 capitulo
1192 2355 1280 2422 dicte
1305 2357 1505 2423 Coloniensis
1529 2378 1578 2422 cc·

245 2465 342 2528 clesie
366 2469 398 2528 ct
420 2463 501 2529 locis
524 2464 597 2529 aliis
615 2513 622 2528 .
641 2512 648 2527 .
667 2512 674 2529 .
692 2483 844 2528 exercere
861 2464 996 2546 valeres,
1019 2483 1059 2528 ac
1083 2464 1109 2528 si
1133 2465 1166 2527 in
1191 2465 1291 2529 sacris
1315 2463 1480 2529 ordinibus
1504 2485 1578 2529 con-

245 2571 373 2637 stitutus
397 2571 576 2636 existeres.
602 2622 608 2634 .
635 2569 809 2635 .duximus
833 2569 1092 2654 dispensandum,
1117 2571 1227 2635 nulla.
1257 2619 1264 2634 .
1291 2571 1457 2638 ‚clausule
1481 2572 1579 2656 priori

245 2676 475 2764 dispensationi
505 2677 649 2760 adiecto,
683 2676 835 2742 videlicet
865 2677 952 2760 quod
986 2676 1028 2741 ad
1064 2677 1255 2743 diaconatus
1285 2685 1317 2742 ct
1349 2678 1579 2763 presbiteratus

245 2784 372 2850 ordines
396 2792 428 2850 te
452 2785 562 2850 facere
594 2785 775 2869 promoveri
809 2783 939 2849 minime
969 2783 1134 2864 tenereris,
1168 2783 1341 2850 dnmmodo
1366 2785 1492 2850 interim
1516 2792 1579 2852 sta·

245 2893 322 2956 tutis
345 2913 366 2956 a
388 2892 457 2955 iure
490 2891 687 2974 temporibus
720 2889 752 2955 in
784 2889 1014 2956 subdiaconum
1045 2910 1132 2956 esses
1156 2899 1330 2977 promotus,
1362 2891 1472 2958 habitu
1495 2913 1580 2959 men·

245 3000 332 3064 tione
354 3047 361 3063 .
380 3046 413 3062 ..
442 2998 508 3064 Nos
533 2999 630 3080 igitur
652 3046 712 3063 ...
739 3004 854 3078 tecum,
887 3003 922 3062 ut
945 2996 1116 3063 omissione
1146 2996 1326 3064 huiusmodi
1357 3005 1389 3064 et
1412 3000 1485 3066 aliis
1509 3019 1579 3085 pre·

245 3105 348 3170 missis
375 3124 577 3187 nequaquam
609 3104 811 3170 obstantibus
838 3124 902 3169 non
932 3105 1070 3169 tenearis
1100 3104 1225 3170 ratione
1254 3105 1433 3172 decanatus
1456 3113 1487 3172 et
1511 3127 1579 3173 sco-

244 3211 353 3276 lastrie
386 3209 602 3296 predictorum
632 3231 732 3293 usque
756 3210 798 3276 ad
822 3211 910 3276 alind
935 3211 1096 3276 biennium
1120 3231 1140 3276 a
1163 3210 1225 3276 fine
1249 3211 1327 3276 dicti
1352 3213 1471 3279 biennii
1497 3233 1580 3279 com·

244 3317 422 3404 putandum
458 3317 500 3383 ad
535 3337 645 3384 sacros
679 3318 808 3384 ordines
843 3325 875 3383 te
910 3318 1021 3383 lacere
1056 3319 1237 3402 promoveri
1274 3324 1306 3382 et
1336 3317 1421 3401 quod
1452 3319 1579 3385 interim

245 3425 437 3492 tractatibus
470 3425 700 3510 capitularibus
733 3423 889 3491 interesse
913 3430 945 3489 et
974 3422 1153 3510 predictam
1181 3423 1434 3490 iurisdictionem
1460 3435 1491 3491 et
1515 3427 1579 3493 alia
1624 3481 1629 3490 .

245 3553 406 3614 exercere,
440 3553 479 3598 ac
507 3535 534 3597 sl
562 3552 647 3598 esses
676 3532 709 3596 in
737 3533 838 3597 sacris
866 3529 1032 3597 ordinibus
1066 3533 1266 3615 constitutus,
1300 3533 1428 3597 statutis
1460 3541 1493 3597 et
1524 3533 1580 3598 illo

245 3639 393 3724 synodali
416 3640 595 3724 presertim,
620 3659 683 3722 quo
707 3647 849 3721 cavetur,
878 3657 919 3702 nc
943 3638 1014 3721 quis
1038 3638 1180 3722 prelatus
1204 3638 1255 3703 vcl
1284 3638 1457 3706 canonieus
1481 3640 1581 3706 eccle-

244 3748 362 3813 siarum
387 3748 528 3813 civitatis
549 3753 581 3812 et
605 3746 743 3812 diocesis
760 3745 960 3812 Coloniensis
983 3745 1016 3810 in
1040 3746 1140 3812 sacris
1164 3744 1328 3811 ordinibus
1352 3768 1414 3812 non
1438 3746 1581 3812 existens

244 3855 303 3920 sub
338 3855 677 3920 excommunicationis
712 3873 814 3939 pena,
854 3873 950 3936 quarn
985 3854 1055 3938 ipso
1091 3852 1178 3920 sacto
1213 3851 1365 3937 incurrat,
1406 3854 1581 3938 capitulum

245 3983 335 4028 suum
360 3963 479 4028 intrare
503 3969 676 4046 presumat,
710 3962 770 4026 nisi
796 3983 816 4025 a
840 3968 908 4026 toto
938 3960 1081 4044 capitulo
1110 3967 1243 4026 vocatus
1271 3961 1448 4026 existeret.
1468 4009 1475 4025 .
1493 4009 1500 4026 .
1518 3982 1581 4026 non

246 4070 446 4135 obstantibus
475 4119 482 4132 .
513 4117 520 4130 .
551 4119 558 4133 .
587 4069 810 4154 dispensamus
839 4117 846 4133 .
877 4117 884 4133 .
917 4116 923 4129 .
973 4068 1046 4133 Dat.
1072 4068 1166 4132 Avin.
1192 4067 1251 4133 Vll
1277 4067 1321 4131 kl.
1347 4068 1526 4134 novembris
1551 4089 1579 4133 a.

245 4175 497 4260 quartodecimo.

396 4302 467 4369 ch.
488 4301 526 4353 95
544 4315 590 4353 rar.
611 4303 675 4353 844.

349 4587 473 4652 1786.
504 4589 590 4650 1329
615 4588 756 4652 October
775 4588 829 4650 26.
857 4585 1022 4672 Aoipaoa.

353 4730 513 4795 lohannes
542 4730 642 4795 XXII
678 4729 824 4796 omnibus
852 4749 929 4795 vere
960 4728 1177 4814 penitentibus
1201 4735 1233 4793 et
1257 4729 1422 4804 eoulcssis,
1452 4730 1506 4812 qui
1530 4749 1581 4795 oa·

246 4838 367 4923 pellam
400 4839 433 4902 in
463 4838 689 4922 Monrelrerglr,
724 4837 754 4901 in
786 4857 849 4920 qua
873 4835 1094 4902 Theodericus
1122 4855 1228 4902 comes
1252 4835 1417 4904 Olevensis
1446 4842 1582 4919 quatuor
