3642 5509
265 470 318 524 102
782 465 852 521 rost
869 462 1039 521 December
1056 463 1084 518 4.

371 648 537 715 Attributa
559 647 619 713 tibi
641 647 756 712 merita
773 692 780 709 .
800 696 833 711 ..
880 646 956 711 Dat.
981 644 1076 709 Avin.
1100 644 1133 708 II
1155 661 1255 708 nonas
1278 637 1458 707 decembris
1475 662 1503 706 a.
1521 636 1598 705 duo-

266 754 409 909 defflmifi
435 864 463 911 θ,
487 866 528 914 m,
562 845 596 910 S.
621 842 732 908 Crucis
755 842 857 908 Leod.
881 849 914 905 et
937 841 970 907 S.
995 841 1096 906 Mario
1125 840 1265 905 Traiect.
1289 838 1392 907 Leod.
1427 835 1598 913 dioc.”‚de-

266 952 356 1020 canis
378 972 418 1017 ac
441 952 595 1034 magistro
618 951 754 1018 Nicolao
781 947 823 1015 de
848 949 974 1015 mactis
1002 948 1156 1014 canonico
1180 946 1385 1012 Patraeensis
1409 946 1487 1011 ecel.
1512 944 1596 1010 litte·

266 1079 371 1126 rarum
395 1059 644 1145 apostolicarum
669 1057 852 1123 correctori.

425 1183 498 1254 aeq.
518 1184 557 1238 aa
573 1180 598 1251 f.
617 1182 673 1238 210
691 1197 740 1236 ar.
758 1185 841 1237 3334.

373 1455 495 1523 1357.
522 1457 609 1521 1327
632 1456 816 1521 December
838 1458 869 1521 4.
892 1452 1059 1542 Aoiprrorr.

369 1596 530 1664 Iohannes
553 1597 652 1662 XXII
685 1596 821 1663 Iohanni
844 1604 922 1664 nato
946 1596 1160 1664 Godesohalci
1184 1596 1226 1664 de
1250 1595 1422 1681 Monbeym
1446 1596 1596 1679 armigeri

265 1706 349 1772 laico
372 1711 518 1771 reservat
550 1703 688 1769 officium
722 1704 838 1770 laicale
870 1711 1057 1771 consuetum
1088 1704 1206 1769 abolim
1237 1703 1382 1790 personis
1410 1702 1502 1769 laicis
1525 1722 1597 1768 con·

266 1812 355 1896 ferri,
388 1810 524 1896 siquod
557 1812 590 1876 in
616 1811 695 1878 eccl.
726 1811 760 1878 S.
785 1811 941 1879 Gereonis
965 1812 1075 1878 Oolon.
1100 1818 1196 1880 vacat
1223 1809 1265 1877 ad
1293 1830 1425 1897 presens
1448 1809 1501 1875 vei
1525 1829 1595 1875 curn

267 1920 441 1986 vacaverit.

373 2027 547 2092 ProbitatIs
569 2032 625 2091 tue
647 2027 762 2091 merita
778 2076 786 2092 .
804 2075 838 2092 ..
884 2027 961 2092 Dat.
979 2026 1074 2094 Avin.
1091 2028 1124 2093 Π
1141 2046 1242 2093 nonas
1265 2024 1443 2091 decembris
1466 2044 1496 2089 a.
1520 2022 1597 2090 dno

267 2134 403 2201 decimo.

372 2242 410 2306 In
434 2261 462 2306 e.
487 2262 528 2306 ιιι.
561 2239 685 2307 decano
715 2248 749 2307 et
775 2241 976 2308 thesaurario
999 2242 1194 2308 xanctensis
1217 2240 1328 2307 Golon.
1358 2238 1442 2304 dioc.
1470 2259 1511 2304 ac
1533 2259 1597 2303 ma·

266 2349 368 2433 gistro
392 2347 528 2416 Nicolao
551 2348 593 2415 de
611 2348 737 2414 Fractis
760 2348 916 2415 canonico
939 2349 1145 2416 Patracensis
1167 2349 1247 2415 eccl.
1271 2349 1447 2413 litterarum
1472 2352 1598 2431 aposto

268 2456 402 2521 iicarum
426 2456 608 2521 correctori.

427 2579 500 2650 Rey.
520 2580 558 2633 87
573 2576 599 2648 f.
619 2579 663 2634 74‘
681 2595 729 2635 ar.
749 2578 833 2634 2199.

372 2812 496 2879 1358.
523 2815 608 2879 1327
632 2814 816 2880 December
837 2818 868 2879 6.
893 2813 1060 2901 Aviprroa.

373 2955 533 3022 Iohannes
565 2955 665 3021 XXII
700 2955 855 3023 Stachino
885 2956 1058 3043 Waspardi
1095 2958 1213 3024 clerico
1245 2955 1420 3023 Leodiensi
1452 2962 1597 3023 reservat

266 3061 457 3130 beneficium
489 3062 743 3129 ecclesiasticum
779 3083 850 3130 oum
884 3084 962 3130 cura
991 3065 1043 3131 vel
1075 3066 1144 3131 sine
1177 3084 1254 3130 cura
1281 3063 1324 3129 ad
1355 3063 1596 3149 dispositionem

266 3170 382 3238 decani
415 3179 447 3236 et
480 3172 613 3258 capituli
642 3171 721 3237 ecci.
745 3171 905 3255 Aquensis
928 3172 1028 3238 Leod.
1054 3171 1137 3238 dioc.
1163 3172 1371 3239 communiter
1395 3171 1446 3237 vel
1469 3170 1596 3236 divisim

265 3280 439 3366 pertinens,
473 3280 563 3345 cuius
586 3278 720 3361 fructus,
750 3280 777 3345 si
802 3298 873 3345 cnm
898 3299 985 3362 eura,
1019 3278 1245 3364 qnadraginta,
1278 3280 1404 3344 sivero
1428 3278 1496 3344 sine
1520 3297 1598 3343 cura

265 3386 373 3470 inerit,
398 3385 514 3472 viginti
538 3387 678 3470 quinque
701 3385 903 3452 marcharum
927 3388 1052 3472 argenti
1075 3407 1100 3452 s.
1117 3392 1141 3453 t.
1158 3385 1190 3452 d.
1208 3384 1348 3452 valorem
1372 3405 1510 3451 annuum
1533 3404 1597 3450 non

269 3492 439 3561 excedant.

373 3600 549 3668 Probitatis
571 3608 627 3668 tue
649 3603 842 3671 merita...
889 3603 965 3669 Dat.
982 3603 1078 3669 Avin.
1095 3604 1128 3669 II
1143 3622 1244 3670 nonas
1267 3599 1446 3669 decembris
1468 3622 1498 3667 a.
1520 3598 1598 3667 dno·

267 3704 402 3774 decimo.

373 3814 410 3879 In
435 3834 464 3881 e.
479 3834 522 3880 m.
546 3812 670 3881 decano
693 3816 727 3883 S.
744 3815 857 3884 Crucis
872 3815 975 3883 Leod.
1000 3825 1032 3884 et
1055 3818 1226 3885 scolastico
1251 3818 1283 3884 S.
1308 3816 1475 3884 Adelberti
1495 3814 1596 3881 Laod.

267 3920 351 3987 dioc.
376 3942 416 3988 ac
444 3922 597 4005 magistro
621 3922 757 3991 Nicotao
781 3922 821 3989 de
845 3924 971 3991 Fractis
995 3925 1150 3992 canonico
1175 3926 1378 3991 Patracensis
1406 3925 1485 3991 eccl.
1515 3924 1596 3991 litte

266 4048 373 4095 rarum
396 4029 647 4115 apostolicarum
671 4031 854 4096 correctori.

428 4153 502 4224 Ray.
519 4153 598 4224 aas.
619 4154 683 4209 333
706 4169 753 4209 ar.
773 4154 859 4209 3349.

373 4360 496 4428 1350.
533 4364 620 4427 1327
643 4363 828 4430 December
849 4366 880 4429 8.
906 4362 1072 4452 Ava'paoo.

373 4504 533 4571 Iohannes
556 4504 655 4570 XXII
688 4504 872 4571 Hermanno
895 4507 1071 4573 Hermanni
1099 4506 1141 4573 de
1165 4507 1344 4574 Medebeke
1368 4509 1494 4575 confert
1517 4507 1595 4575 ecci.

266 4611 299 4680 S.
317 4611 460 4697 Ludgcri
478 4612 739 4680 Monasteriensis
759 4615 992 4698 canonicatum,
1017 4614 1213 4699 prebendam
1229 4635 1307 4682 vero
1322 4614 1427 4681 eidem
1443 4622 1596 4699 reservat,

265 4717 502 4784 nonobstante
533 4715 618 4800 quod
651 4717 684 4783 in
716 4717 796 4784 eccl.
821 4718 1004 4785 Susaciensi
1028 4719 1139 4785 Colon.
1169 4717 1251 4785 dioc.
1282 4722 1505 4787 canonicatum
1538 4722 1597 4789 snb

266 4824 493 4912 expectatione
515 4822 679 4911 prebende
702 4826 894 4892 auctoritate
916 4826 1094 4913 apostoliea
1117 4826 1250 4893 obtinet.
