3642 5509
813 455 883 518 1327
902 456 1095 519 eceterae.

388 680 503 750 lale.
530 684 617 749 1327
641 684 783 751 October
805 687 859 751 26.
883 681 1048 769 Avipnoo.

385 827 545 896 Iohannes
560 830 661 895 XXII
683 829 836 897 Renardo
858 834 935 895 nato
952 828 1087 914 Reperti
1110 825 1235 893 comitis
1258 821 1300 889 ‹le
1316 821 1515 889 Vimebureb
1539 842 1612 889 eon-

281 934 346 1001 fert
369 938 447 1004 eccl.
465 937 498 1004 S.
517 939 671 1005 Gereonio
694 939 795 1004 Oolon
818 938 903 1006 dioc.
928 937 1163 1015 canonicatum,
1186 933 1381 1021 prebendam
1407 954 1483 999 vero
1507 932 1611 999 eidem

279 1052 433 1129 reservat,
463 1068 525 1113 non
549 1046 698 1114 obstante
721 1046 806 1131 quod
830 1045 863 1112 in
886 1045 966 1113 ecel.
991 1046 1152 1112 Bonnensi
1177 1044 1288 1110 Oolon.
1312 1042 1396 1111 dioc.
1421 1044 1613 1109 auctoritate

282 1153 462 1237 apostoIIea
480 1155 707 1221 ¹canonicatum
731 1157 790 1222 snb
814 1155 1041 1240 expectatione
1064 1152 1227 1240 prebende
1250 1152 1382 1219 obtinet.
1442 1182 1445 1189 ·
1568 1128 1605 1149 ⁶

385 1261 548 1331 Nobilitas
570 1264 708 1348 generis,
732 1262 800 1330 vite
822 1283 862 1329 ao
886 1282 1008 1328 morum
1032 1261 1183 1329 honestae
1208 1310 1215 1325 .
1242 1310 1249 1326 .
1276 1308 1283 1321 .
1330 1260 1406 1326 Dat.
1430 1258 1524 1326 Avin.
1549 1259 1612 1326 VII
1660 1312 1675 1329 .

280 1366 326 1434 kl.
350 1370 532 1437 novembris
555 1392 585 1437 a.
609 1369 809 1437 duodecimo.

386 1478 424 1543 ln
448 1498 475 1545 e.
492 1500 534 1543 m.
558 1480 722 1565 preposito
744 1479 779 1545 S.
796 1479 944 1545 Severini
957 1477 1069 1544 Oolon.
1095 1498 1134 1544 ao
1158 1476 1283 1543 decano
1307 1474 1485 1540 Bunnensis
1501 1474 1611 1540 Oolon.

281 1582 366 1651 dioc.
398 1606 439 1651 ac
470 1588 624 1671 magistro
647 1586 782 1654 Nloolao
806 1586 848 1652 de
863 1584 991 1653 Fractis
1015 1585 1172 1653 canonico
1195 1584 1401 1652 Patraceneis
1424 1582 1504 1651 eccl.
1527 1582 1610 1651 litto

279 1712 386 1760 rarum
410 1694 658 1781 apostolicarum
681 1695 864 1762 correctori.

436 1819 511 1891 Bep.
530 1820 569 1876 86
585 1817 610 1890 f.
629 1819 693 1877 1891
710 1836 758 1875 nr.
778 1821 862 1877 1503.

384 2105 500 2174 1317.
532 2109 620 2173 1327
644 2108 784 2175 October
804 2110 859 2174 26.
884 2106 1049 2196 Avipnon.

386 2250 547 2317 Iohannes
573 2251 673 2318 XXII
696 2250 842 2320 (letardo
865 2252 907 2319 de
932 2251 1066 2319 Colonia
1094 2251 1272 2336 presbitero
1302 2250 1425 2317 confert
1448 2248 1528 2318 eccl.
1552 2248 1610 2317 SS.

281 2359 440 2443 virginum
465 2358 673 2442 Coloniensis,
706 2360 739 2425 in
763 2379 826 2442 qna
855 2360 1001 2425 canonici
1025 2359 1185 2425 seculares
1208 2379 1272 2425 nna
1296 2380 1366 2425 cum
1391 2357 1556 2424 abbatissa
1579 2364 1612 2423 et

284 2465 426 2553 capitulo
450 2468 674 2533 canonicarum
698 2472 771 2533 sunt
795 2472 827 2532 et
850 2486 921 2533 esse
946 2472 1188 2548 consueverunt,
1222 2467 1455 2547 canonicatum,
1479 2466 1611 2550 preben-

280 2573 354 2640 dam
372 2595 448 2640 vero
473 2581 658 2642 consuetam
681 2575 844 2641 canonicis
867 2574 969 2659 ipsius
992 2574 1127 2640 ecclesie
1152 2574 1308 2658 assignari
1333 2573 1436 2639 eidem
1457 2581 1610 2655 reservat,

278 2702 342 2747 non
366 2682 514 2747 obstante
538 2680 624 2766 qnod
656 2686 844 2768 perpetuam
874 2682 1029 2747 vicariam
1059 2682 1170 2749 altaris
1194 2682 1228 2748 S.
1251 2681 1376 2747 Urbani
1399 2681 1453 2747 siti
1475 2682 1507 2747 in
1532 2681 1610 2748 eccl.

278 2788 312 2854 S.
330 2787 435 2856 Cassii
458 2789 638 2856 Bunneusis
661 2790 772 2856 Oolon.
797 2789 881 2856 dioc.
906 2789 1039 2855 obtinet.

384 2896 560 2965 Probitatis
582 2904 636 2964 tae
664 2898 780 2964 merita
800 2946 808 2962 .
827 2946 861 2963 ..
893 2897 970 2963 Dat.
995 2897 1090 2963 Avin.
1115 2897 1178 2964 Vll
1201 2895 1246 2962 kl.
1271 2896 1455 2964 novembris
1479 2918 1508 2962 a.
1532 2896 1610 2962 dno-

278 3001 414 3069 decimo.

383 3111 422 3176 In
444 3130 473 3177 e.
495 3133 537 3177 m.
562 3110 685 3177 decano
709 3111 742 3177 S.
769 3109 898 3177 Andree
922 3116 954 3176 et
977 3109 1178 3177 thesaurario
1201 3110 1236 3179 S.
1263 3111 1409 3178 Severini
1436 3111 1546 3177 Oolon.
1572 3132 1612 3178 ac

277 3217 397 3284 Iacobo
421 3218 462 3285 de
484 3219 609 3285 Matina
631 3219 786 3285 canonico
811 3216 1053 3285 Cameracensis
1076 3218 1294 3285 ecelesiarum.

425 3359 498 3431 Req.
516 3362 555 3416 86
579 3360 603 3431 f.
624 3359 682 3417 152
699 3376 748 3415 nr.
768 3356 856 3429 moa!

384 3638 500 3706 1318.
525 3641 612 3705 1327
635 3641 775 3707 October
793 3644 847 3706 26.
872 3639 1038 3728 Aoipaon.

384 3782 545 3849 lohannes
566 3783 667 3848 XXII
706 3783 918 3851 Thilemanno
952 3785 1034 3851 alias
1062 3785 1150 3852 dicto
1174 3786 1376 3852 Theoderico
1401 3786 1442 3851 de
1464 3784 1610 3852 Essende

276 3890 403 3957 confert
430 3892 464 3955 in
492 3891 685 3957 monasterio
709 3891 746 3955 B.
772 3890 874 3957 Marie
896 3893 929 3956 in
955 3891 1115 3977 Capitolio
1139 3892 1320 3959 Coloniensi
1351 3892 1420 3960 ord.
1445 3893 1479 3960 S.
1505 3893 1608 3958 Bene·

276 3996 368 4080 dicti,
400 3998 434 4062 in
468 4017 530 4080 quo
562 4002 669 4082 preter
702 4005 892 4064 conventum
927 3998 1113 4065 monialium
1143 4006 1248 4066 certus
1272 4002 1497 4067 canonicorum
1521 4020 1611 4067 seen-

275 4104 390 4170 larium
412 4123 563 4170 numerus
586 4102 628 4169 ab
651 4105 783 4189 antiquo
807 4105 972 4171 institutus
996 4112 1054 4189 est,
1079 4125 1210 4189 quorum
1235 4107 1352 4192 singuli
1376 4108 1518 4191 singulas
1539 4128 1609 4193 per·

275 4211 380 4276 tiones
414 4209 545 4292 babent,
581 4229 642 4293 que
676 4210 839 4296 prebende
872 4212 905 4277 in
940 4210 1027 4279 dicto
1062 4214 1255 4279 monasterio
1285 4223 1519 4300 nuncupantur,
1555 4214 1608 4297 qui

277 4318 373 4383 etiam
397 4315 507 4383 divina
530 4317 695 4383 celebrant
719 4318 825 4385 officia
848 4318 880 4385 in
905 4317 1029 4401 eodem,
1063 4322 1297 4405 canonicatum,
1331 4321 1509 4407 portionem
1532 4340 1609 4387 vero

276 4443 333 4491 seu
365 4422 562 4510 prebendam
594 4428 628 4489 in
661 4424 774 4497 eodem
806 4432 961 4508 reservat,
994 4446 1057 4493 non
1086 4427 1234 4493 obstante
1258 4428 1343 4511 qnod
1366 4430 1398 4493 in
1422 4428 1456 4497 S.
1481 4425 1608 4494 Andree

277 4529 387 4596 Goion.
419 4537 453 4597 et
484 4530 651 4599 Zeflicensi
682 4532 792 4599 Oolon.
828 4531 911 4600 dloe.
945 4533 1024 4599 eccl.
1061 4534 1270 4602 canonicatus
1308 4536 1432 4601 obtinet
1471 4542 1503 4600 et
1541 4553 1606 4619 pre

277 4635 411 4703 bendas.

277 4847 298 4916 d
383 4745 453 4813 Tne
476 4746 592 4813 merita
614 4747 863 4833 probitatis...
910 4750 986 4815 Dat.
1005 4750 1099 4816 Avin.
1121 4750 1180 4817 Vll
1204 4750 1251 4817 kl.
1274 4752 1457 4819 novembris
1480 4773 1510 4818 a.
1534 4749 1610 4817 dne

300 4870 412 4920 cermo.
