3642 5509
274 453 328 508 scr
844 453 913 508 rasa
932 453 1018 524 spru
1034 451 1078 508 ao.

275 654 387 700 namus
419 633 602 719 specialiter
635 635 749 716 cuique
779 653 874 718 super
907 633 1112 700 reformanda
1144 635 1228 701 inter
1257 644 1289 700 te
1321 655 1361 700 ac
1389 634 1604 701 venerabilem

276 741 407 806 fratrem
438 750 578 807 nostrum
605 741 823 806 Baldewiuum
853 741 1131 827 archiepiscopum
1158 743 1387 807 Treverensem
1414 752 1522 807 actore
1546 743 1609 807 deo

277 849 449 916 concordis
465 857 497 914 et
513 848 710 915 restituenda
727 849 785 914 tibi
802 850 993 932 Morgantina
1010 851 1148 916 ecclesia
1165 903 1172 919 .
1192 900 1198 914 .
1216 900 1224 914 .
1242 850 1457 916 concessimus
1473 850 1609 932 litteras,

276 957 424 1040 quedam,
459 977 520 1039 que
553 964 607 1021 tue
640 956 833 1022 fraternitati
866 964 1006 1042 exponet
1030 964 1062 1022 et
1090 957 1241 1024 suadebit
1273 979 1330 1042 pro
1363 964 1456 1043 parte
1488 964 1609 1038 nostra,

276 1084 372 1150 super
404 1064 467 1131 hiis
497 1062 646 1129 duximus
680 1063 885 1149 imponenda,
919 1084 1015 1149 super
1039 1065 1155 1148 quibus
1187 1065 1291 1130 eidem
1325 1064 1419 1130 fidem
1453 1064 1609 1130 adhibeas

276 1171 440 1238 credulam
457 1178 489 1236 et
505 1171 715 1238 effectualiter
738 1174 935 1255 acquiescas.
973 1172 1047 1238 Dat.
1066 1180 1100 1236 ut
1116 1193 1214 1258 supra
1227 1173 1330 1254 (=hl.
1347 1171 1424 1236 maii
1440 1193 1469 1237 a.
1488 1172 1608 1252 XVII).

436 1288 508 1356 ch.
528 1288 581 1340 117
598 1286 622 1356 Γ.
643 1287 708 1341 123
727 1303 774 1339 nr.
794 1287 866 1350 637,·
888 1287 940 1340 Ra.
959 1289 1038 1341 1608.

379 1560 502 1628 alos.
534 1561 619 1624 1333
643 1558 744 1645 April
767 1561 820 1624 30.
852 1560 1016 1647 Aoc'paoo.

382 1703 542 1769 Iohannes
558 1701 656 1768 XXII
682 1703 821 1767 Henrico
838 1705 874 1781 (1)
891 1703 1135 1788 archiepiscopo
1152 1702 1332 1769 Coloniensi
1358 1703 1498 1782 nunciat,
1521 1700 1606 1784 quod

276 1811 318 1877 ad
342 1818 451 1897 partes
474 1812 554 1875 istas
584 1809 696 1894 dirigit
719 1809 892 1875 (heraldum
918 1809 959 1875 de
982 1811 1125 1875 Bisturre
1149 1812 1298 1875 nuncium
1321 1829 1424 1891 suuni,
1454 1817 1491 1874 ut
1513 1829 1609 1894 super

275 1918 484 1984 'Irevcrensis
508 1925 539 1982 et
563 1917 742 2001 Maguntiui
766 1917 1079 2002 archiepiscoporum
1109 1917 1283 1983 concordia
1309 1923 1342 1982 et
1365 1916 1565 1982 restituenda
1587 1938 1610 1981 a

275 2026 467 2092 Treverensi
484 2025 672 2109 Maguntino
696 2024 835 2090 ecelesia
852 2025 1042 2108 Magantina
1064 2032 1173 2110 partes
1196 2045 1253 2090 sue
1276 2023 1491 2090 solicitudinis
1514 2025 1607 2088 inter-

275 2140 383 2218 ponat.
431 2133 586 2198 Hortatur
609 2130 887 2216 archiepiscopum
913 2131 1145 2206 coloniensem,
1177 2133 1327 2214 quatinus
1349 2133 1466 2197 nuncio
1490 2132 1522 2195 in
1546 2131 1607 2196 hac

277 2250 369 2326 parte
394 2241 533 2306 assistat.

383 2346 541 2424 Quantum
566 2348 607 2412 sit
631 2345 830 2412 venerabili.
849 2395 855 2408 .
875 2392 883 2408 .
915 2346 990 2412 Dat.
1008 2353 1043 2410 ut
1059 2366 1156 2430 supra
1172 2347 1262 2426 (ΞΠ
1280 2345 1324 2410 kl.
1342 2347 1417 2411 maii
1434 2367 1463 2410 a.
1486 2341 1607 2424 XVII).

435 2472 507 2541 Rep.
528 2473 580 2525 119
597 2469 622 2539 Γ.
640 2472 703 2524 125’
721 2486 767 2524 nr.
789 2472 859 2534 636;
881 2471 933 2525 Ra.
954 2471 1029 2524 1608
1046 2487 1077 2525 n.
1097 2473 1122 2524 1.

382 2677 505 2743 2169.
538 2678 625 2740 1333
648 2678 770 2742 Matr.
800 2675 993 2762 (Auiprrorc.)

384 2819 554 2904 [Iohannes
570 2819 681 2902 XXII]
706 2805 893 2884 Baldewino
918 2818 1162 2904 archiepiscopo
1187 2820 1388 2885 Treverensi.

385 2928 462 2992 Cum
488 2947 584 3011 super
608 2924 813 2992 reformanda
836 2927 919 2990 inter
944 2935 975 2990 te
998 2947 1037 2990 ac
1056 2975 1062 2990 .
1082 2976 1088 2990 .
1108 2976 1115 2990 .
1134 2927 1305 2992 Henrieuur
1330 2926 1607 3012 archiepiscopum

275 3034 497 3118 Maguntinum
522 3032 695 3099 eoncordia
712 3083 719 3098 .
737 3082 744 3096 .
764 3082 770 3096 .
789 3035 977 3116 magistrum
995 3033 1167 3099 Geraldurn
1192 3033 1234 3099 de
1252 3035 1394 3099 Bisturre
1411 3082 1417 3095 .
1437 3085 1444 3098 .
1463 3084 1470 3099 .
1488 3033 1530 3099 ud
1552 3054 1608 3099 eas

276 3149 383 3227 partes
407 3163 446 3206 ac
470 3148 557 3205 tuam
581 3147 613 3205 et
641 3141 742 3225 ipsius
775 3139 1009 3224 archiepiscopi
1044 3141 1238 3225 presentiam
1273 3140 1507 3225 providerimus
1539 3162 1609 3227 spe·

277 3249 402 3314 cialiter
427 3247 661 3330 destinandum,
698 3247 932 3312 fraternitatem
962 3256 1049 3311 tuam
1168 3246 1341 3328 hortamur,
1460 3250 1608 3331 quatinus

276 3355 466 3441 superbiis,
492 3375 553 3437 que
577 3354 683 3421 dictus
706 3355 840 3420 nuncius
864 3375 921 3438 pro
946 3363 1038 3439 parte
1061 3362 1170 3419 nostra
1193 3355 1251 3419 tibi
1276 3355 1362 3420 eirca
1386 3356 1533 3440 predicta
1556 3377 1606 3420 er-

276 3462 424 3549 ponenda
448 3462 578 3528 duxerit
597 3461 648 3526 vel
673 3462 770 3528 etiarn
794 3461 971 3542 suadenda,
995 3461 1088 3526 fidem
1115 3460 1276 3526 credulam
1301 3461 1459 3528 adhibeas
1483 3464 1608 3545 illisque

276 3572 363 3636 velut
386 3570 445 3635 tibi
470 3568 685 3634 accommodis
715 3575 747 3634 et
775 3568 1022 3654 expedientibus
1051 3568 1263 3634 effectualiter
1287 3571 1485 3651 acquiescas,
1519 3571 1604 3634 habi-

277 3689 367 3743 turus
390 3677 616 3743 nichilominus
640 3675 776 3742 eundem
800 3678 947 3741 nunciam
966 3726 974 3740 .
993 3725 1000 3740 .
1018 3725 1025 3740 .
1044 3675 1311 3741 commendatum.
1362 3679 1434 3742 Dat.
1461 3678 1506 3741 kl.
1531 3678 1605 3742 maii

277 3807 305 3850 a.
332 3784 604 3870 septimodecimo.

437 3910 510 3978 Ray.
531 3908 625 3978 ll'lf.
645 3909 710 3963 125²
729 3925 776 3962 ar.
797 3911 870 3972 638,¹
903 3909 955 3963 Ra.
971 3911 1044 3963 1610

381 4150 500 4217 2170.
532 4154 618 4216 1333
642 4153 716 4217 Mat
737 4154 767 4218 1.
797 4151 990 4237 (Auipoon.)

383 4294 542 4359 Iohannes
558 4294 657 4359 XXII
682 4295 820 4359 Henrico
844 4295 1089 4380 archiepiscopo
1114 4295 1313 4378 Maguntino.

384 4401 529 4480 Quodam
553 4401 671 4466 dilecto
694 4401 760 4466 filio
785 4401 926 4467 Geraldo
951 4400 992 4466 de
1017 4403 1158 4466 histurre
1181 4399 1451 4465 ...fraternitati
1476 4407 1530 4464 tue
1552 4400 1607 4464 iur-

276 4509 438 4595 posuimus
456 4508 656 4592 exponenda,
682 4528 743 4591 que
760 4507 870 4591 utique
887 4529 945 4592 per
962 4516 993 4572 te
1010 4517 1180 4592 optamusa
1199 4509 1320 4572 intense
1337 4505 1439 4571 rnodis
1463 4506 1607 4571 onrnibus

276 4615 456 4700 adimpleri.
504 4615 646 4698 Ideoque
670 4615 904 4681 fraternitatem
929 4624 1017 4681 tuam
1042 4635 1192 4699 rogamus
1215 4621 1349 4692 attente,
1374 4621 1408 4678 ut
1432 4633 1471 4678 ea
1495 4615 1608 4696 quovis

276 4723 403 4791 sublato
427 4721 561 4804 diffugio
584 4723 718 4808 implere
746 4743 913 4808 procures3
948 4722 1084 4805 quodsi
1108 4723 1237 4803 feceris,
1270 4722 1330 4788 erit
1358 4721 1450 4786 nobis
1479 4728 1606 4804 gratum

276 4817 365 4824 ‘—
383 4848 413 4919 a)
434 4849 572 4902 obtamus
592 4846 626 4902 ia
645 4863 707 4920 rep.
