3642 5509
748 447 816 502 1332
834 447 1006 504 November
1024 449 1049 502 2.
1515 449 1570 503 453

232 625 360 692 duxerit
390 626 568 711 eligendos,
602 626 743 695 eiusdem
777 627 940 710 obsequiis
975 628 1159 694 insistentes
1190 629 1314 696 fructus
1342 628 1567 695 beneficiomm

231 754 357 800 suorum
381 735 684 816 ecclesiasticorum,
710 755 771 818 que
793 755 876 800 nunc
901 735 1047 801 obtinent
1062 736 1115 801 vel
1139 737 1344 821 imposterum
1368 737 1567 819 obtinebunt,

231 843 327 908 etiam
352 842 380 908 si
403 842 580 926 dignitates
596 843 648 908 vel
672 849 861 929 personatus
884 864 940 909 seu
965 844 1072 910 officia
1094 845 1213 911 fuerint
1238 853 1270 911 et
1294 866 1402 912 curam
1426 845 1568 912 habeant

231 951 418 1034 animarum,
449 950 621 1017 dummodo
650 953 787 1017 maiores
816 957 890 1037 post
916 953 1116 1038 episcopales
1139 954 1172 1017 in
1196 952 1435 1020 cathedralibus
1459 954 1510 1019 vel
1534 955 1568 1019 in

230 1058 412 1142 collegiatis
442 1059 588 1125 ecclesiis
621 1058 817 1145 principales
847 1057 1025 1144 dignitates
1054 1058 1235 1126 huiusmodi
1259 1081 1323 1125 uon
1346 1061 1497 1144 existant,
1521 1061 1567 1125 in·

230 1171 330 1250 tegre,
348 1165 545 1248 quotidianis
561 1164 839 1232 distributionibus
856 1165 1025 1231 dumtaxat
1042 1165 1199 1252 exceptis,
1221 1166 1379 1250 usquead
1396 1167 1567 1234 triennium

229 1273 397 1358 percipere
421 1274 561 1340 valeant.

336 1380 510 1446 Personam
541 1386 630 1445 tuam
658 1381 722 1446 tuis
750 1429 757 1445 .
789 1434 795 1449 .
826 1430 834 1446 .
881 1381 957 1450 Dat.
983 1381 1078 1447 Avin.
1103 1381 1171 1446 llll
1201 1402 1302 1448 nonas
1329 1383 1512 1450 novembris
1535 1405 1565 1452 a.

231 1485 504 1573 decimoseptimo.

335 1594 371 1658 In
397 1615 423 1661 e.
448 1617 490 1660 m.
525 1596 561 1660 B.
585 1595 687 1662 blaric
716 1596 876 1680 Aquensis
906 1595 1009 1663 Leod.
1039 1595 1123 1663 dioc.
1155 1604 1188 1662 et
1217 1596 1251 1662 S.
1276 1596 1423 1665 Severini
1453 1598 1563 1665 Colon.

227 1703 399 1788 prepositis
422 1723 466 1777 ac,
486 1701 609 1770 decano
634 1702 776 1770 ciusdem
800 1705 834 1770 S.
860 1704 1008 1771 Severini
1032 1705 1252 1772 ecclesiarum.

388 1827 461 1896 Req.
482 1828 538 1882 105
557 1842 604 1882 ar,
623 1829 689 1882 815.

334 2091 456 2157 2142.
483 2095 570 2157 1332
594 2093 782 2159 November
805 2095 836 2157 2.
871 2090 1037 2179 Acmon.

334 2233 495 2301 Iohannes
518 2235 616 2300 XXII
652 2235 816 2301 Walramc
845 2234 1090 2321 archiepiscopo
1118 2236 1228 2303 Oolon.
1260 2238 1416 2324 indulget,
1449 2245 1486 2305 ut
1513 2259 1563 2305 ce·

227 2341 344 2409 clesias
367 2349 400 2408 et
423 2343 618 2408 monasteria
652 2363 715 2408 non
748 2348 900 2428 exempta
933 2343 1076 2410 civitatis
1099 2352 1132 2410 et
1159 2343 1299 2412 diocesis
1329 2367 1370 2412 ac
1400 2347 1563 2432 provincie

227 2449 336 2516 Colon.
374 2469 547 2533 eorumque
583 2470 737 2536 personas
771 2470 834 2516 uon
870 2458 1050 2536 exemptas,
1085 2453 1117 2516 in
1153 2453 1269 2536 quibus
1304 2455 1333 2519 ei
1370 2453 1562 2520 visitationis

226 2557 364 2624 officium
389 2560 543 2642 competit
567 2556 608 2623 de
633 2557 862 2624 cousuetudine
880 2557 931 2623 vel
955 2557 997 2624 de
1020 2559 1101 2643 iure,
1124 2560 1226 2645 possit
1248 2581 1307 2646 per
1330 2561 1469 2644 aliquam
1495 2582 1562 2647 per-

226 2686 335 2731 sonam
365 2684 422 2730 seu
450 2664 574 2748 aliquas
602 2684 756 2750 personas
779 2664 927 2750 ydoneas
959 2666 1058 2731 semel
1086 2667 1218 2733 visitare
1242 2675 1274 2732 ct
1302 2667 1427 2734 ratione
1456 2668 1561 2735 huius·

226 2770 310 2836 rnodi
336 2771 531 2838 visitationis
555 2773 798 2856 procurationes
822 2772 854 2837 in
871 2773 1009 2858 pecunia
1025 2780 1192 2840 numerata
1208 2776 1351 2860 recipere
1366 2775 1561 2860 moderatas,

225 2899 288 2943 non
312 2878 514 2945 obstantibus
539 2879 820 2944 constitutionibus
843 2878 885 2945 ab
908 2880 1097 2946 Innocentio
1114 2881 1160 2945 IV
1181 2888 1213 2947 et
1229 2882 1383 2966 Gregorio
1398 2883 1430 2948 X
1454 2882 1559 2950 editis.

332 2984 455 3050 Meritis
479 2991 532 3051 tue
556 2984 740 3051 devotionis
766 3033 773 3050 .
799 3034 806 3050 .
833 3036 840 3049 .
888 2986 965 3051 Dat.
990 2987 1085 3052 Avin.
1111 2971 1177 3053 llll
1200 3007 1301 3054 nonas
1324 2990 1511 3063 novembris,
1529 3012 1560 3057 a.

225 3091 497 3177 decimoseptimo.

331 3199 367 3264 In
392 3219 419 3264 e.
437 3221 478 3265 m.
504 3201 657 3284 episcopo
680 3197 850 3284 Scopieusi
874 3205 907 3264 et
930 3200 1095 3285 preposito
1112 3200 1149 3266 B.
1166 3200 1267 3268 blarie
1283 3202 1442 3286 Aquensis
1457 3203 1558 3272 Laod.

224 3307 309 3373 dioc.
339 3326 379 3372 ac
408 3307 562 3391 magistro
586 3305 766 3373 Godelrido
796 3305 838 3372 de
866 3307 900 3374 S.
925 3306 1099 3374 Cuniberto
1132 3309 1287 3376 canonico
1315 3310 1426 3378 Colon.
1459 3312 1559 3378 eccle·

223 3433 352 3481 clarum.

383 3522 457 3592 Rep.
476 3523 531 3576 105
549 3535 597 3576 ar.
616 3520 711 3588 1070,·
729 3520 780 3576 Re.
800 3521 874 3576 1579
892 3520 1087 3590 (meadoscll.

329 3782 448 3849 2143.
477 3785 562 3847 1332
585 3782 773 3848 November
788 3785 819 3847 2.
844 3780 1009 3870 Aciqaca.

328 3927 495 3992 lebannes
519 3926 630 3990 XXII
652 3925 688 3992 S.
715 3923 863 3992 Cornelii
887 3927 1044 3992 laciensis
1067 3933 1098 3992 et
1122 3925 1356 3992 Giatbaceaais
1378 3948 1418 3992 ac
1441 3928 1557 3994 Sibar-

223 4035 333 4118 peacia
356 4034 640 4099 monasteriolam
663 4034 841 4098 abbatibus
863 4034 1016 4109 mandat,
1040 4035 1201 4118 qaatiaas
1217 4055 1350 4119 papam
1372 4036 1557 4121 informent

224 4141 264 4206 de
287 4141 475 4206 redditibus
500 4141 633 4206 ecclesie
652 4140 886 4224 parrochialis
902 4141 940 4204 ia
956 4141 1119 4227 Nideqea,
1144 4162 1245 4225 qaam
1261 4142 1410 4208 detineat
1424 4144 1557 4227 fratrea

222 4248 404 4332 hospitales
437 4248 473 4313 S.
497 4247 664 4313 Iobaaaea
696 4268 861 4332 quamque
895 4249 1087 4319 Wiibelmaa
1115 4268 1223 4314 comes
1253 4249 1453 4315 Iaiiaceasia
1485 4251 1556 4315 cias

216 4361 387 4440 patronas
411 4355 581 4420 deciderat
606 4360 811 4420 commutare
835 4355 872 4418 ia
895 4354 1108 4440 collegiatam
1130 4355 1313 4421 eccleciam.

328 4495 499 4580 [lohannes
523 4496 634 4582 XXII]
664 4496 696 4563 S.
722 4496 861 4563 Cornelii
886 4495 1034 4563 indensis
1063 4505 1097 4563 et
1119 4498 1345 4565 (ilatbacensis
1373 4519 1413 4565 ac
1437 4500 1556 4585 Sybar-

221 4603 330 4688 gensis
353 4603 617 4669 monasteriorum
642 4603 813 4671 abbatibus
837 4603 948 4671 Golou.
973 4604 1057 4670 dioc.

328 4709 446 4776 Oblata
469 4710 562 4776 nobis
586 4708 695 4776 dilecti
719 4709 778 4775 filii
801 4710 919 4777 nobilis
941 4711 1003 4777 viri
1026 4711 1190 4778 Wilhelmi
1214 4711 1341 4780 comitis
1366 4712 1555 4780 lubecensis

221 4819 335 4904 petitio
360 4818 556 4904 continebat,
581 4816 667 4902 quod
691 4817 768 4885 licet
790 4819 866 4885 olim
891 4820 1025 4887 comites
1042 4819 1238 4887 Iuliacenses
1261 4821 1482 4907 progenitores
1504 4821 1553 4888 sui
