3642 5509
783 480 850 537 1331
870 481 1007 538 Februar
1026 483 1067 537 11.
1532 483 1583 541 391

247 657 418 745 001110010,
455 681 526 727 0010
561 662 706 729 omnihus
738 663 860 730 iuribus
894 670 927 730 et
951 663 1159 749 pertinenciis
1191 664 1257 731 suis
1289 664 1377 732 dieto
1411 664 1583 732 decanatui

247 766 453 852 dignaremur
481 770 713 856 imperpetuum
737 777 929 836 connectere
964 777 996 836 et
1019 773 1119 854 unire,
1152 791 1211 838 nos
1229 820 1340 838 .....
1380 771 1583 857 Sibergensis

247 875 359 941 Colou.
393 874 476 942 dioc.
501 897 541 942 ac
558 926 565 941 .
583 927 591 942 .
608 877 721 944 Sancti
755 878 882 944 Martini
915 878 1179 944 monasteriorum
1211 880 1382 946 abbatibus
1405 901 1444 944 ac
1464 929 1471 945 .
1490 929 1498 947 .
1514 899 1582 946 sco-

246 982 361 1048 lastico
377 984 514 1049 ecclesie
530 984 641 1050 Sancti
659 985 789 1069 Georgii
803 985 1004 1051 coloniensis
1020 1005 1076 1070 per
1093 985 1217 1052 litteras
1229 992 1354 1052 nostras
1367 987 1582 1054 commisimus

246 1095 279 1154 et
301 1087 449 1155 dedimus
471 1089 504 1154 10
528 1089 697 1174 mandatis,
731 1097 766 1156 ut
789 1091 851 1177 ipsi
881 1092 933 1158 vel
963 1091 1027 1157 duo
1051 1097 1107 1156 001
1135 1112 1216 1158 unus
1245 1112 1354 1159 eorum
1379 1095 1503 1160 vocatis
1527 1095 1581 1177 qui

246 1196 350 1262 forent
379 1195 536 1262 evocandi
569 1197 610 1264 de
633 1198 789 1285 predictis
821 1200 922 1284 ipsius
947 1197 1123 1265 decanatus
1147 1198 1327 1266 redditibus
1360 1207 1392 1266 01
1426 1201 1494 1267 1010
1526 1221 1582 1287 pa·

245 1309 390 1370 11000100
413 1303 594 1370 huiusmodi
617 1306 753 1389 aliisque
778 1306 1031 1373 circumstanciis
1056 1306 1245 1391 simpliciter
1269 1313 1302 1372 et
1331 1305 1371 1373 110
1392 1308 1487 1392 01000
1512 1309 1581 1376 0100

245 1411 380 1494 01100110
404 1417 437 1474 01
459 1410 563 1494 figura
586 1413 697 1478 iudicii
721 1413 848 1498 plenam
873 1412 1130 1478 informationem
1154 1413 1337 1498 reciperent
1360 1421 1402 1497 et,
1427 1413 1580 1498 quicquid

243 1537 340 1603 super
362 1517 423 1583 hoc
447 1517 637 1602 invenirent,
662 1520 755 1585 uobis
777 1541 835 1605 pcr
858 1540 966 1585 eorum
992 1519 1117 1586 litteras
1140 1521 1199 1586 sub
1222 1519 1338 1604 sigillis
1355 1541 1463 1586 eorum
1482 1522 1581 1588 refer·

243 1630 314 1688 rent
336 1622 474 1690 fideliter
497 1630 529 1690 01
553 1623 713 1705 distinete,
748 1630 782 1688 ut
805 1642 862 1708 per
886 1623 1074 1688 relationem
1099 1643 1206 1688 eorum
1231 1643 1327 1709 super
1349 1623 1412 1690 hiis
1435 1624 1579 1710 plenarie

243 1730 403 1797 informati
428 1730 599 1817 providere
623 1750 719 1815 super
742 1730 803 1795 hiis
827 1736 959 1796 auctore
983 1728 1044 1795 deo
1068 1730 1238 1797 salubriter
1262 1737 1295 1796 et
1315 1730 1437 1797 utiliter
1460 1731 1580 1797 valere·

242 1858 321 1903 mus.
370 1839 486 1903 Verum
510 1837 587 1904 dicti
613 1839 748 1904 abbates
771 1843 804 1903 ct
827 1837 1025 1920 scolasticus,
1050 1837 1133 1903 sicut
1156 1857 1258 1924 nuper
1279 1839 1372 1906 nohis
1396 1857 1453 1923 per
1469 1857 1576 1904 eorum

242 1950 390 2029 00100100
414 1946 561 2012 litteras.
581 1994 588 2009 .
607 1993 614 2010 .
631 1943 812 2029 significare
837 1951 997 2026 curamnt,
1017 1993 1023 2008 .
1043 1963 1151 2029 ..per
1185 1946 1270 2011 viros
1306 1946 1423 2030 probos
1455 1951 1487 2011 et
1514 1945 1578 2012 lide

242 2050 358 2134 dignos
381 2073 444 2118 non
468 2060 639 2118 extraneos
662 2050 718 2117 sed
744 2051 917 2118 canonicos
940 2057 973 2116 et
996 2051 1134 2118 vicarios
1163 2071 1203 2117 ac
1226 2051 1411 2137 capellanos
1435 2051 1578 2119 eiusdem

243 2158 380 2226 ecclesie
403 2180 461 2245 pro
484 2160 597 2225 maiori
620 2165 713 2244 parte
736 2157 930 2243 presbiteros
953 2164 1141 2243 repererunt
1165 2157 1284 2225 dictum
1307 2158 1498 2227 decanatum
1522 2161 1578 2226 viu

241 2264 362 2333 habere
396 2268 429 2332 in
452 2265 632 2334 redditibus
664 2267 780 2332 annuis
803 2265 977 2331 secundum
1014 2285 1122 2332 veram
1157 2265 1402 2334 eutimacionem
1437 2268 1578 2352 ipsorum

244 2374 360 2456 viginti
383 2393 510 2440 marcas
532 2374 658 2458 argenti
681 2373 826 2439 valentes
851 2375 937 2439 circa
960 2375 1149 2456 octuaginta
1172 2372 1309 2441 florenos
1333 2375 1402 2441 auri
1435 2381 1469 2440 01
1491 2374 1577 2458 qnod

240 2478 386 2545 redditus
419 2479 506 2547 dicte
534 2479 745 2566 parrochialis
778 2481 914 2546 ecclesie
938 2480 1050 2546 Sancti
1075 2481 1213 2565 Remigii
1247 2479 1395 2550 deductis
1427 2482 1578 2569 expensis

240 2588 429 2654 necessariis
453 2608 511 2673 pro
535 2588 683 2654 oneribus
699 2585 929 2673 supportandis
952 2589 1006 2652 vix
1023 2589 1187 2653 aunuatim
1211 2586 1253 2653 ad
1271 2587 1576 2672 quadragintaquin-

238 2714 300 2776 que
322 2693 458 2760 floreuos
481 2695 548 2760 auri
573 2715 608 2762 se
632 2693 819 2776 extendunt,
844 2695 898 2777 qui
923 2693 1066 2760 adiuncti
1084 2693 1186 2760 ‘dictis
1202 2693 1382 2762 redditibus
1398 2693 1575 2763 decanatus

237 2802 380 2870 eiusdem
405 2810 437 2868 01
460 2804 492 2867 10
515 2822 550 2868 00
574 2801 667 2867 simul
684 2799 813 2867 collecti
837 2801 893 2866 vix
908 2800 1069 2867 sufficiunt
1092 2799 1135 2866 011
1159 2801 1259 2887 100100
1276 2800 1452 2869 decanatus
1476 2821 1574 2870 onera

238 2909 468 2995 supportanda.
515 2910 710 2975 Invenerunt
734 2909 840 2990 etiam,
877 2907 997 2972 dictum
1022 2907 1198 2974 Iohannem
1232 2908 1374 2975 eiusdem
1408 2908 1575 2977 cellerarie

238 3015 374 3082 officium
399 3016 496 3082 fuisse
520 3016 674 3081 canonice
698 3021 880 3080 assecutum
905 3021 937 3078 et
960 3015 1083 3080 ratione
1107 3013 1194 3080 dicte
1218 3016 1372 3081 celeraria
1406 3022 1574 3101 patronum

237 3124 376 3189 existere
400 3122 612 3209 parrochialis
636 3122 772 3188 ecclesie
789 3119 983 3206 supradicte,
1008 3120 1100 3188 uobis
1115 3120 1340 3187 nichilominus
1364 3143 1422 3208 per
1445 3122 1576 3190 easdem

239 3229 362 3295 litteras
386 3229 574 3311 intimando,
599 3228 684 3312 quod
709 3235 795 3294 statu
820 3227 962 3294 ciusdem
988 3229 1166 3295 Bonnensis
1190 3229 1338 3312 ecclesie,
1363 3247 1424 3313 que
1447 3250 1511 3297 una
1536 3228 1577 3296 de

238 3337 481 3403 solemnioribus
515 3336 661 3402 ecclesiis
685 3335 883 3402 Coloniensis
911 3334 1061 3418 diocesis,
1096 3336 1180 3402 sieut
1203 3336 1365 3419 asseritur,
1401 3341 1577 3422 reputatur,

237 3451 269 3510 et
292 3443 495 3530 reputatione
521 3444 646 3509 comuni
663 3441 833 3526 diguitatis
856 3441 937 3507 dicti
961 3441 1138 3508 decanatus
1156 3448 1194 3516 ,01
1217 3442 1437 3527 magnitudine
1461 3462 1577 3529 expen-

237 3570 343 3617 sarum
376 3551 626 3616 incumbentium
650 3549 774 3616 decano
809 3549 953 3616 eiusdem
978 3548 1115 3615 ecclesie
1150 3571 1208 3635 pro
1244 3556 1387 3636 tempore
1424 3551 1577 3617 existenti

237 3659 270 3723 10
286 3657 575 3726 considerationem
592 3655 741 3723 adductis
766 3658 839 3722 unio
864 3655 1007 3723 eiusdem
1027 3658 1163 3724 ecclesie
1180 3656 1353 3723 decanatui
1377 3664 1446 3724 erat
1468 3678 1576 3725 ncces

237 3765 323 3831 saria
339 3766 426 3830 utilis
450 3772 483 3830 et
499 3763 644 3847 honesta,
669 3764 837 3832 nonnullas
861 3765 943 3830 alias
959 3766 1214 3831 circumstantias
1230 3785 1288 3850 per
1304 3764 1433 3832 easdem
1450 3765 1576 3833 litteras

237 3871 475 3957 experimendo,
494 3890 555 3954 que
571 3869 708 3938 suadere
725 3872 873 3937 unionem
890 3870 1071 3938 huiusmodi
1089 3871 1290 3939 videbantur.
1325 3873 1393 3941 Nos
1410 3872 1530 3959 igitur.
1547 3922 1577 3939 ..

236 3978 414 4064 predictam
438 3979 671 4064 parrochialem
695 3978 863 4045 ecclesiam
888 3978 1000 4045 Sancti
1024 3978 1163 4064 Remigii
1187 3999 1258 4045 eum
1285 3979 1431 4047 omuibus
1458 3980 1579 4047 iuribus

237 4093 268 4150 ct
291 4087 493 4171 pertinentiis
517 4085 621 4153 eidem
638 4085 810 4152 decanatui
828 4087 1022 4152 auctoritate
1045 4087 1224 4172 apostolica
1247 4085 1480 4173 imperpetuum
1505 4107 1579 4152 con·

236 4194 393 4258 nectimus
425 4201 458 4258 et
486 4195 622 4276 unimus,
655 4194 702 4257 ita
726 4191 811 4277 quod
836 4192 973 4259 cedente
1003 4193 1054 4258 vel
1085 4191 1263 4260 decedente
1286 4199 1411 4260 rectore
1435 4191 1578 4260 eiusdem

236 4298 446 4385 parrochialis
469 4301 615 4376 ecclesie,
653 4301 707 4383 qui
730 4321 815 4365 nuuc
838 4308 896 4385 est,
932 4299 1037 4367 dictus
1062 4300 1222 4367 lohannes
1247 4307 1279 4366 01
1302 4321 1505 4368 successores
1528 4303 1577 4367 sui

237 4405 352 4473 decani
375 4405 519 4473 eiusdem
544 4406 682 4473 ecclesie
707 4407 896 4491 Bonnensis‚
933 4409 987 4492 qui
1011 4415 1104 4474 erunt
1127 4429 1185 4494 pro
1210 4415 1353 4494 tempore
1377 4401 1577 4495 corporalem

236 4515 467 4598 possessiouem
498 4514 641 4582 ciusdem
665 4515 877 4600 parrochialis
901 4515 1038 4582 ecclesie
1072 4536 1111 4582 ac
1135 4517 1275 4582 omnium
1299 4517 1412 4583 iunium
1448 4520 1481 4582 01
1505 4535 1577 4602 per-

236 4620 449 4687 tineuciarum
473 4623 598 4706 100100.
618 4621 792 4707 ..possint
815 4607 1060 4708 apprehendere
1093 4630 1125 4688 et
1159 4630 1278 4707 tenere,
1315 4622 1479 4690 diocesani
1514 4623 1577 4690 loci

237 4729 287 4793 vel
312 4729 443 4794 alterius
467 4728 599 4794 licentia
622 4730 751 4794 mirriurc
776 4730 939 4813 requisita,
965 4737 1129 4795 reservata
1153 4737 1260 4796 tamen
1285 4729 1326 4796 de
1350 4730 1452 4816 ipsius
1469 4751 1579 4816 parro-

238 4833 352 4900 chialis
376 4836 514 4902 ecclesie
538 4837 746 4922 proventibus
781 4844 936 4923 perpetuo
970 4837 1091 4905 1100110
1126 4837 1205 4906 inibi
1239 4837 1395 4905 servituro
1432 4857 1574 4925 congrua
