3642 5509
283 475 336 540 436
830 480 900 540 1362
919 483 1056 540 Februar
1075 478 1100 540 6.

283 665 324 732 de
348 664 533 731 Rudedueis
557 664 732 731 Brabantie
766 665 833 731 ord.
862 665 896 732 S.
926 666 1060 750 August.
1092 664 1194 730 Laud.
1219 663 1313 748 diue,
1350 665 1382 730 in
1415 685 1478 750 quo
1511 672 1617 733 certus

284 774 509 840 canonicorum
538 793 688 839 numerus
720 780 770 838 est
799 774 976 856 institutus,
1013 772 1142 840 dominu
1166 772 1326 855 famulari,
1360 773 1493 856 faciant,
1526 774 1553 839 si
1577 775 1618 838 sit

282 880 428 966 ydoneus
444 887 477 945 et
492 879 579 946 aliud
603 880 791 946 eanonieum
816 901 879 946 nou
903 879 1050 962 obsistat,
1074 881 1106 944 in
1124 879 1212 944 dieto
1228 880 1433 962 monasterio,
1456 881 1484 945 si
1501 881 1616 964 aliquis

283 987 325 1053 de
353 987 441 1053 dieto
470 1007 602 1055 numero
630 987 722 1053 deest
746 987 788 1052 ad
812 1007 944 1072 presens
968 987 1019 1054 vel
1048 1007 1143 1071 quam
1173 987 1309 1072 primum
1340 988 1477 1070 aliquem
1503 987 1616 1054 deesse

284 1096 467 1179 eontigerit,
490 1096 523 1158 in
548 1095 736 1161 canonicum
760 1096 872 1181 recipi.

390 1202 600 1288 cupientibus
628 1203 729 1268 vitam
762 1201 880 1267 ducere
907 1255 915 1270 .
946 1252 953 1267 .
983 1251 991 1266 .
1039 1202 1115 1268 Dat.
1145 1203 1239 1268 Avin.
1273 1222 1374 1268 nonas
1406 1201 1561 1268 februarii
1585 1223 1615 1267 a.

282 1308 512 1376 sextodecimo.

432 1440 506 1509 Ray.
527 1441 579 1494 101
597 1455 645 1494 nr.
664 1442 728 1495 836.

386 1717 510 1785 2102.
536 1721 623 1784 1332
647 1720 801 1786 Fabruur·
824 1721 856 1784 6.
881 1717 1074 1806 (Auipuou.)

389 1861 549 1928 Iohannes
571 1861 674 1927 XXII
709 1861 869 1928 iudicibus
902 1861 1044 1928 scabinis
1080 1861 1262 1928 oonsulibus
1291 1861 1470 1944 ueterisque
1493 1861 1617 1928 eivibus

283 1969 426 2034 civitatib
450 1967 651 2034 coloniensis
679 1968 883 2034 commendat
906 1967 1112 2056 Radulphum
1141 1967 1182 2034 de
1206 1967 1322 2054 Ruppe
1346 1969 1534 2060 canonicum
1559 1969 1618 2033 Za·

283 2076 472 2141 moriensem
495 2075 646 2140 nuncium
670 2075 757 2142 sedis
780 2076 966 2162 apostoliea.

389 2183 468 2248 Cum
492 2180 630 2248 dileetus
652 2182 737 2248 lilius
754 2233 761 2248 .
780 2233 813 2250 ..
861 2185 937 2249 Dat.
956 2184 1035 2248 VIII
1058 2182 1131 2250 idus
1155 2182 1308 2250 febroarii
1333 2204 1361 2246 a.
1387 2182 1616 2248 sextodecimo.

436 2303 509 2372 Rep.
530 2305 584 2358 116
601 2303 626 2373 f.
646 2303 713 2358 259¹
732 2319 780 2357 nr.
801 2303 893 2371 134oe
925 2305 979 2358 Ra.
999 2305 1080 2358 1519.

390 2571 535 2641 *mes
561 2578 647 2642 1332
673 2577 827 2643 Februar
851 2579 882 2642 7.
918 2574 1083 2663 Auipnou.

390 2717 551 2785 Iohannes
585 2719 685 2784 XXII
725 2719 890 2786 abbatissa
925 2725 957 2784 et
993 2727 1150 2786 conventu
1192 2720 1378 2786 monasterii
1414 2717 1617 2784 Poreetensis

284 2823 418 2891 cistere.
442 2825 511 2891 ord.
537 2825 646 2892 Colon.
672 2826 756 2894 diue.
785 2828 970 2912 petentibus
994 2826 1160 2892 confirmat
1183 2847 1293 2894 omnes
1316 2827 1483 2892 libertates
1506 2833 1539 2892 et
1562 2826 1617 2890 im-

283 2932 455 2998 munitates
478 2954 499 2997 a
526 2933 731 3019 pontificibus
754 2934 907 2999 Romanis
940 2933 1029 2999 dieto
1063 2935 1255 3000 monasterio
1288 2953 1459 3000 concessas
1491 2953 1613 3000 neenon

284 3037 450 3105 libertates
473 3046 507 3105 et
530 3041 750 3126 exemptiones
782 3040 973 3107 secularium
1007 3042 1211 3106 exaetionum
1236 3061 1256 3106 a
1278 3040 1408 3126 regibus
1438 3047 1471 3106 et
1499 3040 1614 3125 prinni-

283 3145 377 3229 pibus
401 3152 434 3212 et
457 3146 530 3214 aliis
553 3147 659 3214 eidem
682 3149 874 3214 monasterio
898 3147 1048 3215 indultas.

387 3253 477 3320 Solet
501 3275 641 3321 annuere
664 3254 759 3321 sedes
785 3305 792 3321 .
820 3304 828 3320 .
856 3305 863 3321 .
911 3256 986 3320 Dat.
1011 3256 1106 3322 Avin.
1131 3255 1193 3320 VII
1217 3254 1290 3322 idus
1312 3255 1467 3320 februarii
1488 3274 1520 3339 p.
1537 3276 1567 3319 n.
1584 3275 1614 3318 a.

283 3359 515 3428 sextodecimo.

445 3485 495 3540 Or.
514 3487 637 3540 membr.
657 3501 726 3542 eum
746 3487 874 3556 plumbo
890 3487 984 3556 pand.
1038 3485 1102 3542 Sub
1119 3486 1204 3557 plica
1224 3487 1265 3542 ad
1284 3484 1419 3541 sipisim.-
1451 3475 1533 3540 ade
1543 3483 1615 3540 Vico

444 3575 483 3628 In
504 3573 589 3643 plica
611 3576 653 3630 ad
675 3575 793 3629 dextr„-
822 3574 857 3631 G.
879 3576 918 3630 de
938 3575 1030 3631 Valle.
1078 3576 1116 3630 In
1135 3577 1245 3632 dorso.-
1273 3574 1459 3631 Godefridus
1488 3575 1526 3630 de
1545 3575 1615 3630 Ian·

444 3663 546 3719 draeo.
569 3693 599 3702 -
619 3664 813 3735 Ddssetdorf.
834 3665 922 3720 Arcb.
941 3679 1003 3736 rep.
1022 3665 1206 3721 Bartscbeid
1224 3682 1272 3719 nr.
1293 3668 1355 3720 145.

390 3934 512 4002 21⁰4.
538 3939 624 4002 1332
648 3939 803 4003 Februur
827 3941 878 4005 11.
904 3935 1071 4024 Avipuou.

388 4079 547 4146 Iohannes
570 4081 669 4146 XXII
706 4081 845 4148 Henrieo
880 4082 1008 4148 Gerlaei
1036 4080 1077 4147 de
1102 4079 1294 4148 Paffendorf
1323 4082 1447 4149 eonfert
1479 4083 1556 4149 eeel.
1581 4083 1614 4150 S.

283 4185 406 4252 Florini
439 4188 471 4252 in
505 4187 707 4254 Confluentis
744 4189 875 4255 Trever.
911 4187 995 4255 diue.
1034 4188 1275 4274 canonicatum,
1311 4188 1508 4276 prebendam
1541 4209 1616 4256 vero

285 4292 390 4359 eidem
413 4302 566 4361 reservat.

389 4401 609 4487 Suffragantia
637 4403 695 4470 tibi
725 4404 840 4469 merita
868 4451 875 4466 .
905 4453 913 4468 .
944 4454 951 4469 .
1010 4404 1085 4470 Dat.
1110 4405 1205 4470 Avin.
1231 4405 1282 4470 III
1308 4403 1382 4471 idus
1409 4404 1563 4471 februarii
1586 4425 1615 4470 a.

282 4507 513 4576 sextodecimo.

390 4617 438 4681 In.
463 4636 491 4682 e.
517 4639 558 4682 m.
595 4617 719 4685 decano
747 4626 780 4684 et
809 4621 932 4686 cantori
963 4619 995 4686 S.
1023 4619 1177 4687 lobannis
1205 4621 1353 4707 Baptista
1377 4621 1617 4689 Wetslariensis

282 4721 413 4788 Trever.
439 4723 522 4790 diue.
547 4746 586 4790 ue
609 4725 781 4792 scolastico
805 4727 966 4792 Tullensis
989 4728 1066 4792 eecl.
1093 4728 1261 4814 eapellano
1284 4729 1405 4815 papali.

444 4865 517 4937 Req.
538 4867 593 4920 101
612 4883 658 4920 nr.
678 4871 741 4922 865.
