3642 5509
721 456 793 514 1330
811 457 990 530 September
1009 457 1051 514 29.

326 640 448 709 retr.
480 644 569 707 1330
591 640 784 727 September
806 641 861 705 29.
892 637 1059 726 Avrpmn.

327 785 487 852 Iohannes
519 784 619 849 XXIl
652 781 832 849 Godchido
865 782 954 848 dicto
986 783 1094 867 Bouyt
1128 781 1253 847 confert
1284 781 1364 847 eccl.
1397 780 1429 845 S.
1465 780 1557 847 Pauli

218 892 321 958 Leod.
346 892 581 973 canonicatum,
605 887 801 976 prebendam
818 909 894 956 vcro
918 889 1022 955 eidem
1046 895 1200 971 reservat,
1224 889 1451 955 nonobstante
1468 887 1554 972 quod

218 1000 251 1065 in
275 1000 354 1066 eccl.
381 1000 417 1065 B.
442 999 543 1064 Mario
566 998 725 1082 Aquensis
748 994 850 1064 Leod.
875 997 959 1063 dioc.
984 1003 1172 1083 perpetuam
1201 995 1412 1081 capellaniam
1443 994 1556 1061 altaris

218 1107 252 1172 S.
276 1105 428 1173 Iohannis
452 1106 602 1191 Baptista
625 1106 694 1172 sinc
719 1125 796 1170 eura
819 1105 952 1173 obtinet.

325 1213 435 1298 Digne
457 1231 557 1297 agere
579 1211 814 1280 credimus...
861 1214 937 1278 Dat.
955 1212 1049 1278 Avin.
1067 1212 1117 1277 Ill
1140 1210 1185 1277 kl.
1210 1209 1351 1278 octobris
1374 1231 1403 1276 a.
1429 1211 1554 1294 quinto-

218 1319 363 1492 iimulli
386 1447 415 1493 e.
439 1448 481 1493 m.
506 1426 540 1493 S.
565 1426 678 1494 Crucis
712 1432 744 1493 et
768 1426 803 1492 S.
827 1425 1046 1491 Bartholamei
1069 1423 1171 1491 Leod.
1204 1423 1338 1492 decanis
1370 1444 1410 1491 ac
1432 1424 1553 1492 Iacobo

218 1532 259 1600 de
282 1534 405 1601 Mutina
429 1534 604 1600 scolactico
628 1532 791 1601 Tullensis
815 1533 1036 1600 ecclesiarum.

377 1667 449 1735 Rep.
468 1667 506 1720 97
523 1681 571 1719 ur.
592 1665 655 1720 780.

324 1896 447 1963 1908.
473 1897 561 1961 1330
583 1895 777 1981 September
799 1898 853 1960 29.
879 1892 1044 1982 Aeipuoo.

325 2037 485 2105 Iohannes
501 2037 600 2103 XXII
625 2037 760 2104 Iohanni
784 2036 825 2104 de
849 2036 1054 2124 Novaplatea
1076 2039 1192 2103 rectori
1217 2036 1428 2123 parrochialis
1452 2037 1552 2104 ecclc·

216 2146 319 2211 sicin
343 2144 555 2212 Gelevverode
578 2145 688 2211 Solon.
714 2142 796 2210 dioc.
820 2151 966 2211 reservat
989 2143 1177 2210 heneficium
1202 2144 1454 2211 ecclesiasticum
1480 2164 1552 2211 cum

217 2273 294 2318 cura
328 2253 380 2318 vel
412 2253 482 2318 sine
516 2272 592 2318 cura
625 2252 667 2317 ad
700 2251 944 2338 dispositionem
978 2251 1132 2318 ablatissc
1165 2259 1197 2318 et
1230 2251 1363 2338 capituli
1396 2252 1551 2319 secularis

216 2359 353 2426 ecclesie
377 2358 435 2426 SS.
460 2358 625 2443 Virginum
649 2358 760 2425 Solon.
785 2359 995 2424 communiter
1018 2359 1070 2424 vel
1099 2356 1226 2425 divisim
1255 2359 1429 2444 pertinens,
1461 2359 1551 2426 cuius

216 2466 351 2547 fructus,
375 2466 402 2532 si
426 2485 498 2532 cum
518 2486 606 2548 cura,
630 2466 757 2550 viginti,
780 2466 808 2531 si
831 2485 908 2532 vero
932 2466 1001 2532 siue
1018 2485 1096 2531 cura
1111 2465 1239 2550 fuerint,
1264 2464 1446 2550 quindecim
1469 2487 1550 2533 mar-

217 2572 347 2639 charum
377 2573 504 2657 argenti
527 2593 553 2639 s.
578 2579 602 2638 t.
626 2571 658 2637 d.
683 2573 823 2640 valorem
857 2592 996 2638 aunuum
1020 2592 1083 2639 non
1107 2571 1279 2656 excedunt,
1311 2573 1547 2640 nonobstante

215 2679 301 2763 quod
325 2679 558 2767 parrochialem
582 2679 753 2746 ecclesiam
780 2681 813 2745 iu
838 2679 1049 2746 Gelcrverodc
1072 2679 1182 2746 Gelon.
1207 2679 1303 2764 dioc,
1333 2678 1375 2746 de
1398 2699 1462 2764 qua
1484 2679 1549 2746 liti·

214 2793 282 2871 gat,
307 2787 439 2853 obtinet.
487 2787 610 2852 Tamen
630 2786 812 2853 huiusmodi
835 2785 1025 2852 beneficium
1049 2793 1193 2852 curatum
1218 2792 1385 2854 assecutus
1409 2784 1551 2854 dimittat

215 2891 394 2978 predictam
417 2892 652 2979 parrochialem
677 2893 858 2960 ecelesiam.

322 3001 391 3066 Tne
414 3001 584 3086 probitatis
608 3002 797 3066 merita...
844 3000 919 3067 Dat.
944 3001 1039 3067 Aviu.
1063 3003 1113 3067 III
1137 3001 1182 3069 kl.
1207 2999 1348 3068 octobris
1371 3022 1400 3066 a.
1426 3002 1549 3084 quinto

215 3106 351 3174 decimo.

322 3217 360 3280 Iu
383 3235 412 3280 e.
429 3237 470 3280 m.
487 3216 521 3282 S.
539 3215 684 3282 Severini
702 3222 735 3281 et
749 3217 783 3282 S.
800 3215 965 3282 Ounibcrti
982 3215 1092 3282 Solon.
1117 3214 1290 3302 propositis
1313 3234 1353 3282 ae
1375 3213 1548 3283 scolastico

215 3320 376 3389 Tullcnsis
399 3323 617 3389 ecclesiarum.

373 3446 446 3516 Rep.
465 3446 504 3501 99
520 3444 545 3516 f.
565 3447 622 3501 365
641 3462 689 3501 mr.
709 3447 791 3502 1911.

303 3733 428 3799 1909.
453 3734 542 3799 1330
564 3733 756 3820 September
779 3735 833 3798 29.
861 3730 1026 3820 Auipuou.

322 3875 493 3960 [Iohannes
509 3875 620 3960 xxlr]
637 3874 812 3960 Hildegero
834 3874 875 3941 de
892 3875 1042 3944 Ecclesia
1057 3875 1203 3963 Lisolphi
1221 3877 1337 3943 clerico
1355 3876 1547 3944 Coloniensi.

321 3982 482 4048 Virtutum
506 3989 631 4049 tuarum
660 3982 862 4050 studia...
909 3982 995 4049 Sane
1023 3982 1137 4069 petitio
1166 4005 1223 4070 pro
1252 3990 1344 4069 parte
1375 3989 1431 4048 tua
1455 3983 1548 4050 nohis

213 4089 361 4156 exhibita
384 4091 580 4172 continebat,
614 4087 699 4172 quod
724 4096 758 4155 ta
782 4089 857 4155 olim
880 4091 913 4155 iu
937 4091 1089 4156 vicesimo
1124 4097 1237 4173 quarto
1262 4091 1358 4157 etatis
1382 4097 1434 4156 tue
1463 4111 1547 4158 anuo

213 4197 308 4263 acin
332 4196 582 4279 subdiaconatus
606 4195 717 4262 ordine
741 4197 933 4264 constitutus
956 4197 1191 4282 parrochialem
1207 4197 1376 4264 ecclesiam
1400 4198 1432 4262 in
1449 4198 1547 4264 Esch-

212 4305 304 4370 wilre
321 4305 431 4370 Colon.
449 4303 532 4370 dioc.
557 4311 635 4370 tunc
650 4309 818 4370 vacantem
843 4304 933 4371 luisti
952 4305 1033 4371 aliae
1057 4305 1211 4372 canonice
1227 4311 1392 4372 assecutus
1416 4304 1548 4371 dictam·

214 4431 276 4494 que
299 4411 470 4477 ecclesiam
494 4430 552 4496 per
575 4411 692 4478 multos
715 4431 816 4477 annos
840 4413 982 4494 tenuisti,
1013 4413 1096 4478 sicut
1119 4431 1189 4478 eam
1214 4410 1321 4478 adhuc
1344 4410 1547 4479 detines...

214 4518 256 4584 ad
289 4519 457 4585 ulteriores
490 4517 619 4586 ordines
652 4539 715 4584 non
747 4525 913 4603 promotus
945 4539 1005 4585 uec
1028 4521 1123 4586 etiam
1157 4520 1305 4587 resedisti
1337 4520 1548 4606 personaliter

213 4627 246 4690 in
270 4624 382 4691 eadem
404 4645 443 4691 ac
466 4625 668 4711 postmodum
686 4625 727 4691 de
744 4627 937 4692 canonicatu
961 4633 992 4692 ct
1015 4625 1181 4712 prebenda
1197 4626 1334 4693 ecclesie
1350 4625 1382 4692 S.
1401 4627 1547 4694 Severini

214 4732 324 4798 Oolou.
350 4753 421 4799 cum
437 4732 660 4819 supplemento
684 4739 760 4799 tuuc
776 4732 957 4800 vacantilus
980 4733 1038 4800 tihi
1063 4735 1255 4801 auctoritate
1272 4733 1452 4820 apostolica
1466 4734 1546 4801 alias

214 4839 367 4906 canonice
403 4840 464 4905 fuit
500 4840 672 4926 provisum.
720 4839 826 4919 Quare
861 4861 919 4926 pro
943 4849 1035 4927 perte
1070 4848 1126 4907 tua
1167 4841 1226 4908 fuit
1259 4842 1352 4909 nobis
1386 4840 1547 4910 humiliter
