3642 5509
780 408 850 465 1338
869 409 933 466 Jull
951 409 976 464 1.
1496 412 1548 469 551

214 589 398 675 ponderatis
431 587 553 656 dictum
585 588 787 657 Ludovicum
820 588 863 655 ad
895 591 1171 658 reconciliationis
1204 593 1342 676 gratiam
1377 642 1451 658 ...
1485 615 1548 660 non

214 716 433 765 recusaremus
456 699 600 783 recipere
618 747 625 763 .
644 746 652 763 .
671 748 678 763 .

321 803 406 870 Saue
429 810 496 871 tam
526 805 642 871 litteris
670 825 766 889 quam
794 807 918 872 nunciis
948 805 1106 875 dictorum
1130 810 1324 894 prelatorum
1343 857 1350 875 .
1369 859 1376 874 .
1395 858 1402 874 .
1420 829 1548 896 respon·

213 913 320 979 siones
342 912 478 979 fecimus
501 911 740 998 infrascriptae:

320 1019 494 1105 Inprimis
518 1019 638 1086 eisdem
662 1019 896 1106 respondimus,
928 1021 1013 1104 quod
1038 1043 1096 1109 per
1119 1044 1177 1091 nos
1200 1045 1263 1090 non
1287 1031 1422 1091 steterat
1445 1045 1549 1108 neque

213 1128 332 1211 stabat,
357 1129 433 1211 quin
457 1126 499 1192 ad
523 1128 819 1194 reconciliationem
838 1127 997 1195 Ludovici
1020 1131 1140 1217 prelati
1164 1130 1393 1217 procederetur
1417 1140 1449 1198 et
1471 1133 1548 1198 iam-

214 1233 334 1300 dudum
359 1235 472 1302 fuisset
495 1254 692 1320 processum,
717 1242 750 1300 et
774 1235 859 1319 quod
882 1255 1010 1322 semper
1031 1257 1091 1304 nos
1113 1237 1360 1304 exhibueramus
1385 1249 1549 1324 promptos

214 1350 246 1408 et
269 1350 400 1427 paratos
424 1341 466 1408 ad
490 1341 731 1427 procedendum
755 1363 826 1409 cnm
850 1344 976 1410 nunciis
1000 1345 1078 1427 eius,
1103 1344 1256 1412 videlicet
1274 1394 1281 1410 .
1299 1394 1306 1410 .
1326 1398 1333 1413 .
1356 1348 1473 1413 comite
1497 1347 1548 1413 Iu·

213 1451 348 1518 liacensi
371 1456 404 1514 et
426 1449 499 1516 aliis
523 1448 643 1515 dudum
667 1449 710 1516 ad
734 1457 876 1517 nostram
891 1452 1087 1537 presentiam
1104 1452 1283 1518 destinatis.
1331 1453 1374 1518 Et
1391 1460 1426 1519 ut
1441 1461 1549 1540 posset

214 1558 346 1643 procedi
371 1559 495 1624 cautius
521 1564 554 1622 et
577 1558 713 1625 celerius
737 1559 770 1623 in
794 1559 1056 1625 reconciliatione
1080 1559 1239 1646 predicta,
1272 1560 1451 1627 leceramus
1474 1582 1549 1626 exa-

215 1666 328 1730 minari
351 1667 573 1750 procuratorio
591 1664 750 1731 Ludovici
774 1666 892 1751 prefati
919 1675 951 1732 et
975 1668 1136 1733 abreviari
1160 1687 1352 1752 processus.
1372 1669 1549 1736 ..habitos

215 1780 327 1839 eontra
351 1792 423 1838 eum
447 1792 619 1857 eommque
643 1774 770 1858 copiam
887 1773 1106 1840 cardinalibus
1135 1774 1290 1858 exhiberi,
1319 1782 1441 1841 certum
1464 1775 1550 1843 diem

214 1881 334 1947 eisdem
361 1880 579 1947 cardinalibus
602 1882 807 1965 assignantes
831 1880 874 1947 ad
897 1881 1137 1968 procedendum
1161 1883 1193 1947 in
1218 1884 1483 1952 consistorio...
1508 1883 1551 1949 Et

214 1988 300 2073 quod
331 1997 406 2054 ante
433 1989 596 2074 prefatum
625 1987 712 2054 diem
825 1990 867 2056 ab
898 1988 1019 2056 eisdem
1052 1992 1178 2057 nunciis
1209 1997 1412 2076 acceptatum
1445 1991 1550 2059 dictus

214 2117 322 2164 comes
346 2105 379 2163 ct
407 2096 463 2162 alii
493 2097 602 2162 nuncii
628 2145 690 2162 ...
716 2097 822 2164 subito
852 2106 929 2163 tunc
958 2099 1125 2183 pecierunt
1153 2099 1314 2164 licentiam
1339 2097 1380 2164 de
1403 2099 1549 2168 Romana

215 2206 304 2269 curia
334 2203 592 2271 recedendi
626 2204 749 2282 Quibus
778 2207 876 2271 ctiam
904 2205 1129 2272 recedentibus
1160 2227 1217 2273 nos
1244 2206 1286 2272 ad
1310 2206 1548 2294 procedendum

213 2313 247 2378 in
270 2314 401 2398 negotio
430 2313 700 2380 reconciliationis
728 2313 855 2399 prefate
884 2320 1006 2381 certum
1035 2316 1204 2381 terminum
1228 2321 1472 2401 competentem,
1508 2317 1551 2382 vi-

215 2419 333 2486 delicet
366 2421 481 2487 festum
506 2422 542 2486 B.
568 2420 738 2488 Michaelis
768 2419 810 2485 de
833 2440 942 2488 mense
972 2423 1162 2508 septembris
1190 2422 1334 2508 proxime
1362 2424 1549 2508 preteritum

214 2534 290 2593 tunc
314 2529 465 2612 futurum,
499 2527 710 2594 sufficientem
734 2527 830 2594 dictis
853 2530 980 2595 nunciis
1003 2529 1045 2595 ad
1069 2529 1208 2597 eundum
1233 2529 1274 2595 ad
1299 2529 1420 2596 dictum
1444 2529 1549 2598 Ludo·

215 2637 320 2701 vicum
344 2645 377 2702 et
401 2636 629 2703 consulendum
653 2636 790 2702 eundem
814 2642 847 2702 et
870 2636 913 2702 ad
938 2636 1057 2704 dictam
1088 2639 1207 2705 curiam
1236 2636 1434 2704 redeundum
1458 2637 1549 2704 duxi-

214 2765 284 2810 mus
307 2743 546 2828 assignandum.
594 2743 646 2810 Ad
670 2765 764 2828 quem
788 2747 957 2811 terminum
981 2744 1067 2811 idem
1091 2745 1277 2812 Ludovicus
1304 2795 1363 2812 ...
1389 2748 1547 2812 neminem

214 2849 257 2916 ad
280 2871 339 2918 nos
361 2853 448 2918 misit
470 2872 530 2919 nco
552 2872 589 2919 se
611 2872 707 2936 super
731 2851 793 2918 boe
816 2854 984 2920 excusavit
1001 2901 1008 2919 .
1027 2901 1060 2919 ..

321 2958 453 3026 Eisdem
473 2979 600 3043 quoque
623 2959 749 3025 nunciis
772 2957 922 3044 diximus,
947 2959 1034 3044 qnod
1057 2967 1181 3026 tantum
1205 2960 1369 3046 negotium
1393 2981 1456 3027 nou
1479 2967 1549 3027 erat

214 3087 272 3151 per
295 3065 400 3133 dictos
416 3067 558 3153 prelatos
574 3073 667 3133 extra
682 3066 862 3133 Romanam
885 3069 1006 3134 curiam
1029 3067 1302 3155 pertractandum,
1326 3068 1383 3134 sed
1399 3069 1428 3135 si
1444 3067 1549 3134 dictus

215 3174 399 3241 Ludovicus
433 3185 464 3240 et
497 3174 552 3240 alii
585 3172 700 3260 prelati
739 3174 790 3240 vel
822 3175 984 3260 principes
1016 3175 1207 3241 Alamannie
1249 3176 1367 3243 vellent
1399 3176 1548 3261 prosequi

214 3283 505 3348 reconciliationem
530 3281 709 3367 predictam
732 3303 771 3348 eo
795 3281 901 3366 modo,
936 3303 998 3366 quo
1029 3282 1192 3366 deberent,
1222 3285 1386 3350 mitterent
1416 3284 1549 3349 nuncios

214 3391 284 3475 ipse
308 3397 339 3455 et
363 3392 524 3476 principes
548 3411 661 3457 vocem
683 3392 717 3455 in
741 3390 897 3457 electione
922 3393 1007 3476 regis
1030 3391 1245 3459 Romanorum
1274 3393 1438 3475 babentes,
1470 3410 1549 3474 quos

215 3498 380 3581 negotium
404 3496 583 3563 huiusmodi
611 3497 746 3563 multum
775 3498 881 3580 tangit
911 3516 1107 3581 quorumque
1135 3503 1306 3583 propterea
1328 3498 1435 3563 littere
1458 3503 1549 3563 erant

214 3606 395 3672 necessarie
418 3625 475 3691 pro
500 3604 761 3671 reconciliatione
785 3605 1016 3689 premissa...

321 3712 442 3778 Rursus
466 3712 587 3779 eisdem
610 3713 736 3778 nunciis
760 3710 899 3778 diximus
916 3712 1003 3796 quod
1026 3732 1186 3797 nunquam
1208 3713 1473 3798 attemptavimus
1488 3732 1549 3778 nec

214 3825 408 3904 attemptare
441 3818 688 3885 intendebamus
720 3826 833 3885 contra
865 3819 935 3885 iura
968 3819 1093 3905 imperii
1124 3820 1175 3886 vel
1210 3828 1321 3886 eontra
1354 3821 1424 3886 iura
1457 3821 1547 3903 regni

214 3928 392 4009 Alamanie,
426 3926 485 3993 sed
508 3947 566 4012 pro
595 3925 691 3993 dictis
720 3927 842 3992 iuribus
875 3925 1090 3993 defendendis
1122 3934 1154 3992 et
1183 3926 1390 4012 protegendis
1422 3925 1548 3992 sortiter

214 4040 406 4101 steteramus
422 4042 454 4099 et
474 4040 560 4100 stare
583 4033 880 4101 intendebamus..
899 4081 906 4099 .
932 4035 1080 4100 Diximus
1095 4036 1193 4100 etiam
1214 4035 1337 4100 nunciis
1353 4035 1547 4119 memoratis,

215 4141 301 4224 quod
325 4143 382 4218 illi,
412 4145 465 4226 qui
489 4162 546 4228 per·
569 4141 773 4207 Alamaniam
803 4139 914 4207 dolose
939 4141 1060 4207 referre
1084 4147 1116 4208 ct
1140 4140 1248 4207 dicere
1276 4148 1547 4227 presumpserunt,

215 4249 300 4332 quod
326 4257 438 4316 contra
467 4249 625 4315 dictorum
656 4250 746 4333 regni
776 4254 808 4314 et
838 4247 963 4333 imperii
993 4248 1063 4314 iura
1087 4255 1120 4314 et
1144 4256 1256 4315 contra
1278 4269 1410 4334 regnum
1436 4255 1468 4315 et
1490 4249 1547 4314 im-

215 4357 337 4442 perinm
362 4365 472 4423 nostra
494 4357 629 4422 intentio
653 4357 843 4422 versabatur
870 4362 904 4421 et
932 4355 1017 4440 quod
1046 4378 1104 4424 nos
1132 4357 1301 4424 ecelesiam
1325 4356 1547 4440 Maguutinam

216 4470 313 4547 atque
336 4472 443 4530 castra
467 4470 500 4531 et
523 4464 714 4530 munitiones
737 4463 840 4550 ipsius
855 4462 897 4528 ad
918 4482 1031 4529 manus
1054 4471 1179 4530 nostras
1202 4465 1346 4550 recipere
1362 4464 1548 4530 volebamus

215 4570 257 4637 ad
281 4572 369 4637 illum
394 4572 500 4655 linem,
524 4571 611 4655 quod
634 4591 800 4657 possemus
823 4570 932 4637 ledere
955 4591 1087 4652 regnum
1105 4578 1137 4637 ct
1158 4570 1325 4657 imperium
1349 4569 1545 4657 supradicta,

216 4679 331 4746 falsum
355 4678 504 4745 dixerant
527 4685 561 4745 et
583 4677 786 4744 mendacium
815 4677 1031 4755 manifestum,
1063 4679 1139 4761 quia
1162 4699 1220 4764 pro
1243 4677 1365 4744 iuribus
1389 4676 1546 4745 dictorum

215 4788 305 4871 regni
321 4794 355 4852 et
370 4787 495 4872 imperii
519 4794 606 4852 stare
622 4791 655 4851 et
671 4786 817 4853 laborare
842 4791 910 4853 toto
933 4805 1038 4872 posse,
1062 4792 1098 4851 ut
1120 4786 1324 4873 premittitur,
1348 4785 1543 4853 volebamus.
