<?xml version="1.0" encoding="UTF-8"?>
<!DOCTYPE html PUBLIC "-//W3C//DTD XHTML 1.0 Transitional//EN"
    "http://www.w3.org/TR/xhtml1/DTD/xhtml1-transitional.dtd">
<html xmlns="http://www.w3.org/1999/xhtml" xml:lang="en" lang="en">
 <head>
  <title>
</title>
<meta http-equiv="Content-Type" content="text/html;charset=utf-8" />
  <meta name='ocr-system' content='tesseract 3.04.00' />
  <meta name='ocr-capabilities' content='ocr_page ocr_carea ocr_par ocr_line ocrx_word'/>
</head>
<body>
  <div class='ocr_page' id='page_1' title='image "./urkundenundrege00thimgoog_0124.png"; bbox 0 0 3642 5509; ppageno 0'>
   <div class='ocr_carea' id='block_1_1' title="bbox 701 446 1533 509">
    <p class='ocr_par' dir='ltr' id='par_1_1' title="bbox 701 446 1533 509">
     <span class='ocr_line' id='line_1_1' title="bbox 701 446 1533 509; baseline -0.002 -2"><span class='ocrx_word' id='word_1_1' title='bbox 701 452 770 508; x_wconf 80' lang='grc'><strong>1327</strong></span> <span class='ocrx_word' id='word_1_2' title='bbox 789 447 962 509; x_wconf 81' lang='lat' dir='ltr'><strong>November</strong></span> <span class='ocrx_word' id='word_1_3' title='bbox 980 451 1024 506; x_wconf 88' lang='grc'>30.</span> <span class='ocrx_word' id='word_1_4' title='bbox 1498 446 1533 505; x_wconf 74' lang='lat'>95</span> 
     </span>
    </p>
   </div>
   <div class='ocr_carea' id='block_1_2' title="bbox 299 630 1024 719">
    <p class='ocr_par' dir='ltr' id='par_1_2' title="bbox 299 630 1024 719">
     <span class='ocr_line' id='line_1_2' title="bbox 299 630 1024 719; baseline -0.006 -18"><span class='ocrx_word' id='word_1_5' title='bbox 299 632 424 701; x_wconf 77' lang='grc'><strong>1333.</strong></span> <span class='ocrx_word' id='word_1_6' title='bbox 451 636 537 699; x_wconf 83' lang='grc'><strong>1327</strong></span> <span class='ocrx_word' id='word_1_7' title='bbox 560 635 748 699; x_wconf 81' lang='lat' dir='ltr'><strong><em>November</em></strong></span> <span class='ocrx_word' id='word_1_8' title='bbox 770 634 825 699; x_wconf 83' lang='lat'>30.</span> <span class='ocrx_word' id='word_1_9' title='bbox 858 630 1024 719; x_wconf 80' lang='lat' dir='ltr'>Aripooo.</span> 
     </span>
    </p>
   </div>
   <div class='ocr_carea' id='block_1_3' title="bbox 196 768 1534 1164">
    <p class='ocr_par' dir='ltr' id='par_1_3' title="bbox 196 768 1534 1061">
     <span class='ocr_line' id='line_1_3' title="bbox 303 768 1534 852; baseline -0.008 -9"><span class='ocrx_word' id='word_1_10' title='bbox 303 776 464 844; x_wconf 87' lang='lat' dir='ltr'>lohannes</span> <span class='ocrx_word' id='word_1_11' title='bbox 487 773 588 839; x_wconf 88' lang='lat' dir='ltr'>XXII</span> <span class='ocrx_word' id='word_1_12' title='bbox 612 769 815 837; x_wconf 80' lang='lat' dir='ltr'>Theoderico</span> <span class='ocrx_word' id='word_1_13' title='bbox 836 770 947 837; x_wconf 89' lang='lat' dir='ltr'>comiti</span> <span class='ocrx_word' id='word_1_14' title='bbox 965 770 1113 836; x_wconf 84' lang='lat' dir='ltr'>Olevensi</span> <span class='ocrx_word' id='word_1_15' title='bbox 1136 768 1294 852; x_wconf 81' lang='lat' dir='ltr'>indulget,</span> <span class='ocrx_word' id='word_1_16' title='bbox 1319 774 1354 834; x_wconf 92' lang='lat' dir='ltr'>ut</span> <span class='ocrx_word' id='word_1_17' title='bbox 1369 768 1534 835; x_wconf 85' lang='lat' dir='ltr'>confessor</span> 
     </span>
     <span class='ocr_line' id='line_1_4' title="bbox 197 876 1534 972; baseline -0.009 -20"><span class='ocrx_word' id='word_1_18' title='bbox 197 887 266 953; x_wconf 88' lang='lat' dir='ltr'>eius</span> <span class='ocrx_word' id='word_1_19' title='bbox 280 884 439 972; x_wconf 80' lang='lat' dir='ltr'>ydoneus,</span> <span class='ocrx_word' id='word_1_20' title='bbox 458 902 551 966; x_wconf 88' lang='lat' dir='ltr'>quem</span> <span class='ocrx_word' id='word_1_21' title='bbox 569 878 702 945; x_wconf 83' lang='lat' dir='ltr'>duxerit</span> <span class='ocrx_word' id='word_1_22' title='bbox 719 876 914 963; x_wconf 80' lang='lat' dir='ltr'>eligendum,</span> <span class='ocrx_word' id='word_1_23' title='bbox 939 878 1077 945; x_wconf 89' lang='lat' dir='ltr'>omnium</span> <span class='ocrx_word' id='word_1_24' title='bbox 1094 884 1306 963; x_wconf 88' lang='lat' dir='ltr'>peccatorum.</span> <span class='ocrx_word' id='word_1_25' title='bbox 1317 876 1534 943; x_wconf 89' lang='lat' dir='ltr'>remissionem</span> 
     </span>
     <span class='ocr_line' id='line_1_5' title="bbox 196 984 1138 1061; baseline -0.014 -1"><span class='ocrx_word' id='word_1_26' title='bbox 196 993 296 1061; x_wconf 91' lang='lat' dir='ltr'>semel</span> <span class='ocrx_word' id='word_1_27' title='bbox 319 998 444 1057; x_wconf 90' lang='lat' dir='ltr'>tantum</span> <span class='ocrx_word' id='word_1_28' title='bbox 468 990 501 1054; x_wconf 91' lang='lat' dir='ltr'>in</span> <span class='ocrx_word' id='word_1_29' title='bbox 524 985 635 1053; x_wconf 90' lang='lat' dir='ltr'>mortis</span> <span class='ocrx_word' id='word_1_30' title='bbox 659 986 794 1052; x_wconf 87' lang='lat' dir='ltr'>articulo</span> <span class='ocrx_word' id='word_1_31' title='bbox 820 984 997 1051; x_wconf 78' lang='lat' dir='ltr'>concedere</span> <span class='ocrx_word' id='word_1_32' title='bbox 1021 985 1138 1051; x_wconf 87' lang='lat' dir='ltr'>valeat.</span> 
     </span>
    </p>

    <p class='ocr_par' dir='ltr' id='par_1_4' title="bbox 302 1088 1533 1164">
     <span class='ocr_line' id='line_1_6' title="bbox 302 1088 1533 1164; baseline -0.007 0"><span class='ocrx_word' id='word_1_33' title='bbox 302 1098 457 1164; x_wconf 86' lang='lat' dir='ltr'>Provenit</span> <span class='ocrx_word' id='word_1_34' title='bbox 480 1114 520 1161; x_wconf 83' lang='lat' dir='ltr'>ex</span> <span class='ocrx_word' id='word_1_35' title='bbox 544 1101 599 1160; x_wconf 88' lang='lat' dir='ltr'>tue</span> <span class='ocrx_word' id='word_1_36' title='bbox 622 1092 803 1159; x_wconf 89' lang='lat' dir='ltr'>devotionis</span> <span class='ocrx_word' id='word_1_37' title='bbox 832 1140 839 1156; x_wconf 94' lang='lat'><em>.</em></span> <span class='ocrx_word' id='word_1_38' title='bbox 869 1141 876 1157; x_wconf 94' lang='lat'><strong>.</strong></span> <span class='ocrx_word' id='word_1_39' title='bbox 907 1140 915 1157; x_wconf 92' lang='lat'><strong>.</strong></span> <span class='ocrx_word' id='word_1_40' title='bbox 962 1092 1038 1156; x_wconf 90' lang='lat' dir='ltr'>Dat.</span> <span class='ocrx_word' id='word_1_41' title='bbox 1061 1092 1156 1156; x_wconf 83' lang='lat' dir='ltr'>Avin.</span> <span class='ocrx_word' id='word_1_42' title='bbox 1178 1091 1211 1154; x_wconf 91' lang='lat' dir='ltr'>ll</span> <span class='ocrx_word' id='word_1_43' title='bbox 1232 1089 1276 1155; x_wconf 88' lang='lat' dir='ltr'>kl.</span> <span class='ocrx_word' id='word_1_44' title='bbox 1301 1088 1480 1155; x_wconf 87' lang='lat' dir='ltr'>decembris</span> <span class='ocrx_word' id='word_1_45' title='bbox 1503 1110 1533 1155; x_wconf 88' lang='lat' dir='ltr'>a.</span> 
     </span>
    </p>
   </div>
   <div class='ocr_carea' id='block_1_4' title="bbox 198 1205 943 1399">
    <p class='ocr_par' dir='ltr' id='par_1_5' title="bbox 198 1205 943 1399">
     <span class='ocr_line' id='line_1_7' title="bbox 198 1205 401 1273; baseline -0.025 0"><span class='ocrx_word' id='word_1_46' title='bbox 198 1205 401 1273; x_wconf 88' lang='lat' dir='ltr'>duodecimo.</span> 
     </span>
     <span class='ocr_line' id='line_1_8' title="bbox 358 1322 943 1399; baseline -0.009 -16"><span class='ocrx_word' id='word_1_47' title='bbox 358 1329 432 1399; x_wconf 79' lang='grc'><strong>1719.</strong></span> <span class='ocrx_word' id='word_1_48' title='bbox 450 1329 489 1382; x_wconf 87' lang='lat'>86</span> <span class='ocrx_word' id='word_1_49' title='bbox 505 1325 530 1396; x_wconf 79' lang='lat' dir='ltr'>f.</span> <span class='ocrx_word' id='word_1_50' title='bbox 550 1330 569 1380; x_wconf 80' lang='lat'><em>4</em></span> <span class='ocrx_word' id='word_1_51' title='bbox 587 1342 635 1379; x_wconf 76' lang='lat' dir='ltr'>rer.</span> <span class='ocrx_word' id='word_1_52' title='bbox 654 1323 732 1379; x_wconf 87' lang='grc'><strong>1009</strong></span> <span class='ocrx_word' id='word_1_53' title='bbox 739 1340 753 1392; x_wconf 88' lang='lat'>,·</span> <span class='ocrx_word' id='word_1_54' title='bbox 779 1323 832 1377; x_wconf 80' lang='lat' dir='ltr'>Re.</span> <span class='ocrx_word' id='word_1_55' title='bbox 851 1322 909 1377; x_wconf 83' lang='grc'>947</span> <span class='ocrx_word' id='word_1_56' title='bbox 915 1340 943 1378; x_wconf 88' lang='lat' dir='ltr'>a.</span> 
     </span>
    </p>
   </div>
   <div class='ocr_carea' id='block_1_5' title="bbox 306 1594 1018 1681">
    <p class='ocr_par' dir='ltr' id='par_1_6' title="bbox 306 1594 1018 1681">
     <span class='ocr_line' id='line_1_9' title="bbox 306 1594 1018 1681; baseline -0.014 -13"><span class='ocrx_word' id='word_1_57' title='bbox 306 1600 429 1668; x_wconf 75' lang='grc'><strong>1337.</strong></span> <span class='ocrx_word' id='word_1_58' title='bbox 455 1599 542 1663; x_wconf 87' lang='grc'><strong>1327</strong></span> <span class='ocrx_word' id='word_1_59' title='bbox 565 1596 752 1663; x_wconf 82' lang='lat' dir='ltr'>November</span> <span class='ocrx_word' id='word_1_60' title='bbox 772 1597 827 1662; x_wconf 95' lang='grc'>30.</span> <span class='ocrx_word' id='word_1_61' title='bbox 853 1594 1018 1681; x_wconf 80' lang='lat' dir='ltr'>Aoiprroo.</span> 
     </span>
    </p>
   </div>
   <div class='ocr_carea' id='block_1_6' title="bbox 198 1736 1623 2473">
    <p class='ocr_par' dir='ltr' id='par_1_7' title="bbox 198 1736 1623 2362">
     <span class='ocr_line' id='line_1_10' title="bbox 306 1736 1534 1825; baseline -0.007 -15"><span class='ocrx_word' id='word_1_62' title='bbox 306 1744 468 1812; x_wconf 88' lang='lat' dir='ltr'>Iohannes</span> <span class='ocrx_word' id='word_1_63' title='bbox 490 1740 590 1806; x_wconf 82' lang='lat' dir='ltr'>XXII</span> <span class='ocrx_word' id='word_1_64' title='bbox 625 1737 870 1825; x_wconf 81' lang='lat' dir='ltr'>archiepiscopo</span> <span class='ocrx_word' id='word_1_65' title='bbox 895 1739 1079 1806; x_wconf 80' lang='lat' dir='ltr'>Coloniensi</span> <span class='ocrx_word' id='word_1_66' title='bbox 1103 1737 1246 1821; x_wconf 86' lang='lat' dir='ltr'>mandat,</span> <span class='ocrx_word' id='word_1_67' title='bbox 1276 1736 1426 1821; x_wconf 82' lang='lat' dir='ltr'>quatinus</span> <span class='ocrx_word' id='word_1_68' title='bbox 1449 1738 1534 1803; x_wconf 90' lang='lat' dir='ltr'>Hen-</span> 
     </span>
     <span class='ocr_line' id='line_1_11' title="bbox 199 1844 1535 1930; baseline -0.01 -9"><span class='ocrx_word' id='word_1_69' title='bbox 199 1856 267 1921; x_wconf 90' lang='lat' dir='ltr'>rieo</span> <span class='ocrx_word' id='word_1_70' title='bbox 290 1853 379 1918; x_wconf 91' lang='lat' dir='ltr'>dicto</span> <span class='ocrx_word' id='word_1_71' title='bbox 400 1847 657 1916; x_wconf 87' lang='lat' dir='ltr'>Vertichimarck</span> <span class='ocrx_word' id='word_1_72' title='bbox 681 1845 723 1912; x_wconf 95' lang='lat' dir='ltr'>de</span> <span class='ocrx_word' id='word_1_73' title='bbox 747 1847 898 1930; x_wconf 82' lang='lat' dir='ltr'>Dusborg</span> <span class='ocrx_word' id='word_1_74' title='bbox 922 1847 1040 1912; x_wconf 86' lang='lat' dir='ltr'>clerieo</span> <span class='ocrx_word' id='word_1_75' title='bbox 1060 1845 1242 1913; x_wconf 86' lang='lat' dir='ltr'>Coloniensi</span> <span class='ocrx_word' id='word_1_76' title='bbox 1266 1844 1412 1911; x_wconf 88' lang='lat' dir='ltr'>conferat</span> <span class='ocrx_word' id='word_1_77' title='bbox 1435 1844 1535 1910; x_wconf 89' lang='lat' dir='ltr'>eccle-</span> 
     </span>
     <span class='ocr_line' id='line_1_12' title="bbox 199 1951 1535 2045; baseline -0.009 -17"><span class='ocrx_word' id='word_1_78' title='bbox 199 1963 279 2028; x_wconf 90' lang='lat' dir='ltr'>siam</span> <span class='ocrx_word' id='word_1_79' title='bbox 311 1956 546 2045; x_wconf 83' lang='lat' dir='ltr'>parrochialem</span> <span class='ocrx_word' id='word_1_80' title='bbox 576 1954 608 2020; x_wconf 88' lang='lat' dir='ltr'>in</span> <span class='ocrx_word' id='word_1_81' title='bbox 634 1954 749 2021; x_wconf 88' lang='lat' dir='ltr'>Wanle</span> <span class='ocrx_word' id='word_1_82' title='bbox 779 1952 866 2020; x_wconf 90' lang='lat' dir='ltr'>dicte</span> <span class='ocrx_word' id='word_1_83' title='bbox 890 1954 975 2020; x_wconf 89' lang='lat' dir='ltr'>dioc.</span> <span class='ocrx_word' id='word_1_84' title='bbox 1005 1959 1173 2021; x_wconf 87' lang='lat' dir='ltr'>vacantem</span> <span class='ocrx_word' id='word_1_85' title='bbox 1198 1974 1239 2019; x_wconf 84' lang='lat' dir='ltr'>ex</span> <span class='ocrx_word' id='word_1_86' title='bbox 1263 1973 1312 2037; x_wconf 90' lang='lat' dir='ltr'>eo,</span> <span class='ocrx_word' id='word_1_87' title='bbox 1345 1951 1431 2035; x_wconf 89' lang='lat' dir='ltr'>qnod</span> <span class='ocrx_word' id='word_1_88' title='bbox 1455 1952 1535 2018; x_wconf 80' lang='lat' dir='ltr'>Gon·</span> 
     </span>
     <span class='ocr_line' id='line_1_13' title="bbox 198 2058 1623 2145; baseline -0.008 -10"><span class='ocrx_word' id='word_1_89' title='bbox 198 2068 359 2135; x_wconf 90' lang='lat' dir='ltr'>stantinus</span> <span class='ocrx_word' id='word_1_90' title='bbox 382 2063 423 2131; x_wconf 88' lang='lat' dir='ltr'>de</span> <span class='ocrx_word' id='word_1_91' title='bbox 439 2064 546 2130; x_wconf 84' lang='lat' dir='ltr'>Gornu</span> <span class='ocrx_word' id='word_1_92' title='bbox 562 2060 637 2127; x_wconf 91' lang='lat' dir='ltr'>olim</span> <span class='ocrx_word' id='word_1_93' title='bbox 655 2060 798 2129; x_wconf 89' lang='lat' dir='ltr'>eiusdem</span> <span class='ocrx_word' id='word_1_94' title='bbox 824 2068 940 2143; x_wconf 87' lang='lat' dir='ltr'>rector,</span> <span class='ocrx_word' id='word_1_95' title='bbox 965 2062 1020 2145; x_wconf 87' lang='lat' dir='ltr'>qui</span> <span class='ocrx_word' id='word_1_96' title='bbox 1044 2060 1085 2127; x_wconf 92' lang='lat' dir='ltr'>de</span> <span class='ocrx_word' id='word_1_97' title='bbox 1108 2061 1197 2127; x_wconf 89' lang='lat' dir='ltr'>iacto</span> <span class='ocrx_word' id='word_1_98' title='bbox 1222 2059 1340 2127; x_wconf 90' lang='lat' dir='ltr'>dictam</span> <span class='ocrx_word' id='word_1_99' title='bbox 1366 2058 1535 2126; x_wconf 91' lang='lat' dir='ltr'>eeclesiam</span> <span class='ocrx_word' id='word_1_100' title='bbox 1620 2086 1623 2093; x_wconf 47' lang='lat'><strong>⁴</strong></span> 
     </span>
     <span class='ocr_line' id='line_1_14' title="bbox 199 2164 1536 2258; baseline -0.007 -17"><span class='ocrx_word' id='word_1_101' title='bbox 199 2174 324 2241; x_wconf 81' lang='lat' dir='ltr'>detinet</span> <span class='ocrx_word' id='word_1_102' title='bbox 356 2178 558 2258; x_wconf 82' lang='lat' dir='ltr'>occupatam,</span> <span class='ocrx_word' id='word_1_103' title='bbox 592 2190 628 2236; x_wconf 89' lang='lat' dir='ltr'>se</span> <span class='ocrx_word' id='word_1_104' title='bbox 659 2188 723 2234; x_wconf 93' lang='lat' dir='ltr'>non</span> <span class='ocrx_word' id='word_1_105' title='bbox 756 2169 837 2233; x_wconf 87' lang='lat' dir='ltr'>fecit</span> <span class='ocrx_word' id='word_1_106' title='bbox 868 2168 954 2234; x_wconf 81' lang='lat' dir='ltr'>infra</span> <span class='ocrx_word' id='word_1_107' title='bbox 979 2175 1105 2255; x_wconf 91' lang='lat' dir='ltr'>tempus</span> <span class='ocrx_word' id='word_1_108' title='bbox 1130 2168 1272 2234; x_wconf 92' lang='lat' dir='ltr'>debitum</span> <span class='ocrx_word' id='word_1_109' title='bbox 1295 2168 1380 2234; x_wconf 87' lang='lat' dir='ltr'>iusto</span> <span class='ocrx_word' id='word_1_110' title='bbox 1403 2164 1536 2252; x_wconf 92' lang='lat' dir='ltr'>impedi·</span> 
     </span>
     <span class='ocr_line' id='line_1_15' title="bbox 200 2274 1001 2362; baseline -0.011 -13"><span class='ocrx_word' id='word_1_111' title='bbox 200 2289 308 2348; x_wconf 90' lang='lat' dir='ltr'>mento</span> <span class='ocrx_word' id='word_1_112' title='bbox 332 2284 479 2345; x_wconf 86' lang='lat' dir='ltr'>cessante</span> <span class='ocrx_word' id='word_1_113' title='bbox 503 2276 545 2342; x_wconf 90' lang='lat' dir='ltr'>ad</span> <span class='ocrx_word' id='word_1_114' title='bbox 568 2274 785 2343; x_wconf 87' lang='lat' dir='ltr'>sacerdotium</span> <span class='ocrx_word' id='word_1_115' title='bbox 809 2275 1001 2362; x_wconf 86' lang='lat' dir='ltr'>promoveri.</span> 
     </span>
    </p>

    <p class='ocr_par' dir='ltr' id='par_1_8' title="bbox 308 2379 1535 2473">
     <span class='ocr_line' id='line_1_16' title="bbox 308 2379 1535 2473; baseline -0.005 -20"><span class='ocrx_word' id='word_1_116' title='bbox 308 2388 432 2453; x_wconf 83' lang='lat' dir='ltr'>Meritis</span> <span class='ocrx_word' id='word_1_117' title='bbox 455 2386 625 2473; x_wconf 87' lang='lat' dir='ltr'>probitatis</span> <span class='ocrx_word' id='word_1_118' title='bbox 648 2383 831 2450; x_wconf 90' lang='lat' dir='ltr'>dilecti...</span> <span class='ocrx_word' id='word_1_119' title='bbox 871 2384 948 2450; x_wconf 90' lang='lat' dir='ltr'>Dat.</span> <span class='ocrx_word' id='word_1_120' title='bbox 966 2384 1060 2449; x_wconf 83' lang='lat' dir='ltr'>Avin.</span> <span class='ocrx_word' id='word_1_121' title='bbox 1078 2385 1111 2450; x_wconf 97' lang='lat' dir='ltr'>II</span> <span class='ocrx_word' id='word_1_122' title='bbox 1133 2383 1178 2449; x_wconf 86' lang='lat' dir='ltr'>kl.</span> <span class='ocrx_word' id='word_1_123' title='bbox 1203 2381 1382 2449; x_wconf 90' lang='lat' dir='ltr'>decembris</span> <span class='ocrx_word' id='word_1_124' title='bbox 1406 2402 1435 2447; x_wconf 89' lang='lat' dir='ltr'>a.</span> <span class='ocrx_word' id='word_1_125' title='bbox 1460 2379 1535 2447; x_wconf 90' lang='lat' dir='ltr'>duo·</span> 
     </span>
    </p>
   </div>
   <div class='ocr_carea' id='block_1_7' title="bbox 201 2495 740 2671">
    <p class='ocr_par' dir='ltr' id='par_1_9' title="bbox 201 2495 740 2671">
     <span class='ocr_line' id='line_1_17' title="bbox 201 2495 337 2563; baseline -0.015 0"><span class='ocrx_word' id='word_1_126' title='bbox 201 2495 337 2563; x_wconf 90' lang='lat' dir='ltr'>decimo.</span> 
     </span>
     <span class='ocr_line' id='line_1_18' title="bbox 364 2599 740 2671; baseline -0.008 -15"><span class='ocrx_word' id='word_1_127' title='bbox 364 2602 437 2671; x_wconf 74' lang='lat' dir='ltr'>Rep.</span> <span class='ocrx_word' id='word_1_128' title='bbox 457 2601 495 2655; x_wconf 81' lang='lat'>86</span> <span class='ocrx_word' id='word_1_129' title='bbox 510 2599 536 2670; x_wconf 74' lang='lat' dir='ltr'>f.</span> <span class='ocrx_word' id='word_1_130' title='bbox 555 2600 575 2652; x_wconf 85' lang='grc'><strong>0</strong></span> <span class='ocrx_word' id='word_1_131' title='bbox 593 2614 641 2654; x_wconf 83' lang='lat' dir='ltr'>nr.</span> <span class='ocrx_word' id='word_1_132' title='bbox 660 2600 740 2655; x_wconf 90' lang='grc'><strong>1017.</strong></span> 
     </span>
    </p>
   </div>
   <div class='ocr_carea' id='block_1_8' title="bbox 308 2889 1040 2977">
    <p class='ocr_par' dir='ltr' id='par_1_10' title="bbox 308 2889 1040 2977">
     <span class='ocr_line' id='line_1_19' title="bbox 308 2889 1040 2977; baseline -0.008 -16"><span class='ocrx_word' id='word_1_133' title='bbox 308 2894 433 2961; x_wconf 84' lang='grc'><strong>1338.</strong></span> <span class='ocrx_word' id='word_1_134' title='bbox 460 2898 546 2960; x_wconf 83' lang='grc'><strong>1326</strong></span> <span class='ocrx_word' id='word_1_135' title='bbox 569 2892 757 2959; x_wconf 88' lang='lat' dir='ltr'>November</span> <span class='ocrx_word' id='word_1_136' title='bbox 778 2890 833 2956; x_wconf 90' lang='grc'>30.</span> <span class='ocrx_word' id='word_1_137' title='bbox 874 2889 1040 2977; x_wconf 77' lang='lat' dir='ltr'>Aoiprroo.</span> 
     </span>
    </p>
   </div>
   <div class='ocr_carea' id='block_1_9' title="bbox 201 3032 1539 4514">
    <p class='ocr_par' dir='ltr' id='par_1_11' title="bbox 201 3032 1539 3871">
     <span class='ocr_line' id='line_1_20' title="bbox 305 3032 1536 3121; baseline 0 -19"><span class='ocrx_word' id='word_1_138' title='bbox 305 3036 467 3105; x_wconf 87' lang='lat' dir='ltr'>Iohannes</span> <span class='ocrx_word' id='word_1_139' title='bbox 502 3037 601 3103; x_wconf 87' lang='lat' dir='ltr'>XXll</span> <span class='ocrx_word' id='word_1_140' title='bbox 638 3034 772 3102; x_wconf 88' lang='lat' dir='ltr'>Iohanni</span> <span class='ocrx_word' id='word_1_141' title='bbox 808 3032 850 3099; x_wconf 93' lang='lat' dir='ltr'>de</span> <span class='ocrx_word' id='word_1_142' title='bbox 884 3034 1016 3101; x_wconf 87' lang='lat' dir='ltr'>Straten</span> <span class='ocrx_word' id='word_1_143' title='bbox 1052 3034 1206 3102; x_wconf 89' lang='lat' dir='ltr'>canonico</span> <span class='ocrx_word' id='word_1_144' title='bbox 1244 3035 1324 3103; x_wconf 89' lang='grc'><strong>1111.</strong></span> <span class='ocrx_word' id='word_1_145' title='bbox 1359 3036 1536 3121; x_wconf 87' lang='lat' dir='ltr'>Reysensis</span> 
     </span>
     <span class='ocr_line' id='line_1_21' title="bbox 201 3142 1537 3213; baseline -0.001 -3"><span class='ocrx_word' id='word_1_146' title='bbox 201 3143 311 3210; x_wconf 74' lang='lat' dir='ltr'>colon</span> <span class='ocrx_word' id='word_1_147' title='bbox 329 3144 414 3212; x_wconf 91' lang='lat' dir='ltr'>dioc.</span> <span class='ocrx_word' id='word_1_148' title='bbox 438 3150 582 3213; x_wconf 83' lang='lat' dir='ltr'>reservat</span> <span class='ocrx_word' id='word_1_149' title='bbox 604 3142 795 3209; x_wconf 87' lang='lat' dir='ltr'>heneficium</span> <span class='ocrx_word' id='word_1_150' title='bbox 818 3142 1072 3207; x_wconf 87' lang='lat' dir='ltr'>ecclesiasticum</span> <span class='ocrx_word' id='word_1_151' title='bbox 1096 3161 1166 3208; x_wconf 93' lang='lat' dir='ltr'>cum</span> <span class='ocrx_word' id='word_1_152' title='bbox 1192 3162 1269 3209; x_wconf 91' lang='lat' dir='ltr'>eura</span> <span class='ocrx_word' id='word_1_153' title='bbox 1293 3145 1344 3209; x_wconf 87' lang='grc'>111</span> <span class='ocrx_word' id='word_1_154' title='bbox 1367 3146 1436 3209; x_wconf 90' lang='lat' dir='ltr'>sine</span> <span class='ocrx_word' id='word_1_155' title='bbox 1459 3163 1537 3210; x_wconf 90' lang='lat' dir='ltr'>cura</span> 
     </span>
     <span class='ocr_line' id='line_1_22' title="bbox 201 3247 1536 3338; baseline -0.002 -20"><span class='ocrx_word' id='word_1_156' title='bbox 201 3258 353 3337; x_wconf 84' lang='lat' dir='ltr'>spectans</span> <span class='ocrx_word' id='word_1_157' title='bbox 385 3251 427 3317; x_wconf 84' lang='lat' dir='ltr'>ad</span> <span class='ocrx_word' id='word_1_158' title='bbox 460 3250 703 3338; x_wconf 86' lang='lat' dir='ltr'>dispositionem</span> <span class='ocrx_word' id='word_1_159' title='bbox 737 3247 853 3314; x_wconf 88' lang='lat' dir='ltr'>decani</span> <span class='ocrx_word' id='word_1_160' title='bbox 886 3255 920 3314; x_wconf 88' lang='lat' dir='ltr'>et</span> <span class='ocrx_word' id='word_1_161' title='bbox 953 3250 1086 3333; x_wconf 92' lang='lat' dir='ltr'>capituli</span> <span class='ocrx_word' id='word_1_162' title='bbox 1116 3250 1195 3315; x_wconf 93' lang='lat' dir='ltr'>eccl.</span> <span class='ocrx_word' id='word_1_163' title='bbox 1227 3250 1285 3317; x_wconf 89' lang='grc'>88.</span> <span class='ocrx_word' id='word_1_164' title='bbox 1311 3250 1536 3337; x_wconf 85' lang='lat' dir='ltr'>Apostolorum</span> 
     </span>
     <span class='ocr_line' id='line_1_23' title="bbox 201 3354 1537 3442; baseline -0.003 -17"><span class='ocrx_word' id='word_1_165' title='bbox 201 3358 313 3425; x_wconf 82' lang='lat' dir='ltr'>Oolon.</span> <span class='ocrx_word' id='word_1_166' title='bbox 338 3360 548 3425; x_wconf 89' lang='lat' dir='ltr'>communiter</span> <span class='ocrx_word' id='word_1_167' title='bbox 571 3357 622 3423; x_wconf 87' lang='lat' dir='ltr'>vel</span> <span class='ocrx_word' id='word_1_168' title='bbox 655 3354 793 3431; x_wconf 85' lang='lat' dir='ltr'>divisim,</span> <span class='ocrx_word' id='word_1_169' title='bbox 828 3356 919 3420; x_wconf 90' lang='lat' dir='ltr'>cuius</span> <span class='ocrx_word' id='word_1_170' title='bbox 951 3354 1085 3437; x_wconf 88' lang='lat' dir='ltr'>fructus,</span> <span class='ocrx_word' id='word_1_171' title='bbox 1119 3357 1146 3422; x_wconf 89' lang='lat' dir='ltr'>si</span> <span class='ocrx_word' id='word_1_172' title='bbox 1171 3364 1325 3440; x_wconf 89' lang='lat' dir='ltr'>curatum,</span> <span class='ocrx_word' id='word_1_173' title='bbox 1359 3357 1485 3442; x_wconf 87' lang='lat' dir='ltr'>viginti,</span> <span class='ocrx_word' id='word_1_174' title='bbox 1509 3357 1537 3423; x_wconf 92' lang='lat' dir='ltr'>si</span> 
     </span>
     <span class='ocr_line' id='line_1_24' title="bbox 202 3461 1537 3547; baseline 0 -17"><span class='ocrx_word' id='word_1_175' title='bbox 202 3486 278 3531; x_wconf 88' lang='lat' dir='ltr'>vero</span> <span class='ocrx_word' id='word_1_176' title='bbox 311 3464 381 3532; x_wconf 86' lang='lat' dir='ltr'>siue</span> <span class='ocrx_word' id='word_1_177' title='bbox 414 3485 491 3532; x_wconf 88' lang='lat' dir='ltr'>cora</span> <span class='ocrx_word' id='word_1_178' title='bbox 523 3464 630 3547; x_wconf 88' lang='lat' dir='ltr'>fuerit,</span> <span class='ocrx_word' id='word_1_179' title='bbox 667 3461 850 3547; x_wconf 91' lang='lat' dir='ltr'>quindecim</span> <span class='ocrx_word' id='word_1_180' title='bbox 875 3463 1075 3528; x_wconf 88' lang='lat' dir='ltr'>marcharum</span> <span class='ocrx_word' id='word_1_181' title='bbox 1106 3465 1231 3547; x_wconf 81' lang='lat' dir='ltr'>argenti</span> <span class='ocrx_word' id='word_1_182' title='bbox 1255 3485 1280 3531; x_wconf 90' lang='lat' dir='ltr'>s.</span> <span class='ocrx_word' id='word_1_183' title='bbox 1299 3472 1321 3530; x_wconf 94' lang='lat' dir='ltr'>t.</span> <span class='ocrx_word' id='word_1_184' title='bbox 1340 3463 1372 3531; x_wconf 90' lang='lat' dir='ltr'>d.</span> <span class='ocrx_word' id='word_1_185' title='bbox 1397 3466 1537 3530; x_wconf 90' lang='lat' dir='ltr'>valorem</span> 
     </span>
     <span class='ocr_line' id='line_1_25' title="bbox 202 3568 1538 3658; baseline 0 -21"><span class='ocrx_word' id='word_1_186' title='bbox 202 3592 340 3637; x_wconf 88' lang='lat' dir='ltr'>annuum</span> <span class='ocrx_word' id='word_1_187' title='bbox 365 3591 429 3638; x_wconf 92' lang='lat' dir='ltr'>non</span> <span class='ocrx_word' id='word_1_188' title='bbox 452 3570 623 3654; x_wconf 80' lang='lat' dir='ltr'>excedant,</span> <span class='ocrx_word' id='word_1_189' title='bbox 647 3592 711 3637; x_wconf 89' lang='lat' dir='ltr'>non</span> <span class='ocrx_word' id='word_1_190' title='bbox 726 3570 929 3635; x_wconf 88' lang='lat' dir='ltr'>obstantibus</span> <span class='ocrx_word' id='word_1_191' title='bbox 944 3568 1030 3653; x_wconf 90' lang='lat' dir='ltr'>quod</span> <span class='ocrx_word' id='word_1_192' title='bbox 1053 3570 1276 3637; x_wconf 88' lang='lat' dir='ltr'>canonicatum</span> <span class='ocrx_word' id='word_1_193' title='bbox 1294 3579 1328 3637; x_wconf 90' lang='lat' dir='ltr'>et</span> <span class='ocrx_word' id='word_1_194' title='bbox 1343 3571 1538 3658; x_wconf 90' lang='lat' dir='ltr'>prebendam</span> 
     </span>
     <span class='ocr_line' id='line_1_26' title="bbox 202 3675 1539 3764; baseline 0.001 -20"><span class='ocrx_word' id='word_1_195' title='bbox 202 3678 234 3743; x_wconf 92' lang='lat' dir='ltr'>in</span> <span class='ocrx_word' id='word_1_196' title='bbox 257 3679 339 3745; x_wconf 92' lang='lat' dir='ltr'>eccl.</span> <span class='ocrx_word' id='word_1_197' title='bbox 363 3678 522 3764; x_wconf 84' lang='lat' dir='ltr'>Reysensi</span> <span class='ocrx_word' id='word_1_198' title='bbox 546 3680 671 3744; x_wconf 91' lang='lat' dir='ltr'>obtinet</span> <span class='ocrx_word' id='word_1_199' title='bbox 702 3685 759 3743; x_wconf 91' lang='lat' dir='ltr'>aut</span> <span class='ocrx_word' id='word_1_200' title='bbox 782 3675 868 3760; x_wconf 87' lang='lat' dir='ltr'>qnod</span> <span class='ocrx_word' id='word_1_201' title='bbox 892 3679 1015 3762; x_wconf 89' lang='lat' dir='ltr'>patitur</span> <span class='ocrx_word' id='word_1_202' title='bbox 1043 3676 1077 3742; x_wconf 92' lang='lat' dir='ltr'>in</span> <span class='ocrx_word' id='word_1_203' title='bbox 1101 3684 1188 3745; x_wconf 88' lang='lat' dir='ltr'>etate</span> <span class='ocrx_word' id='word_1_204' title='bbox 1212 3678 1373 3746; x_wconf 89' lang='lat' dir='ltr'>defectum</span> <span class='ocrx_word' id='word_1_205' title='bbox 1398 3680 1430 3745; x_wconf 95' lang='lat' dir='ltr'>in</span> <span class='ocrx_word' id='word_1_206' title='bbox 1454 3680 1539 3745; x_wconf 89' lang='lat' dir='ltr'>rice·</span> 
     </span>
     <span class='ocr_line' id='line_1_27' title="bbox 202 3784 1243 3871; baseline 0.001 -21"><span class='ocrx_word' id='word_1_207' title='bbox 202 3784 283 3851; x_wconf 91' lang='lat' dir='ltr'>simo</span> <span class='ocrx_word' id='word_1_208' title='bbox 305 3786 409 3871; x_wconf 90' lang='lat' dir='ltr'>primo</span> <span class='ocrx_word' id='word_1_209' title='bbox 433 3785 530 3852; x_wconf 87' lang='lat' dir='ltr'>etatis</span> <span class='ocrx_word' id='word_1_210' title='bbox 553 3804 610 3851; x_wconf 91' lang='lat' dir='ltr'>sue</span> <span class='ocrx_word' id='word_1_211' title='bbox 634 3806 718 3851; x_wconf 83' lang='lat' dir='ltr'>anno</span> <span class='ocrx_word' id='word_1_212' title='bbox 741 3785 794 3850; x_wconf 85' lang='lat' dir='ltr'>rel</span> <span class='ocrx_word' id='word_1_213' title='bbox 817 3785 905 3849; x_wconf 87' lang='lat' dir='ltr'>circa</span> <span class='ocrx_word' id='word_1_214' title='bbox 928 3784 1017 3849; x_wconf 92' lang='lat' dir='ltr'>illnm</span> <span class='ocrx_word' id='word_1_215' title='bbox 1042 3786 1243 3851; x_wconf 89' lang='lat' dir='ltr'>constitutus.</span> 
     </span>
    </p>

    <p class='ocr_par' dir='ltr' id='par_1_12' title="bbox 203 3890 1538 4067">
     <span class='ocr_line' id='line_1_28' title="bbox 309 3890 1538 3975; baseline 0 -18"><span class='ocrx_word' id='word_1_216' title='bbox 309 3891 491 3960; x_wconf 87' lang='lat' dir='ltr'>Laudabile</span> <span class='ocrx_word' id='word_1_217' title='bbox 514 3892 730 3959; x_wconf 90' lang='lat' dir='ltr'>testimonium</span> <span class='ocrx_word' id='word_1_218' title='bbox 756 3891 841 3975; x_wconf 92' lang='lat' dir='ltr'>quod</span> <span class='ocrx_word' id='word_1_219' title='bbox 870 3940 878 3957; x_wconf 89' lang='lat'><strong><em>.</em></strong></span> <span class='ocrx_word' id='word_1_220' title='bbox 908 3940 916 3957; x_wconf 93' lang='lat'><strong>.</strong></span> <span class='ocrx_word' id='word_1_221' title='bbox 946 3940 954 3955; x_wconf 90' lang='lat'><strong><em>.</em></strong></span> <span class='ocrx_word' id='word_1_222' title='bbox 1006 3890 1082 3958; x_wconf 89' lang='lat' dir='ltr'>Dat.</span> <span class='ocrx_word' id='word_1_223' title='bbox 1111 3893 1204 3958; x_wconf 85' lang='lat' dir='ltr'>Arin.</span> <span class='ocrx_word' id='word_1_224' title='bbox 1234 3893 1277 3958; x_wconf 83' lang='lat' dir='ltr'>lrl.</span> <span class='ocrx_word' id='word_1_225' title='bbox 1305 3892 1485 3960; x_wconf 86' lang='lat' dir='ltr'>decembris</span> <span class='ocrx_word' id='word_1_226' title='bbox 1508 3915 1538 3961; x_wconf 90' lang='lat' dir='ltr'>a.</span> 
     </span>
     <span class='ocr_line' id='line_1_29' title="bbox 203 3998 404 4067; baseline 0 -2"><span class='ocrx_word' id='word_1_227' title='bbox 203 3998 404 4067; x_wconf 88' lang='lat' dir='ltr'>duodecimo.</span> 
     </span>
    </p>

    <p class='ocr_par' dir='ltr' id='par_1_13' title="bbox 203 4106 1539 4408">
     <span class='ocr_line' id='line_1_30' title="bbox 309 4106 1539 4194; baseline 0.002 -22"><span class='ocrx_word' id='word_1_228' title='bbox 309 4108 348 4172; x_wconf 88' lang='lat' dir='ltr'>In</span> <span class='ocrx_word' id='word_1_229' title='bbox 373 4128 401 4174; x_wconf 93' lang='lat' dir='ltr'>e.</span> <span class='ocrx_word' id='word_1_230' title='bbox 418 4129 459 4174; x_wconf 91' lang='lat' dir='ltr'>m.</span> <span class='ocrx_word' id='word_1_231' title='bbox 483 4107 676 4194; x_wconf 85' lang='lat' dir='ltr'>Reyssensis</span> <span class='ocrx_word' id='word_1_232' title='bbox 699 4107 808 4174; x_wconf 84' lang='lat' dir='ltr'>Golon.</span> <span class='ocrx_word' id='word_1_233' title='bbox 833 4115 867 4173; x_wconf 92' lang='lat' dir='ltr'>et</span> <span class='ocrx_word' id='word_1_234' title='bbox 889 4107 1106 4174; x_wconf 86' lang='lat' dir='ltr'>Emhrieensis</span> <span class='ocrx_word' id='word_1_235' title='bbox 1131 4108 1272 4174; x_wconf 85' lang='lat' dir='ltr'>Traiect.</span> <span class='ocrx_word' id='word_1_236' title='bbox 1297 4106 1382 4174; x_wconf 91' lang='lat' dir='ltr'>dioc.</span> <span class='ocrx_word' id='word_1_237' title='bbox 1406 4107 1539 4175; x_wconf 90' lang='lat' dir='ltr'>decanis</span> 
     </span>
     <span class='ocr_line' id='line_1_31' title="bbox 203 4214 1539 4303; baseline 0.001 -23"><span class='ocrx_word' id='word_1_238' title='bbox 203 4234 243 4280; x_wconf 90' lang='lat' dir='ltr'>ac</span> <span class='ocrx_word' id='word_1_239' title='bbox 272 4216 428 4299; x_wconf 83' lang='lat' dir='ltr'>magistro</span> <span class='ocrx_word' id='word_1_240' title='bbox 452 4216 572 4282; x_wconf 91' lang='lat' dir='ltr'>lacoho</span> <span class='ocrx_word' id='word_1_241' title='bbox 602 4215 644 4281; x_wconf 93' lang='lat' dir='ltr'>de</span> <span class='ocrx_word' id='word_1_242' title='bbox 667 4214 791 4282; x_wconf 88' lang='lat' dir='ltr'>Mutina</span> <span class='ocrx_word' id='word_1_243' title='bbox 820 4218 974 4281; x_wconf 88' lang='lat' dir='ltr'>canonico</span> <span class='ocrx_word' id='word_1_244' title='bbox 999 4215 1241 4283; x_wconf 81' lang='lat' dir='ltr'>Cameracensis</span> <span class='ocrx_word' id='word_1_245' title='bbox 1265 4216 1345 4283; x_wconf 89' lang='lat' dir='ltr'>eccl.</span> <span class='ocrx_word' id='word_1_246' title='bbox 1370 4216 1539 4303; x_wconf 88' lang='lat' dir='ltr'>capellano</span> 
     </span>
     <span class='ocr_line' id='line_1_32' title="bbox 203 4320 326 4408; baseline -0.008 -20"><span class='ocrx_word' id='word_1_247' title='bbox 203 4320 326 4408; x_wconf 87' lang='lat' dir='ltr'>papali.</span> 
     </span>
    </p>

    <p class='ocr_par' dir='ltr' id='par_1_14' title="bbox 360 4442 761 4514">
     <span class='ocr_line' id='line_1_33' title="bbox 360 4442 761 4514; baseline 0 -16"><span class='ocrx_word' id='word_1_248' title='bbox 360 4443 433 4514; x_wconf 73' lang='lat' dir='ltr'>Rep.</span> <span class='ocrx_word' id='word_1_249' title='bbox 452 4444 491 4497; x_wconf 83' lang='grc'>86</span> <span class='ocrx_word' id='word_1_250' title='bbox 507 4442 532 4513; x_wconf 82' lang='lat' dir='ltr'>f.</span> <span class='ocrx_word' id='word_1_251' title='bbox 550 4443 615 4498; x_wconf 74' lang='lat'>251¹</span> <span class='ocrx_word' id='word_1_252' title='bbox 632 4458 680 4498; x_wconf 83' lang='lat' dir='ltr'>ar.</span> <span class='ocrx_word' id='word_1_253' title='bbox 700 4444 761 4499; x_wconf 87' lang='grc'><strong>711.</strong></span> 
     </span>
    </p>
   </div>
   <div class='ocr_carea' id='block_1_10' title="bbox 309 4698 1539 4917">
    <p class='ocr_par' dir='ltr' id='par_1_15' title="bbox 309 4698 1539 4917">
     <span class='ocr_line' id='line_1_34' title="bbox 309 4698 1043 4789; baseline 0.001 -23"><span class='ocrx_word' id='word_1_254' title='bbox 309 4698 435 4767; x_wconf 77' lang='grc'><strong>1333.</strong></span> <span class='ocrx_word' id='word_1_255' title='bbox 467 4701 553 4769; x_wconf 83' lang='grc'><strong>1327</strong></span> <span class='ocrx_word' id='word_1_256' title='bbox 576 4698 764 4767; x_wconf 83' lang='lat' dir='ltr'>November</span> <span class='ocrx_word' id='word_1_257' title='bbox 785 4700 840 4768; x_wconf 90' lang='grc'>30.</span> <span class='ocrx_word' id='word_1_258' title='bbox 877 4699 1043 4789; x_wconf 80' lang='lat' dir='ltr'>Avipooo.</span> 
     </span>
     <span class='ocr_line' id='line_1_35' title="bbox 312 4824 1539 4917; baseline 0.005 -24"><span class='ocrx_word' id='word_1_259' title='bbox 312 4824 474 4896; x_wconf 85' lang='lat' dir='ltr'>Iohannes</span> <span class='ocrx_word' id='word_1_260' title='bbox 497 4826 597 4895; x_wconf 83' lang='lat' dir='ltr'>XXII</span> <span class='ocrx_word' id='word_1_261' title='bbox 631 4826 797 4896; x_wconf 84' lang='lat' dir='ltr'>Ererardo</span> <span class='ocrx_word' id='word_1_262' title='bbox 824 4825 913 4895; x_wconf 87' lang='lat' dir='ltr'>dicto</span> <span class='ocrx_word' id='word_1_263' title='bbox 943 4826 1119 4917; x_wconf 85' lang='lat' dir='ltr'>Hugedorn</span> <span class='ocrx_word' id='word_1_264' title='bbox 1148 4824 1304 4898; x_wconf 88' lang='lat' dir='ltr'>canonico</span> <span class='ocrx_word' id='word_1_265' title='bbox 1327 4824 1407 4899; x_wconf 84' lang='grc'><strong>1111.</strong></span> <span class='ocrx_word' id='word_1_266' title='bbox 1432 4828 1539 4899; x_wconf 85' lang='lat' dir='ltr'>Xanc·</span> 
     </span>
    </p>
   </div>
   <div class='ocr_carea' id='block_1_11' title="bbox 0 0 1835 5509">
    <p class='ocr_par' dir='ltr' id='par_1_16' title="bbox 0 0 1835 5509">
     <span class='ocr_line' id='line_1_36' title="bbox 0 0 1835 5509; baseline 0 0"><span class='ocrx_word' id='word_1_267' title='bbox 0 0 1835 5509; x_wconf 95' lang='lat' dir='ltr'> </span> 
     </span>
    </p>
   </div>
  </div>
 </body>
</html>
