3642 5509
743 495 812 552 1321
830 495 949 551 Januar
967 495 1011 550 23.
1505 497 1523 552 5

186 672 369 759 Scripserat
392 675 475 742 enim
500 675 636 742 nobis..
671 675 822 742 Albertus
850 675 917 741 dux
941 676 1071 742 Austris
1099 695 1134 743 se
1157 696 1221 742 una
1244 696 1315 742 cum
1340 677 1439 744 fratre
1463 697 1521 744 suo

185 783 319 848 nuncios
353 783 385 847 11
422 781 534 848 eodem
571 783 706 848 termino
742 782 1009 849 transmissumm.
1056 783 1124 851 Nos
1156 783 1253 849 etiam
1286 785 1437 850 miramur
1463 782 1521 850 ad·

185 887 325 974 modum,
359 889 444 973 quod
479 890 624 976 prefatus
654 911 712 956 rex
735 889 838 958 nullos
863 889 992 955 duxerit
1014 891 1148 956 nuncios
1172 889 1391 957 destinandos.
1438 889 1521 956 Peti-

186 995 288 1061 tiones
320 1004 429 1062 autem
461 1016 519 1083 pro
551 1003 645 1083 parte
678 1004 734 1063 tua
763 996 856 1064 nobis
879 997 1015 1078 oblatas,
1049 1003 1201 1080 quantum
1225 996 1401 1063 secundum
1425 997 1520 1063 deum

186 1103 358 1187 potuimus,
391 1102 433 1169 ad
463 1102 680 1171 exauditionis
703 1104 841 1190 gratiam
866 1103 1015 1170 duximus
1042 1103 1268 1170 favorabiliter
1290 1102 1519 1171 admittendas.

185 1209 261 1276 Dat.
285 1211 380 1277 Avin.
406 1209 487 1276 XVI
510 1211 557 1277 kl.
581 1211 736 1278 februarii
760 1233 790 1278 a.
815 1210 994 1278 undecimo.

333 1334 407 1407 111.
426 1338 480 1391 114
497 1335 526 1408 f.
545 1339 651 1392 4111.
671 1337 737 1393 aar.

292 1607 402 1674 1117.
439 1610 526 1675 1327
549 1607 958 1698 ,1111112111119111

290 1749 450 1818 Iohannes
472 1752 573 1818 XXII
607 1746 747 1819 Henrico
771 1753 1016 1839 archiepiscopo
1041 1753 1235 1821 Coloniensi.

288 1857 350 1925 Per
373 1857 498 1926 litteras
521 1867 575 1926 tue
602 1859 816 1926 fraternitatis
843 1866 990 1945 accepto,
1020 1859 1106 1943 quod
1121 1909 1151 1925 ..
1175 1858 1342 1926 dominus.
1358 1906 1389 1923 ..
1415 1863 1447 1922 te
1470 1857 1518 1922 in·

184 1963 334 2031 firmitate
357 1968 500 2052 corporis
523 1968 668 2034 visitavit
683 2016 691 2034 .
706 2016 736 2033 ..
761 1973 794 2033 et
808 2015 838 2032 ..
863 1967 1002 2050 sanavit,
1026 1966 1058 2032 in
1083 1967 1184 2032 altero
1208 1967 1267 2032 tibi
1291 1966 1416 2033 sincera
1439 1964 1519 2030 cari-

183 2077 250 2138 tate
273 2072 485 2158 compatimur
508 2080 541 2140 et
564 2074 598 2139 in
621 2074 745 2158 reliquo
768 2074 940 2160 plurimum
964 2073 1235 2158 congaudemus..
1250 2122 1279 2139 ..
1305 2074 1519 2144 Deuotionem

182 2199 259 2245 vero
292 2186 390 2265 tuam,
427 2200 523 2264 quam
556 2202 635 2266 erga
668 2189 812 2248 sanctam
837 2182 1016 2248 Romanam
1050 2180 1220 2248 ecclesiam
1252 2181 1366 2246 merito
1398 2179 1519 2246 habere

183 2285 371 2369 dinosceris,
400 2288 620 2374 multipliciter
647 2288 680 2354 in
703 2287 832 2354 domino
857 2287 1129 2370 commendantes,
1158 2287 1335 2354 affectuose
1358 2286 1518 2370 subiungi-

182 2413 262 2477 mus,
287 2401 323 2460 ut
345 2395 379 2461 in
401 2395 457 2462 illa
482 2444 489 2461 .
515 2444 523 2461 .
550 2444 558 2460 .
581 2396 759 2480 persistas.
790 2444 798 2462 .
828 2445 836 2461 .
886 2397 963 2462 Dat.
989 2395 1083 2461 Aviu.
1107 2395 1139 2461 X
1163 2393 1208 2460 kl.
1233 2394 1387 2461 februarii
1410 2414 1440 2459 a.
1463 2412 1519 2458 un·

183 2499 319 2568 decimo.

343 2626 416 2697 Ray.
435 2629 489 2682 114
506 2625 532 2698 f.
551 2628 656 2683 4811.
675 2627 742 2684 894.

291 2899 399 2966 1118.
433 2902 519 2966 1327
543 2897 948 2986 ,1111112111119111

287 3041 447 3109 Iohannes
474 3042 574 3108 XXII
596 3042 736 3109 Henrioo
760 3041 1004 3128 archiepiscopo
1029 3042 1219 3111 Coloniensi.

293 3149 444 3216 Provenit
461 3169 502 3216 ex
517 3151 706 3217 meritis...
731 3149 810 3216 Cum
825 3149 946 3233 itaque,
970 3150 1054 3216 sicut
1077 3156 1246 3217 exteriore
1269 3155 1323 3216 tue
1346 3149 1517 3236 peticionis

181 3257 376 3341 accepimus,
400 3257 432 3322 in
449 3255 631 3323 Coloniensi
648 3262 680 3323 et
696 3256 862 3323 Bunneusi
885 3262 940 3322 tue
964 3255 1104 3325 diocesis
1127 3256 1273 3324 eeclesiis
1292 3259 1334 3323 sit
1350 3257 1514 3324 obtentum

180 3369 215 3429 et
238 3363 333 3429 etiam
358 3364 555 3448 observetur,
589 3363 685 3448 quod,
719 3383 790 3430 cum
814 3363 1023 3430 ecclesiarum
1051 3365 1193 3450 ipsarum
1218 3366 1364 3431 canonici
1388 3364 1420 3430 in
1444 3385 1515 3451 pre·

179 3471 264 3536 latos
288 3471 419 3538 aliarum
444 3472 653 3539 ecclesiarum
677 3479 801 3537 tuarum
818 3472 960 3538 civitatis
976 3477 1009 3536 et
1026 3471 1165 3539 diocesis
1180 3480 1393 3555 assumuntur,
1416 3472 1515 3538 iidem

180 3578 338 3664 assumpti
371 3579 517 3645 canonici
550 3584 668 3645 extunc
698 3578 740 3644 ad
763 3598 860 3645 voces
883 3585 916 3644 et
939 3584 1095 3645 tractatus
1120 3581 1332 3665 capitulorum
1357 3579 1515 3645 dictarum

180 3685 389 3752 ecclesiarum
414 3686 612 3753 coloniensis
644 3693 678 3752 et
707 3687 885 3753 Bunneusis
918 3685 1126 3752 ecclesiarum
1143 3688 1177 3769 (1)
1204 3686 1246 3752 ad
1275 3687 1513 3773 perceptionem

179 3791 341 3858 fructuum
365 3792 599 3879 prebendarum
623 3813 761 3870 suarum,
787 3793 922 3878 quasin
947 3791 1068 3860 eisdem
1092 3792 1275 3860 Coloniensi
1298 3799 1331 3858 et
1353 3794 1514 3860 Bunneusi

179 3898 327 3967 ecclesiis
350 3901 506 3984 obtinent,
534 3900 715 3966 nullatenus
739 3899 960 3984 admittuntur,
990 3921 1048 3967 uos
1071 3901 1134 3967 tuis
1158 3900 1447 3986 supplicationibus
1469 3901 1515 3965 in—

179 4007 303 4087 1111111,
337 4007 531 4073 lratemitati
564 4013 618 4073 tue
651 4005 849 4073 concedendi
880 4007 1073 4073 auctoritate
1096 4006 1275 4092 apostolica
1298 4006 1422 4074 duabus
1445 4027 1515 4092 per·

178 4113 268 4180 sonis
301 4113 547 4199 consanguineis
579 4113 642 4180 tuis
666 4112 867 4180 Colonieusis
890 4119 923 4179 et
946 4113 1124 4181 Bunneusis
1153 4115 1360 4181 eeclesiarum
1388 4113 1515 4200 predic·

178 4225 285 4285 tarum
310 4220 485 4304 canonicis,
519 4218 652 4306 prelatis
681 4240 737 4286 seu
766 4219 927 4304 priorIbus
950 4219 1085 4286 aliarum
1109 4221 1316 4287 ecclesiamm
1340 4242 1425 4288 nunc
1449 4223 1513 4288 eui-

178 4327 338 4394 stentibus
361 4335 417 4394 aut
440 4347 501 4410 que
524 4328 557 4393 in
581 4326 723 4412 prelatos
746 4325 928 4394 huiusmodi
952 4335 1153 4393 assumentur
1181 4329 1399 4414 imposterum,
1434 4349 1514 4412 quas

178 4432 222 4500 ad
245 4433 308 4501 boc
331 4433 462 4500 duxeris
484 4433 662 4518 eligendas,
695 4441 730 4500 ut
754 4433 895 4518 quelibet
919 4433 1091 4501 eamndem
1116 4455 1322 4520 personarum
1346 4455 1447 4519 usque
1471 4434 1513 4502 ad

178 4541 358 4627 apostolice
381 4540 467 4608 sedis
491 4541 727 4628 beneplacitum
751 4540 906 4609 advoces
930 4548 963 4607 et
987 4548 1144 4608 tractatus
1167 4541 1331 4628 predictos
1354 4542 1513 4609 dictarum

178 4649 380 4716 ColonIensis
413 4656 445 4716 et
469 4650 647 4748 Bonnensis
682 4649 888 4716 ecclesiarum
921 4649 1012 4715 iuxta
1047 4669 1104 4717 sue
1139 4649 1333 4736 receptionis
1368 4651 1512 4718 ordinem

177 4755 398 4840 admittantur,
428 4757 512 4822 sicut
534 4757 675 4842 ipsarum
704 4755 912 4823 ecclesiarum
943 4754 999 4821 alii
1023 4757 1170 4822 canonici
1193 4777 1257 4822 non
1280 4757 1397 4843 prelati
1419 4759 1511 4825 iuxta

178 4863 320 4949 tpsomm
343 4863 536 4950 receptionis
564 4861 708 4929 ordinem
732 4861 952 4947 admittuntur,
981 4861 1131 4948 quodque
1159 4863 1271 4931 eedem
1294 4883 1430 4951 persone
1453 4885 1512 4951 per
