3642 5509
719 471 790 534 1030
808 474 986 549 September
1004 474 1049 536 29.
1484 475 1536 538 371

200 657 358 725 intervos
380 654 513 741 aliquod
536 657 799 743 impedimentum
824 659 905 726 alias
922 661 1086 742 existeret,
1105 709 1112 724 .
1131 707 1137 721 .
1158 710 1164 725 .
1183 661 1347 746 sponsalia
1362 682 1420 748 per
1436 659 1535 730 v'srba

199 766 241 832 de
264 767 406 852 presenti
430 765 634 833 adinvicem
659 767 875 849 contraxistis,
901 767 1051 851 quodque
1075 767 1290 853 postmodum,
1315 789 1386 834 cum
1410 790 1479 852 vos,
1504 748 1537 835 te

199 873 265 940 filia
288 872 456 939 Elisabeth
479 873 606 940 interim
630 872 747 939 nubilis
771 874 866 939 etatis
894 874 1021 958 effecta,
1056 877 1291 941 matrimonium
1316 877 1349 942 in
1373 876 1458 942 facie
1482 896 1534 943 eo-

199 981 297 1046 alesia
325 980 451 1045 velletis
482 980 683 1063 contrahere,
717 981 864 1066 pervenit
891 980 934 1047 ad
965 988 1104 1047 vestram
1128 983 1285 1066 notitiam,
1321 982 1406 1066 quod
1431 983 1536 1050 huius·

199 1086 286 1152 modi
309 1087 545 1153 matrimonium
569 1085 709 1170 nequitis
733 1086 924 1153 contrahere
947 1086 1188 1174 dispensatione
1216 1138 1222 1153 .
1251 1137 1258 1150 .
1284 1138 1292 1153 .
1318 1109 1379 1155 uon
1405 1091 1537 1157 obtenta

200 1195 344 1261 ...Nos
367 1193 468 1279 igitur
484 1241 623 1261 ......
650 1193 827 1277 vobiscum,
862 1193 949 1276 quod
985 1193 1225 1280 impedimento,
1260 1195 1345 1279 quod
1377 1217 1418 1262 ex
1448 1196 1537 1264 dicta

199 1301 479 1386 consanguinitate
501 1301 660 1386 provenit,
685 1320 749 1365 non
773 1301 924 1367 obstante
946 1302 1075 1386 possitIs
1097 1302 1332 1369 matrimonium
1357 1303 1537 1371 huiusmodi

199 1408 299 1474 libere
322 1407 564 1474 contrahere..
584 1456 591 1473 .
615 1407 850 1493 dispensamus,
879 1408 1003 1493 prolem
1027 1408 1263 1493 suscipiendam
1282 1458 1289 1474 .
1308 1461 1315 1474 .
1335 1458 1342 1475 .
1359 1411 1536 1495 legitimam

197 1516 464 1581 nunciantes...
488 1515 565 1580 Dat.
590 1514 685 1581 Aviu.
710 1514 761 1579 III
785 1513 831 1579 lrl.
856 1515 998 1581 octobris
1021 1536 1050 1581 a.
1076 1514 1324 1598 quintodecimo.

348 1638 420 1708 Rep.
442 1640 495 1694 100
512 1654 561 1693 ar.
578 1637 645 1693 524.

304 1902 427 1969 leue.
454 1904 542 1968 1330
564 1903 760 1988 September
783 1904 838 1968 29.
862 1900 1027 1989 Avipaoa.

304 2046 463 2114 Iohannes
491 2046 590 2112 XXII
624 2047 788 2133 preposito
823 2054 857 2113 et
889 2047 1014 2112 cantori
1049 2046 1207 2129 Aquensis
1239 2046 1341 2113 Leod.
1374 2047 1457 2115 dloc.
1493 2071 1533 2117 ac

196 2152 323 2219 custodi
347 2153 381 2220 S.
398 2151 526 2220 Andree
543 2153 653 2220 Colon.
677 2153 822 2237 mundat,
848 2153 1001 2237 quatinus
1024 2154 1178 2239 Sophiam
1203 2153 1244 2219 dc
1267 2154 1485 2224 Aldenhorien
1499 2160 1533 2239 (l)

196 2260 336 2345 puellum
370 2261 544 2327 litteratam
569 2260 679 2327 Colon.
705 2259 788 2327 dioc.
821 2262 1004 2348 cupientem
1032 2280 1103 2327 cnm
1127 2261 1293 2327 abbatissa
1316 2268 1348 2328 et
1373 2270 1531 2330 conventu

196 2367 380 2435 monasterii
413 2367 455 2434 do
481 2367 633 2434 Bursobit
661 2366 748 2435 dicte
781 2366 865 2433 dioc.
891 2367 960 2433 ord.
994 2367 1028 2433 S.
1055 2367 1176 2435 Bened.
1210 2366 1339 2435 domino
1373 2369 1531 2454 famulari,

196 2474 320 2541 iaciant
342 2475 453 2561 recipi,
482 2475 509 2541 si
532 2475 575 2542 sit
598 2474 716 2541 idonea
740 2481 773 2541 et
797 2473 887 2541 aliud
913 2475 1100 2541 canonicum
1125 2495 1188 2542 non
1211 2475 1356 2559 obsistat,
1385 2477 1417 2541 in
1441 2475 1530 2544 dioto

196 2583 390 2649 monasterio
414 2583 447 2647 in
471 2581 674 2648 monacham.

301 2689 497 2757 Pmdentum
522 2687 683 2773 virginum
710 2689 795 2756 votis
823 2738 831 2754 .
863 2740 871 2755 .
901 2739 909 2754 .
964 2689 1041 2756 Dat.
1066 2689 1161 2756 Avin.
1186 2688 1237 2754 III
1264 2689 1309 2754 kl.
1334 2690 1475 2757 octobris
1497 2713 1528 2758 a.

196 2796 446 2880 quintodecimo.

360 2920 435 2992 ch.
454 2921 511 2977 100
528 2936 577 2976 ar.
596 2919 665 2977 260.

301 3193 423 3262 leur.
449 3195 538 3260 1330
559 3193 754 3282 September
775 3196 829 3260 29.
853 3192 1018 3282 Auipaoo.

298 3344 458 3413 Iohannes
473 3345 574 3411 XXII
597 3344 717 3430 Egidio
740 3344 783 3412 de
798 3345 920 3412 Werda
942 3345 1059 3410 rectori
1082 3343 1162 3410 eccl.
1186 3342 1228 3409 de
1251 3344 1410 3410 Ercklenz
1425 3343 1526 3411 Leod.

194 3449 278 3518 dioc.
304 3451 462 3536 indulget,
487 3453 579 3519 utin
603 3452 712 3537 aliquo
735 3452 964 3519 beneficiorum
988 3471 1114 3518 suorum
1140 3450 1441 3534 ecclesiastIcorum,
1466 3473 1528 3536 que

194 3578 278 3624 nunc
311 3558 435 3625 obtinet
458 3565 491 3624 ct
518 3559 678 3625 obtinebit
709 3561 929 3644 impostemm,
962 3556 1136 3624 residendo
1168 3557 1219 3622 vel
1251 3557 1430 3644 disciplinis
1462 3579 1528 3626 sco

194 3664 316 3732 lasticis
349 3665 383 3729 in
414 3665 496 3747 loco,
529 3667 585 3732 ubi
618 3665 759 3732 studium
789 3665 940 3750 generale
964 3664 1085 3750 vigeat,
1109 3671 1165 3731 aut
1189 3665 1319 3731 Henrici
1343 3664 1528 3751 Spaynhem

193 3773 351 3858 prepositi
374 3773 454 3839 eccl.
479 3773 640 3856 Aquensis
662 3773 764 3840 Leod.
789 3772 886 3857 dioc,
913 3772 1004 3839 cuius
1028 3773 1163 3841 clericus
1186 3779 1218 3838 et
1241 3772 1385 3838 notarius
1408 3774 1527 3855 existit,

194 3879 355 3962 ohsequiis
387 3877 564 3946 insistendo
597 3880 722 3946 imctus
749 3878 975 3946 beneficiorum
1003 3899 1142 3962 suorum,
1175 3880 1272 3945 etiam
1301 3880 1329 3944 si
1352 3878 1528 3964 dignitates

193 3986 245 4052 vel
278 3993 467 4072 personatus
499 3992 555 4051 aut
585 3985 691 4052 officia
720 3986 841 4052 inerint
868 3994 900 4052 et
924 4005 1032 4051 curam
1057 3983 1197 4051 habeant
1219 3986 1406 4068 animarum,
1440 3986 1528 4053 dum·

192 4091 288 4159 modo
321 4091 504 4160 huiusmodi
534 4091 710 4177 dignitates
739 4095 772 4158 in
800 4091 1042 4159 cathedraIIbus
1070 4091 1208 4158 maiores
1231 4098 1304 4178 post
1326 4094 1528 4180 episcopales

192 4220 250 4267 seu
274 4199 306 4264 in
331 4199 512 4285 collegiatis
535 4199 731 4286 principales
754 4220 818 4265 non
841 4202 992 4284 existunt,
1017 4219 1118 4282 usque
1134 4197 1176 4264 ad
1198 4199 1366 4264 triennium
1390 4201 1526 4284 integre,

193 4305 365 4372 cotidianis
389 4305 669 4373 distributionibus
692 4306 862 4374 dumtaxat
885 4307 1042 4393 exceptis,
1065 4305 1233 4392 percipere
1257 4305 1374 4372 valeat.

299 4411 476 4480 ProbitatIs
499 4418 554 4479 tue
577 4413 700 4479 meritis
817 4413 895 4480 Dat.
920 4414 1015 4478 Avin.
1041 4413 1091 4479 Ill
1115 4412 1159 4477 kl.
1185 4412 1325 4478 octobris
1348 4433 1377 4478 a.
1402 4413 1526 4496 quinto·

192 4521 329 4588 decimo.

299 4629 338 4694 In
361 4647 389 4694 e.
405 4649 447 4695 m.
471 4626 596 4694 decano
620 4635 654 4694 et
677 4627 801 4695 cantori
825 4627 859 4694 S.
877 4626 1045 4694 Adelberti
1069 4627 1230 4712 Aquensis
1255 4625 1354 4694 Leod.
1379 4625 1463 4694 dioc.
1487 4649 1527 4695 ac

191 4735 363 4803 scolastico
388 4734 550 4801 'I'ullensIs
574 4735 794 4802 ecclesiarum.

351 4861 426 4929 Rep.
446 4859 502 4913 100
519 4875 567 4912 ar.
586 4859 651 4913 248.
