3642 5509
309 443 363 501 542
879 444 1049 503 1332111113
1069 446 1112 502 10.

418 625 546 692 2322.
584 628 671 692 1338
698 625 801 712 April
826 627 1068 715 1311319333.

417 770 611 837 Benedictus
634 772 700 837 XII
734 772 892 839 universis
926 774 1179 861 archiepiscopis
1212 775 1374 862 episcopis
1407 785 1469 843 etc.
1505 776 1648 843 destinat

311 878 435 943 litteras
469 878 550 944 salvi
586 877 763 945 conductus
798 900 856 965 pro
894 881 1034 947 Henrico
1069 882 1222 967 episcopo
1258 883 1403 949 curiensi
1440 891 1472 950 et
1507 885 1647 951 Gerlaeo

311 987 428 1051 comite
452 984 493 1051 de
510 985 646 1053 Nassow
669 985 939 1071 proquibusdam
965 988 1075 1054 arduis
1098 988 1139 1055 de
1165 991 1367 1075 beneplacito
1391 998 1425 1056 et
1448 992 1648 1058 couscientia

311 1113 396 1180 pape
420 1095 451 1158 in
476 1094 620 1178 proximo
645 1093 687 1159 ad
712 1094 833 1160 curiam
857 1097 1011 1162 venturis.

416 1201 495 1267 Cum
524 1201 717 1267 venerabilis
747 1202 847 1268 frater
878 1210 986 1270 noster
1012 1254 1019 1268 .
1045 1253 1053 1269 .
1079 1254 1086 1269 .
1133 1206 1210 1270 Dat.
1234 1207 1331 1272 Aviu.
1356 1207 1417 1271 XV
1442 1205 1488 1272 kl.
1512 1206 1589 1273 maii
1614 1228 1646 1274 a.

310 1315 434 1392 quarto.

468 1414 540 1485 Req.
560 1415 615 1469 125
642 1430 690 1469 ar.
710 1415 786 1482 328,·
804 1417 855 1471 Ra.
877 1417 956 1471 1942.

412 1649 541 1715 2323.
568 1651 654 1714 1338
678 1648 780 1735 April
807 1650 858 1714 17.
883 1649 1050 1735 11319333.

415 1791 608 1858 Benedictus
632 1793 698 1857 XII
731 1793 883 1877 episcopo
908 1793 1109 1858 Traieoteusi
1139 1792 1280 1877 mandat,
1311 1795 1461 1878 quatinus
1484 1815 1555 1860 cum
1580 1795 1645 1861 Ge·

308 1899 402 1967 rardo
428 1899 563 1966 Gerardi
598 1898 684 1965 dicto
719 1899 898 1984 Riperbant
932 1900 973 1966 de
1000 1902 1579 1986 11131111333131133Τ131331.11133.,
1617 1906 1645 1971 si

308 2008 389 2074 alias
412 2009 453 2074 sit
475 2006 631 2092 ydoneus,
665 2006 840 2092 dispenset,
874 2016 910 2073 ut
934 2029 998 2074 non
1022 2009 1171 2075 obstante
1195 2009 1325 2076 deiectu
1347 2010 1513 2093 natalium,
1547 2030 1646 2094 quem

307 2117 427 2202 patitur
451 2113 492 2180 de
516 2114 694 2200 presbitero
717 2116 845 2198 genitus
869 2123 901 2180 et
925 2116 1039 2198 soluta,
1066 2119 1166 2201 possit
1185 2115 1227 2182 ad
1248 2136 1358 2183 omues
1381 2136 1491 2183 sacros
1513 2117 1647 2184 ordines

306 2223 485 2310 promoveri
516 2228 550 2287 et
582 2223 770 2287 beneficium
804 2223 1058 2289 ecclesiasticum
1093 2244 1165 2290 cum
1198 2244 1276 2290 cura
1307 2225 1462 2290 obtinere.
1518 2224 1644 2290 Tamen

306 2333 417 2414 rigore
452 2330 544 2394 huius
576 2328 826 2414 dispensationis
860 2329 1048 2395 beneficium
1079 2333 1112 2396 in
1137 2330 1316 2398 cathedrali
1341 2331 1480 2397 ecclesia
1502 2340 1645 2414 nequeat

306 2439 460 2503 obtinere.

413 2544 611 2610 Constitutus
635 2543 667 2606 iu
692 2543 853 2628 presentia
876 2552 985 2609 nostra
1010 2593 1017 2609 .
1044 2594 1051 2609 .
1077 2595 1084 2608 .
1133 2546 1207 2610 Dat.
1232 2545 1328 2609 Aviu.
1354 2545 1415 2610 XV
1440 2544 1485 2610 kl.
1509 2546 1586 2611 maii
1611 2569 1643 2612 a.

306 2643 430 2718 quarto.

467 2741 539 2808 Rep.
560 2740 614 2792 125
633 2755 680 2792 ar.
700 2738 767 2792 253.

410 2980 537 3047 2324.
570 2982 657 3045 1338
686 2979 788 3065 April
811 2981 863 3045 17.
893 2980 1056 3066 1131911311.

411 3121 606 3189 Benedictus
630 3123 696 3186 XII
731 3121 962 3188 archidiacono
987 3120 1178 3186 Treverensi
1208 3118 1350 3204 mandat,
1384 3119 1535 3203 quatinus
1565 3141 1641 3186 cunr

305 3231 457 3298 Heiurioo
490 3231 531 3295 de
564 3228 773 3295 Hedeusdorf
802 3230 917 3295 scolari
943 3229 1072 3292 Trever.
1106 3227 1188 3292 dioc.
1215 3225 1389 3312 dispenset,
1422 3236 1457 3292 ut
1489 3247 1552 3292 nou
1584 3230 1643 3293 oh-

304 3345 409 3404 stante
434 3337 564 3403 delectu
588 3338 752 3420 natalium,
787 3356 881 3419 quem
906 3336 1028 3420 patitur
1051 3334 1092 3399 de
1115 3335 1292 3418 presbitero
1315 3335 1443 3418 genitus
1468 3342 1501 3399 et
1523 3335 1642 3416 soluta,

304 3449 330 3512 si
354 3448 396 3512 sit
419 3444 500 3510 alias
523 3443 678 3530 ydoneus,
704 3445 806 3529 possit
836 3443 877 3508 ad
903 3462 1012 3507 omues
1036 3441 1165 3506 ordines
1188 3443 1368 3525 promoveri
1392 3448 1425 3506 et
1447 3440 1641 3507 beneficium

303 3554 556 3620 ecclesiasticum
581 3553 734 3634 obtinere,
764 3551 860 3616 etiam
885 3551 911 3616 si
936 3569 1044 3614 euram
1070 3549 1188 3614 habeat
1211 3548 1397 3613 animarum.
1444 3548 1568 3614 Tamen
1591 3550 1642 3615 vi·

303 3681 382 3747 gore
415 3659 507 3726 huius
540 3659 790 3744 dispensationis
826 3656 1015 3724 beneficium
1050 3657 1082 3720 in
1118 3655 1296 3721 cathedrali
1329 3655 1467 3721 ecclesia
1499 3663 1642 3738 nequeat

305 3769 459 3834 obtinere.

411 3875 610 3941 Constitutus
633 3875 665 3939 in
690 3873 852 3958 presentia
875 3878 985 3938 nostra
1011 3918 1017 3931 .
1044 3919 1051 3935 .
1077 3918 1085 3934 .
1133 3869 1208 3935 Dat.
1229 3871 1324 3935 Asin.
1349 3868 1411 3934 XV
1434 3868 1479 3933 kl.
1503 3869 1579 3934 maii
1605 3890 1639 3935 a.

303 3973 428 4049 quarto.

461 4071 534 4141 Req.
555 4070 613 4124 126
630 4067 664 4124 ia
681 4069 742 4139 fiae
760 4069 870 4124 volum.

405 4343 532 4411 2325.
564 4346 650 4409 1338
675 4342 776 4428 Apici
801 4345 853 4408 17.
884 4341 1048 4426 1131911311.

395 4487 601 4554 ¹Benedictus
626 4487 691 4552 XII
727 4483 954 4551 archidiacono
983 4483 1172 4547 Trevereusi
1202 4479 1343 4562 mandat,
1377 4481 1528 4564 quatinus
1559 4499 1634 4546 eum

300 4594 443 4662 iohanne
476 4594 640 4660 Lamberti
674 4593 790 4658 clerieo
815 4591 1005 4657 Γ1131313331
1039 4589 1080 4654 de
1113 4590 1290 4674 presbitero
1323 4594 1356 4652 et
1388 4587 1493 4652 soluta
1522 4587 1635 4671 genito

300 4703 473 4790 dispenset,
497 4709 543 4786 ut,
571 4703 597 4767 si
622 4701 704 4766 alias
726 4700 769 4766 sit
792 4697 948 4783 ydoneus,
972 4697 1074 4782 possit
1096 4695 1138 4761 ad
1163 4715 1272 4762 omues
1296 4693 1425 4760 ordiues
1448 4695 1632 4778 promoveri

301 4819 333 4880 et
366 4809 553 4877 beneficium
585 4805 851 4889 ecclesiasticum,
884 4805 982 4870 etiam
1011 4805 1037 4870 si
1071 4824 1179 4869 euram
1208 4801 1328 4868 habeat
1360 4801 1547 4885 animarum,
1579 4801 1636 4867 oh·
