3642 5509
758 446 825 503 1338
845 444 928 502 littra
947 444 990 502 27.
1478 442 1531 498 541

197 629 380 717 posituram,
412 649 507 713 quam
532 629 689 694 Henricus
719 627 983 713 archiepiscopus
1005 626 1211 710 Maguntinus
1242 630 1385 709 ternpore
1409 645 1532 711 promo-

198 739 292 804 tionis
321 757 378 803 sue
408 737 550 802 habebat
581 742 612 800 ct
636 735 732 801 etiam
761 733 965 821 postmodnm
990 754 1031 799 ex
1065 732 1306 818 dispensatione
1338 731 1425 798 sedis
1457 752 1532 818 apo·

197 846 310 910 stolice
334 845 366 909 iu
391 841 611 910 commendam
636 843 811 909 obtinuisse
839 841 957 906 dicitur
986 860 1111 924 queque
1134 838 1176 904 ad
1201 860 1334 924 presens
1357 845 1453 905 vacat
1476 860 1534 923 per

197 953 380 1036 generalem
414 950 671 1016 commendaram
705 947 886 1015 huiusmodi
920 948 1158 1014 revocationem
1190 969 1210 1012 a
1239 946 1415 1013 Benedicto
1448 953 1532 1032 post·

198 1059 327 1124 modum
351 1058 484 1143 factam,
509 1080 572 1125 non
597 1059 746 1124 obstante
762 1057 849 1142 quod
867 1056 1064 1124 Remboldus
1088 1058 1121 1121 in
1138 1057 1216 1122 eccl.
1235 1055 1293 1122 SS.
1307 1056 1532 1142 Apostolorum

198 1166 309 1232 Golon.
335 1173 367 1232 et
390 1168 422 1233 in
446 1169 587 1250 Aquensi
621 1163 723 1232 Leod.
758 1165 842 1232 dioc.
877 1165 1085 1230 canonicatus
1118 1170 1152 1229 et
1184 1163 1365 1249 prebendas
1398 1163 1532 1230 obtinet.

198 1275 321 1341 Tamen
345 1275 581 1360 preposituram
609 1279 775 1339 assecutus
804 1273 947 1338 dimittat
975 1271 1199 1338 canonicatum
1224 1277 1257 1336 et
1280 1268 1476 1356 prebendam
1501 1273 1534 1335 in

200 1382 278 1447 eccl.
293 1383 443 1464 Aquensi.
463 1419 500 1428 —·
521 1379 622 1458 Quem
640 1379 852 1447 Remboldum
877 1379 1019 1444 decanus
1036 1385 1068 1443 et
1085 1377 1262 1463 capitulum
1279 1378 1358 1443 eccl.
1376 1377 1434 1444 SS.
1449 1379 1534 1464 Apo-

199 1489 362 1572 stolorum,
397 1508 461 1554 non
496 1487 666 1554 credentes
694 1489 741 1554 eis
764 1489 797 1552 in
821 1487 882 1553 hoc
912 1486 1052 1569 aliquam
1085 1487 1334 1551 reservationem
1368 1487 1534 1569 obsistere,

201 1596 368 1679 quominus
392 1601 522 1681 possent
546 1595 588 1660 ad
612 1595 800 1661 electionem
824 1594 981 1680 prepositi
1009 1599 1086 1658 tunc
1113 1590 1315 1689 procedere„
1334 1591 1535 1658 concorditer

199 1705 230 1769 in
255 1705 452 1789 prepositum
477 1704 653 1786 elegerunt.

308 1810 450 1894 Dignum
475 1811 666 1875 arbitramur
690 1815 722 1874 et
746 1827 1001 1893 congruum...
1048 1809 1122 1873 Dat.
1141 1808 1236 1873 Avin.
1255 1807 1334 1873 VlIl
1358 1808 1405 1873 kl.
1429 1807 1536 1874 martii

201 1938 231 1984 a.
256 1922 380 2000 quarto.

351 2025 423 2093 ch.
443 2022 499 2077 126
517 2036 565 2076 ar.
584 2021 652 2077 282.

307 2284 434 2350 2320.
469 2284 555 2349 1338
579 2281 678 2348 Mara
701 2285 754 2348 27.
782 2281 911 2368 spera.

310 2427 481 2493 Heinricns
514 2426 776 2511 archiepiscopus
808 2425 1025 2509 Magantinus,
1059 2423 1224 2510 Lupoldus
1250 2424 1536 2508 Babenbergonsis‚

204 2533 364 2599 Iohannes
397 2533 594 2615 Basilicnsis‚
628 2531 799 2598 Bertoldns
830 2532 1083 2616 Argentinensis,
1121 2532 1293 2598 Heinricus
1325 2531 1538 2617 Eystetensis‚

205 2640 408 2706 Bemhardus
420 2638 704 2720 Paderburnensis,
719 2639 844 2706 Ulricus
857 2639 1029 2715 (tutiensis,
1045 2637 1122 2704 Otto
1135 2639 1377 2724 Herbipolensis
1394 2639 1539 2724 episcopi

205 2767 244 2812 ac
269 2745 455 2814 Gerhardus
478 2747 641 2831 Spirensis
664 2754 698 2811 et
723 2746 894 2812 Heinricus
911 2747 1125 2830 Augustensis
1149 2744 1243 2810 electi
1268 2746 1421 2812 nunciant
1443 2766 1540 2831 pape,

208 2852 292 2936 quod
317 2852 359 2918 ad
391 2874 509 2939 papam
540 2852 703 2918 destinant
727 2853 868 2919 Uiricum
894 2853 1079 2937 episcopum
1103 2852 1287 2918 (luriensem
1312 2859 1344 2917 et
1369 2853 1539 2919 Gerlacum

206 2962 353 3027 comitem
379 2960 420 3026 de
439 2960 598 3029 Nassouw
621 2961 755 3026 nuncios
778 2979 852 3026 suos
876 2958 919 3024 ad
942 2958 1146 3025 tractandum
1172 2958 1213 3025 de
1237 2958 1380 3025 tollendo
1404 2959 1538 3026 dissidio

205 3069 287 3134 inter
311 3067 489 3133 Romanam
513 3068 682 3133 ecclesiam
707 3075 739 3133 et
762 3064 964 3133 Ludoricum
997 3065 1038 3132 de
1068 3067 1207 3132 Bouaria
1239 3068 1303 3132 iam
1337 3066 1457 3132 dudum
1491 3088 1541 3133 su-

207 3176 333 3242 scitoto.

314 3281 523 3348 Sanctissimo
547 3283 580 3346 in
603 3281 730 3347 Christo
754 3283 839 3368 patri
866 3331 872 3346 .
899 3331 905 3346 .
933 3329 940 3346 .
966 3280 1144 3346 Benedicto
1170 3331 1177 3344 .
1205 3329 1212 3344 .
1237 3329 1244 3343 .
1271 3281 1441 3347 Heinricns
1466 3332 1473 3346 .
1500 3331 1507 3346 .
1534 3331 1541 3347 .

208 3389 287 3455 Cum
310 3389 374 3454 iam
398 3386 518 3454 dudum
544 3439 550 3453 .
577 3437 618 3454 ..
665 3389 741 3454 Dat.
775 3387 881 3473 Spyre
914 3386 968 3453 die
996 3387 1126 3453 XXVII
1158 3388 1276 3454 mensis
1309 3389 1421 3455 marcii
1455 3411 1485 3455 a.
1509 3388 1541 3455 ri.

209 3495 514 3563 MCOCXXXVIII.

357 3604 430 3673 Req.
449 3604 507 3657 133
523 3601 548 3672 s.
568 3603 608 3656 39
627 3619 673 3656 nr.
693 3603 781 3657 1300.

316 3911 438 3978 2321.
467 3911 554 3978 1338
578 3913 677 3978 Mara
700 3914 755 3978 30.
778 3910 945 3999 Aoipnoa.

319 4055 517 4121 Benedictus
533 4054 599 4120 XII
624 4055 868 4140 archiepiscopo
893 4054 1075 4121 Coloniensi
1099 4055 1242 4138 mandat,
1267 4057 1418 4140 quatinus
1440 4055 1545 4123 Ludo

213 4161 283 4226 vico
308 4161 349 4226 de
375 4162 523 4245 Bouaria,
557 4163 610 4245 qui
641 4161 683 4226 ad
712 4162 919 4228 offensionem
953 4162 1096 4248 episcopi
1127 4170 1159 4227 et
1190 4162 1326 4230 ecclesie
1354 4161 1546 4230 Leodiensis

212 4289 269 4332 sua
293 4269 456 4334 molimina
480 4269 618 4335 conflare
644 4269 802 4354 proponit,
827 4269 859 4332 in
883 4269 970 4333 nullo
993 4277 1107 4353 pareat
1123 4290 1182 4334 nec
1199 4269 1343 4354 prelatos
1360 4271 1546 4357 episcopum

213 4383 245 4439 et
278 4376 447 4440 ecclesiam
481 4374 625 4441 offendat
658 4395 717 4442 nec
749 4377 925 4461 permittat,
961 4374 1046 4458 quod
1076 4397 1097 4441 a
1126 4378 1276 4461 gentibus
1308 4377 1544 4464 archiepiscopi

213 4481 404 4559 offendatur,
433 4483 489 4548 sed
514 4481 633 4548 eisdem
659 4485 789 4549 assistat
813 4484 943 4548 auxiliis
967 4492 999 4548 et
1022 4482 1187 4550 favoribus
1211 4487 1386 4570 oportunis.

321 4590 547 4655 Rememorare
578 4590 693 4655 iterum
718 4599 750 4655 et
773 4610 941 4657 recensere
966 4639 1025 4655 ...
1073 4592 1147 4655 Dat.
1173 4592 1267 4656 Avin.
1294 4593 1342 4658 lIl
1366 4592 1411 4658 kl.
1436 4593 1548 4678 aprilis

128 4776 130 4784 Α
214 4719 242 4762 a.
267 4704 392 4779 quarto.

362 4821 436 4892 Ray.
458 4821 514 4875 126
531 4837 578 4876 ar.
597 4821 645 4876 59,
