3642 5509
773 445 840 503 raca
860 445 944 518 spru
964 447 1006 502 ra.
1494 445 1548 502 rer

318 627 356 692 In
380 647 407 692 e.
426 649 466 693 m.
492 625 665 694 Guillermo
689 626 731 694 de
754 628 887 694 Petrilia
910 628 1092 693 Aniciensis
1115 633 1148 692 et
1172 625 1351 692 Bertrando
1375 625 1416 692 de
1439 627 1548 693 Claro-

213 742 320 801 monte
353 735 628 818 Petragorioenais
666 755 705 801 ac
734 735 926 820 Raymundo
960 733 1001 800 de
1033 733 1235 799 Columberio
1269 734 1547 800 Autisiodoneuais

212 843 291 909 eccl.
317 842 491 908 canonicis.

362 985 434 1056 Rep.
450 986 505 1040 104
523 1002 571 1042 rar.
585 986 661 1040 1268
678 988 706 1040 et
724 987 797 1056 Ray.
815 987 870 1040 617
888 985 911 1055 f.
931 984 989 1039 120
1006 1000 1054 1038 nr.
1073 985 1142 1048 ota·
1169 985 1209 1055 cf.
1229 984 1282 1038 Ra.
1302 984 1384 1038 1605.

318 1257 439 1324 2101.
468 1261 554 1324 1333
581 1259 681 1344 April
706 1260 757 1324 13.
789 1257 956 1346 Aoipaon.

320 1400 480 1468 Iohannes
497 1401 595 1466 XXII
620 1401 801 1468 Coloniensi
821 1407 853 1467 et
869 1401 1035 1466 Bremensi
1058 1399 1309 1485 archiepiscopis
1332 1420 1372 1466 ac
1395 1401 1549 1488 episcopo

214 1508 456 1576 Padoburnensi
481 1508 623 1593 mandat,
657 1510 806 1591 quatinus
838 1509 1005 1594 publicent
1033 1528 1216 1593 processum
1242 1515 1354 1574 contra
1377 1509 1551 1576 Henricnm

214 1614 257 1682 de
280 1616 449 1682 Brunswic
480 1617 635 1682 intrusum
669 1619 702 1681 in
736 1616 873 1683 ecclesia
904 1614 1140 1682 Hildcsemensi
1172 1616 1231 1681 sub
1265 1614 1398 1682 datad.
1423 1616 1552 1682 Ilidus

213 1724 325 1809 aprilis
348 1744 378 1790 a.
403 1722 669 1808 decimoseptimo
693 1723 825 1790 factum.

320 1831 432 1916 Nuper
455 1840 567 1896 contra
592 1831 765 1897 Henricum
795 1879 856 1895 ...
904 1831 979 1894 Dat.
1006 1831 1103 1895 Avia.
1128 1828 1200 1895 idus
1225 1829 1336 1915 aprilis
1358 1853 1388 1896 a.
1413 1829 1551 1897 decimo-

214 1939 363 2024 septimo.

364 2063 437 2133 Rep.
459 2064 513 2118 104
532 2079 580 2117 rar.
601 2065 710 2128 1143&
730 2063 783 2117 Re.
802 2065 883 2118 1644.

322 2324 443 2391 2102.
474 2322 686 2409 1333141110
710 2325 762 2390 15.
786 2323 953 2411 Acipaoa.

193 2491 198 2504 ·
319 2467 478 2534 lobannca
503 2468 602 2533 XXll
639 2467 832 2551 Engelbcrto
862 2467 903 2532 de
927 2467 1043 2532 Marka
1070 2466 1233 2552 preposito
1262 2467 1342 2532 eccl.
1367 2466 1468 2534 Leod.
1498 2488 1553 2554 pe-

215 2581 303 2640 tente
326 2574 477 2660 Adolpho
502 2576 654 2660 episeopo
678 2573 779 2640 Leod.
805 2595 862 2659 pro
886 2573 1000 2639 eodem
1029 2581 1147 2659 nepote
1176 2594 1246 2658 suo,
1270 2573 1427 2659 indulget,
1462 2589 1497 2641 ut
1520 2577 1553 2640 in

216 2680 323 2762 aliquo
348 2680 573 2746 beneficiorum
598 2702 724 2747 suorum
750 2679 923 2746 residendo
941 2681 992 2747 vel
1016 2681 1193 2747 litterarum
1217 2681 1325 2747 studio
1348 2684 1381 2748 in
1398 2683 1480 2764 loco,
1498 2683 1552 2748 ubi

216 2786 293 2852 illud
319 2787 470 2870 generale
494 2791 614 2873 vigeat,
648 2795 704 2854 aut
729 2789 845 2874 prefati
872 2789 1015 2874 episcopi
1046 2788 1209 2871 obsequiis
1232 2788 1408 2855 insistendo
1432 2789 1554 2857 linctus

217 2896 357 2958 omnium
386 2895 611 2961 beneficiorum
639 2915 766 2960 snorum
795 2895 1087 2961 ecclesiasticorum
1118 2915 1218 2979 usque
1248 2896 1288 2961 ad
1314 2897 1483 2962 triennium
1506 2897 1553 2961 in-

217 3007 320 3085 tegre,
351 3001 522 3068 cotidianis
552 3001 830 3068 distributionibus
859 3002 1028 3067 dumtaxat
1056 3003 1214 3087 exceptis‚
1245 3005 1411 3089 percipere
1436 3004 1552 3069 valeat.

324 3110 446 3176 Meritis
471 3116 523 3174 tue
547 3110 789 3195 probitatis...
819 3109 895 3174 Dat.
921 3111 1015 3175 Avia.
1041 3109 1137 3174 XVII
1162 3110 1206 3174 kl.
1231 3111 1360 3174 maiia.
1386 3111 1492 3176 XVll.

323 3218 361 3283 In
385 3237 413 3285 e.
431 3239 471 3282 m.
496 3215 606 3283 abbati
631 3217 815 3282 monasterii
830 3217 1060 3283 werdunensis
1077 3217 1111 3300 (l)
1137 3218 1248 3282 (tolon.
1266 3216 1349 3282 dioc.
1375 3224 1407 3282 et
1431 3217 1554 3283 decano

216 3345 255 3390 ac
279 3325 449 3390 scolastico
474 3323 552 3390 eccl.
577 3325 610 3389 S.
627 3323 720 3389 Pauli
745 3322 847 3389 Leod.

366 3475 439 3545 Rep.
459 3476 514 3528 100
532 3490 580 3528 rur.
600 3476 664 3529 845.

322 3769 444 3836 aloa.
476 3772 563 3835 1333
586 3769 689 3855 April
715 3773 765 3835 16.
791 3770 958 3856 Aoipnoa.

326 3912 486 3978 lohannes
502 3912 603 3977 XXll
627 3915 780 3999 episcopo
797 3913 994 3978 Tornacensi
1019 3918 1051 3978 et
1076 3913 1238 3998 preposito
1255 3912 1357 3979 Leod.
1374 3934 1413 3979 ac
1429 3913 1553 3980 decano

219 4019 251 4083 S.
266 4016 418 4095 Quentiui
440 4021 472 4084 in
486 4019 694 4085 Viromandis
710 4020 934 4085 Noviomensis
957 4018 1040 4085 dioc.
1066 4018 1209 4102 mandat,
1234 4021 1384 4103 quatinus
1399 4021 1553 4105 magistro

219 4125 385 4192 Bernardo
409 4125 564 4212 Stephani
590 4127 753 4213 preposito
777 4127 856 4192 eccl.
882 4127 1061 4193 Bonnensis
1085 4125 1196 4192 Colon.
1221 4126 1305 4193 dioc.
1329 4128 1455 4194 notario
1479 4149 1554 4214 apo-

219 4232 333 4297 stolice
355 4233 443 4299 aedis
466 4240 708 4300 conservatores
732 4241 764 4298 et
788 4233 912 4299 indicos
936 4233 1078 4300 efficacis
1102 4233 1298 4299 defensionis
1321 4235 1461 4320 presidio
1477 4238 1555 4301 assi·

219 4345 341 4405 stantes
365 4361 427 4405 non
452 4342 638 4425 permittant
662 4339 798 4407 eundem
821 4360 919 4426 super
941 4341 1035 4406 bonis
1059 4347 1091 4405 et
1114 4341 1237 4408 iuribus
1260 4339 1303 4406 ad
1320 4343 1554 4427 preposituram

219 4467 310 4512 suam
333 4447 554 4533 spectantibus
577 4469 597 4513 a
621 4448 862 4531 quibuscunque
885 4446 1059 4513 molestari.

328 4555 479 4621 Militanti
504 4557 641 4622 ecclesie
664 4555 741 4621 licct
871 4557 948 4621 Dat.
972 4556 1066 4621 Avin.
1091 4557 1170 4621 XVl
1194 4557 1239 4622 lrl.
1263 4558 1339 4622 maii
1363 4579 1393 4623 a.
1417 4556 1556 4624 decimo-

221 4665 369 4748 septimo.

371 4837 444 4905 Rep,
464 4837 520 4890 104
539 4851 587 4890 nr.
606 4838 680 4892 1189
699 4840 726 4891 et
745 4837 817 4906 Bep.
838 4838 855 4891 7
871 4835 897 4905 f.
920 4835 985 4891 120
1004 4852 1050 4890 nr.
1071 4837 1135 4891 610.
