3642 5509
252 415 306 470 808
804 408 875 465 laao
898 407 1034 465 Februar
1053 405 1095 464 20.

363 593 486 660 1845.
522 595 610 659 1330
633 593 786 657 Febraor
809 593 864 656 20.
888 590 1055 678 Aviqnoa.

361 717 521 784 Iohannes
544 718 643 783 XXII
680 716 844 782 Walramo
867 715 1044 800 Heynrkini
1078 715 1119 779 de
1145 715 1256 780 llnnna
1289 715 1414 781 eonfert
1445 717 1524 782 ecel.
1553 717 1587 782 S.

253 826 354 891 blarie
378 825 420 891 ad
444 823 564 910 gradus
588 823 699 891 Golon.
724 825 960 905 canonicatum,
984 821 1180 908 prebendam
1207 842 1282 887 vero
1306 822 1409 888 eidem
1433 830 1587 890 reservat.

359 932 536 999 Probitatis
559 939 613 997 tue
636 931 782 997 merita.
812 981 819 996 .
849 978 857 995 .
916 930 992 995 Dat.
1017 928 1110 995 Avin.
1136 929 1167 994 X
1196 929 1240 993 kl.
1266 931 1372 995 martii
1400 951 1431 996 a.
1461 937 1588 1014 quarto·

254 1040 389 1106 deoimo.

360 1148 395 1212 ln
420 1167 448 1212 e.
465 1167 507 1213 m.
543 1147 576 1211 S.
603 1146 758 1213 Gereonio
782 1150 815 1209 et
838 1145 872 1210 S.
899 1143 1031 1228 Georgii
1062 1143 1173 1209 Golon.
1199 1141 1332 1210 decania
1355 1164 1394 1210 ac
1417 1145 1588 1211 soolastioo

253 1255 414 1320 Tullensia
439 1254 657 1320 ecelesiarum.

401 1361 475 1429 Req.
493 1360 532 1414 96
549 1375 597 1413 nr.
616 1361 698 1412 3186.

358 1588 482 1654 1840.
512 1588 600 1652 1330
622 1587 776 1651 Febraar
799 1587 852 1649 20.
883 1583 1050 1672 Avtynoa.

360 1723 519 1788 Iohannes
536 1720 634 1786 XXII
659 1719 794 1785 Iohanni
818 1719 997 1804 Heymkini
1021 1719 1062 1783 de
1087 1720 1200 1784 Bnnna
1224 1719 1348 1786 confert
1371 1721 1450 1786 eoel.
1475 1721 1508 1786 S.
1525 1721 1588 1786 An-

252 1831 330 1896 dree
342 1830 453 1896 Golon.
471 1829 705 1909 canonicatum,
732 1827 928 1911 prebendam
947 1847 1022 1891 vero
1044 1826 1150 1892 eidem
1167 1833 1321 1911 reservat,
1346 1849 1409 1893 non
1426 1829 1586 1912 obstante,

252 1938 338 2020 quod
362 1939 395 2002 in
423 1938 503 2003 eool.
533 1935 719 2001 monasterii
743 1935 775 1998 in
798 1932 945 2018 Rindorp
970 1933 1082 1999 Golon.
1107 1933 1191 2000 dloo.
1216 1935 1439 2000 canonicatum
1463 1943 1496 2001 et
1519 1957 1587 2021 pre·

252 2044 390 2111 bendam
414 2045 547 2111 obtinet.

359 2150 542 2217 Laudabile
565 2149 793 2233 testimonium,
823 2148 909 2232 quod
940 2198 947 2214 .
977 2197 985 2214 .
1015 2197 1022 2212 .
1082 2149 1157 2214 Dat.
1182 2147 1277 2215 Avin.
1301 2149 1333 2214 X
1357 2149 1402 2213 lrl.
1426 2149 1531 2215 martii
1556 2171 1586 2214 a.

254 2258 504 2342 quartodecimo.

360 2366 398 2430 In
422 2384 450 2430 e.
467 2386 509 2429 m.
541 2363 575 2429 S.
602 2363 734 2446 Georgii
759 2370 792 2427 ot
815 2362 848 2427 S.
867 2363 1022 2429 Gereonio
1047 2362 1157 2427 Goion.
1183 2360 1315 2430 decania
1338 2383 1378 2429 ae
1402 2363 1521 2430 Iaeobo
1545 2362 1586 2428 de

253 2473 377 2537 MutIna
400 2471 571 2538 seolaatIeo
595 2469 757 2535 Tullenais
780 2470 998 2535 eeclesiarum.

401 2595 475 2666 Περ.
494 2595 532 2648 96
549 2611 598 2648 nr.
617 2596 699 2648 3187.

359 2836 481 2902 1847.
508 2837 596 2901 1330
618 2837 772 2901 Febraar
794 2838 849 2900 20.
873 2833 1038 2922 Abigaoa.
1123 2855 1124 2860 ¹

359 2979 517 3045 Iohannes
529 2978 628 3043 XXII
653 2977 794 3044 Geraldo
815 2978 993 3063 Heymkini
1017 2978 1141 3044 confert
1167 2976 1246 3043 eoel.
1271 2976 1451 3044 Bunnensia
1474 2976 1584 3044 Colon.

251 3085 336 3151 dioe.
361 3085 595 3167 canonicatum,
619 3084 817 3169 prebendam
841 3104 918 3149 vero
943 3083 1047 3149 eidem
1072 3091 1225 3150 reservat.

358 3192 544 3278 Apostoliee
566 3190 772 3257 liberalitatis
795 3189 989 3257 dexteram.
1019 3241 1026 3256 .
1056 3240 1064 3256 .
1100 3193 1176 3256 Dat.
1194 3189 1291 3256 Avin.
1307 3191 1340 3255 X
1356 3190 1401 3255 kl.
1425 3191 1531 3256 martii
1555 3212 1584 3256 a.

251 3297 502 3382 quartodecimo.

357 3407 395 3470 ln
420 3426 447 3471 e.
476 3428 516 3471 m.
554 3405 587 3471 S.
614 3405 770 3471 Gereonio
793 3411 826 3470 et
849 3405 884 3471 S.
911 3405 1043 3488 Georgii
1068 3404 1178 3471 Golon.
1203 3403 1335 3471 decania
1364 3425 1404 3470 ao
1431 3406 1585 3488 magistro

251 3512 370 3578 Iaoobo
394 3511 436 3578 de
459 3513 584 3578 Mutina
607 3512 778 3578 scolastico
802 3512 962 3577 Tullensis
986 3512 1065 3578 eeol.
1090 3513 1258 3597 capellano
1282 3512 1402 3597 papali.

417 3635 491 3705 Req.
512 3636 550 3690 96
567 3652 615 3690 nr.
629 3637 714 3689 3188.

358 3905 481 3972 1848.
516 3906 604 3969 1330
627 3906 781 3971 Febraar
804 3907 858 3971 20.
883 3904 1049 3989 [leignon.

357 4049 517 4114 Iohannes
541 4049 641 4112 XXII
677 4047 881 4114 Theodorioo
910 4048 953 4114 de
978 4049 1188 4115 Gravondone
1217 4051 1343 4116 ooniert
1370 4051 1448 4117 ecel.
1473 4051 1583 4118 Golon.

251 4155 485 4239 canonicatum,
509 4155 706 4240 prebendam
732 4175 807 4222 vero
831 4156 938 4222 eidem
962 4166 1113 4222 reservat.

357 4261 518 4329 Nobilitas
541 4263 679 4347 generis,
703 4284 825 4329 morum
849 4262 978 4330 decor.
1008 4313 1015 4328 .
1046 4313 1053 4328 .
1100 4264 1176 4329 Dat.
1201 4265 1296 4330 Avin.
1321 4265 1383 4330 VII
1408 4264 1453 4330 kl.
1476 4265 1584 4332 martii

238 4389 280 4460 a.
306 4369 558 4451 quartodecimo.

358 4476 396 4541 ln
419 4496 447 4542 e.
465 4498 506 4542 m.
531 4477 695 4563 preponito
712 4478 745 4544 S.
761 4479 917 4544 GereonIs
933 4479 1043 4544 Colon.
1069 4485 1102 4544 et
1125 4476 1249 4544 decano
1266 4477 1462 4545 Xanetensie
1473 4480 1583 4546 Colon.

251 4580 336 4647 dioe.
360 4601 399 4647 ao
429 4585 583 4667 magIstro
613 4584 731 4651 Iacobo
762 4585 803 4652 de
826 4586 950 4650 MutIna
979 4585 1151 4652 scolastico
1181 4585 1341 4652 Tullensis
1371 4585 1450 4651 eeol.
1481 4586 1585 4672 capel-

250 4687 325 4752 lano
350 4690 469 4774 papali.

414 4798 488 4871 Ray.
507 4800 544 4852 96
562 4814 610 4852 nr.
630 4800 693 4852 451.
