3642 5509
798 480 867 538 182²!
886 479 961 539 Juni
978 479 1022 538 30.
1546 475 1582 536 48

248 661 410 748 prolatam
445 660 598 729 incidisse
633 669 817 729 noscuntur.
875 662 1034 742 Quocirca
1069 662 1253 729 discretioni
1288 667 1396 729 vestre
1496 681 1583 727 man·

246 767 370 852 damus,
404 771 564 853 quatinus,
598 770 624 836 si
659 777 708 836 est
731 771 788 852 ita,
822 769 987 855 predictos
1014 771 1186 854 magistros
1208 770 1358 836 scabinos
1380 775 1412 834 et
1436 768 1581 833 consules

246 875 368 942 tamdiu
402 876 621 962 appellatione
651 884 774 942 remota
798 877 1092 943 excommunicatos
1114 877 1243 961 publice
1265 876 1423 942 nunciatis
1446 881 1479 942 et
1502 895 1581 940 uun·

246 983 326 1048 cieri
348 983 480 1050 faciatis
505 991 536 1049 et
560 985 602 1049 ab
626 985 771 1050 omnibus
792 985 892 1050 artius
908 984 1035 1066 evitari,
1060 983 1164 1049 donec
1180 1003 1275 1069 super
1291 983 1352 1050 hiis
1368 982 1583 1049 satisfecerint

247 1096 466 1175 competenter
499 1097 532 1155 ct
564 1090 673 1157 debite
707 1091 917 1156 absolutionis
950 1091 1140 1157 beneficium
1168 1092 1343 1156 meruerint
1371 1090 1524 1172 obtinere,
1549 1093 1582 1154 et

246 1195 471 1262 nichilominus
504 1195 588 1280 quod
622 1199 684 1283 ipsi
717 1197 899 1263 huiusmodi
928 1205 1083 1264 statutum
1112 1198 1153 1262 de
1176 1199 1243 1263 suis
1267 1197 1496 1283 capitularibus
1519 1218 1583 1261 om·

246 1305 320 1370 nino
353 1303 482 1370 deleant
516 1305 659 1388 illudque
692 1307 897 1390 imposterum
927 1325 992 1371 non
1021 1307 1192 1371 observent
1214 1324 1276 1370 nee
1298 1303 1421 1371 faciant
1444 1305 1486 1370 ab
1510 1304 1582 1369 aliis

246 1411 421 1492 observari,
446 1412 620 1478 monitione
644 1413 800 1497 premissa
822 1433 880 1497 per
904 1432 1072 1479 censuram
1094 1412 1347 1478 ecclesiasticam
1364 1411 1582 1497 appellatione

245 1525 367 1584 remota
390 1519 519 1584 racione
543 1520 655 1604 previa
680 1520 887 1605 compellatis.
915 1520 1030 1585 Testes
1053 1526 1170 1602 autem,
1195 1519 1249 1602 qui
1275 1519 1392 1584 fuerint
1415 1519 1581 1601 nominati,

246 1627 273 1692 si
296 1645 331 1692 se
353 1627 466 1710 gracia
494 1626 568 1691 odio
601 1627 653 1692 vel
683 1627 797 1692 timore
825 1627 1053 1709 subtraxerint,
1089 1645 1224 1692 censura
1247 1625 1342 1691 simili
1366 1625 1582 1711 appellatione

247 1739 392 1800 cessante
425 1734 552 1816 cogatis
585 1734 801 1799 testimonium
834 1735 966 1818 paritati
998 1732 1178 1817 perhibere.
1225 1731 1347 1811 Quodsi
1376 1752 1439 1796 non
1473 1750 1583 1798 omnes

248 1839 308 1905 hiis
341 1839 540 1923 exequendis
572 1839 720 1924 poteritis
743 1841 908 1923 interesse,
943 1839 1006 1904 duo
1031 1845 1172 1905 vestrum
1196 1857 1236 1903 ea
1259 1837 1484 1903 nichilominus
1507 1857 1580 1903 exe·

247 1954 393 2030 quantur.
440 1947 516 2012 Dat.
541 1947 634 2013 Asin.
661 1946 802 2013 secundo
827 1948 871 2016 hl.
896 1948 966 2013 iulii
988 1968 1019 2032 p.
1036 1968 1067 2011 n.
1085 1967 1116 2011 a.
1140 1944 1317 2012 undecimo.

408 2085 1112 2158 0001010000010111010100001(10001100
1125 2084 1313 2141 adiicietur
1360 2067 1489 2176 Bffiux·
1544 2087 1582 2141 Ie

403 2230 490 2303 plica
515 2231 557 2288 ed
582 2231 697 2286 deceta:
728 2196 817 2323 KRG·
835 2231 996 2286 1010100.-
1015 2230 1222 2285 Theodericus
1241 2229 1373 2299 deReys
1392 2231 1420 2284 et
1437 2226 1581 2298 iuferius.

408 2340 441 2394 R.
456 2339 527 2394 bull.
541 2338 575 2394 N.
590 2338 628 2394 de
641 2338 791 2394 Buehorst
809 2354 864 2409 pro
884 2339 974 2392 salar.
1011 2336 1206 2406 Dttaseldorf.
1226 2337 1314 2392 Arcb.
1324 2352 1385 2407 rep.
1405 2335 1436 2392 S.
1447 2335 1581 2392 Severin.

411 2428 512 2485 Colore.
535 2445 584 2483 rer.
603 2431 649 2483 86.
662 2459 694 2468 -
718 2429 976 2497 Trenssumptum
994 2425 1029 2481 ia
1047 2427 1218 2498 apograph.
1242 2424 1440 2482 instrumenti
1459 2425 1580 2495 01101γί-

409 2515 484 2573 ciali
511 2515 684 2586 praepositi
710 2519 776 2572 ecel.
806 2517 836 2572 S.
866 2514 1005 2572 Severini
1032 2517 1062 2571 d.
1087 2518 1126 2570 30
1147 2532 1186 2570 m.
1207 2513 1285 2570 maii
1303 2532 1331 2570 a.
1351 2515 1425 2570 1328
1442 2513 1580 2585 confecti.
1603 2530 1607 2534 ’

412 2606 498 2661 Kola.
517 2607 606 2662 Arcb.
625 2604 705 2661 civit.
725 2624 772 2661 mr.
793 2607 899 2662 12270.

353 2875 476 2944 1206.
502 2880 588 2944 1327
611 2880 699 2945 Joai
725 2880 778 2944 30.
806 2877 971 2965 Aoipreoa.

354 3019 514 3089 Iohannes
524 3022 624 3087 XXII
648 3022 788 3088 chrico
813 3021 854 3087 de
878 3021 1001 3087 luliaco
1026 3020 1150 3086 confert
1174 3022 1253 3087 eccl.
1268 3019 1453 3087 Werdensis
1469 3020 1579 3086 Colon.

247 3125 330 3192 dioc.
356 3128 579 3197 canonicatum
604 3135 636 3194 01
659 3128 855 3214 prebendam
880 3136 1034 3194 vacantes
1057 3149 1115 3213 per
1140 3129 1260 3192 obitum
1285 3127 1436 3193 lobannis
1461 3127 1580 3194 (1οΝ1-

247 3234 405 3314 venheim‚
430 3237 483 3317 qui
507 3254 609 3321 nuper
632 3235 720 3321 apud
743 3235 852 3302 sedem
876 3235 1088 3321 apostolicam
1112 3234 1196 3299 diem
1222 3233 1336 3299 elausit
1359 3243 1545 3300 extremum.

353 3341 465 3408 hlatris
489 3343 626 3408 ecclesie
649 3343 862 3426 graciosa...
901 3342 974 3407 Dat.
994 3342 1087 3409 Avia.
1106 3342 1137 3406 ll
1155 3342 1198 3406 hl.
1216 3341 1285 3406 iulii
1309 3362 1338 3406 a.
1355 3340 1535 3406 undecimo.

354 3448 390 3513 In
414 3468 442 3514 e.
460 3470 501 3514 m.
526 3450 678 3535 episcopo
694 3448 850 3515 Paduano
874 3456 907 3515 et
924 3447 1095 3533 Raynaldo
1120 3448 1161 3513 de
1177 3449 1385 3532 Westerhorg
1401 3469 1441 3513 ac
1458 3446 1579 3513 Silrido

247 3553 288 3619 de
311 3553 528 3640 Renuenborg
551 3557 715 3624 canonicis
739 3557 849 3623 Gelon.

395 3678 468 3750 Rep.
489 3680 569 3750 841⁴.
589 3681 627 3736 ai
645 3697 694 3735 rer.
713 3681 798 3735 2094.

336 3951 455 4018 1207.
482 3954 568 4017 1327
592 3952 670 4017 Jott
696 3953 725 4015 1.
755 3950 921 4039 Aoipaore.

353 4076 512 4142 lohannes
535 4076 635 4140 XXII
668 4075 813 4142 Gerardo
838 4076 926 4142 dicto
950 4079 1131 4162 Yserenpyl
1155 4075 1280 4141 confert
1304 4077 1382 4141 eccl.
1409 4075 1582 4142 Vcrdcnsis

246 4180 356 4248 Oolon.
391 4182 474 4247 (1100.
510 4184 743 4266 canonicatum,
779 4183 975 4268 prebendam
1009 4204 1085 4250 vero
1119 4183 1222 4249 eidem
1256 4191 1408 4266 reservat,
1440 4204 1503 4248 non
1527 4185 1581 4250 ob·

244 4297 351 4354 stante
386 4289 471 4372 quod
508 4291 541 4354 in
577 4290 717 4355 ecclesia
752 4291 946 4375 parrochiali
981 4291 1022 4357 de
1046 4291 1297 4357 Wevcllobovcn
1328 4289 1473 4376 predicte
1496 4290 1580 4357 dioc.

244 4396 405 4478 quandam
430 4397 586 4462 vicariam
610 4405 798 4483 perpetuam
823 4399 957 4465 obtinet.

353 4505 518 4572 Attributa
541 4505 600 4571 tibi
623 4506 739 4571 merita
753 4555 760 4570 .
775 4555 782 4571 .
799 4555 806 4571 .
854 4507 929 4573 Dat.
948 4509 1042 4572 huin.
1059 4506 1104 4570 kl.
1121 4506 1189 4571 iulii
1205 4528 1235 4572 a.
1252 4505 1430 4571 undecimo.

352 4612 388 4676 lu
413 4633 441 4677 0.
459 4633 500 4678 m.
525 4611 559 4677 S.
577 4612 724 4678 Severini
749 4621 782 4678 et
798 4614 831 4680 S.
850 4615 981 4698 Georgii
999 4614 1109 4680 Colon.
1134 4613 1265 4679 decanis
1289 4633 1328 4678 ac
1353 4616 1508 4698 magistro
1522 4617 1582 4682 Bu·

243 4717 311 4784 solo
337 4717 378 4784 de
401 4719 519 4785 Parma
542 4721 697 4786 canonico
714 4721 931 4788 Tornacensis
954 4722 1035 4787 eccl.
1060 4720 1228 4806 capellano
1252 4721 1371 4806 papali.

409 4842 482 4912 aeq.
501 4843 580 4913 esf.
601 4845 667 4899 413¹
685 4859 732 4897 nr.
751 4845 836 4899 sose.
