3642 5509
299 432 354 499 3i0
814 434 886 497 1330
906 431 1086 512 September
1103 435 1147 496 39.

301 620 494 687 Theoderici
524 620 604 686 dieti
628 620 716 706 Luyi
744 620 785 687 de
816 621 914 688 (llere
937 621 1048 688 colon.
1077 621 1161 690 dioc.
1190 622 1304 707 petitio
1334 621 1523 688 continebat
1551 615 1635 705 qnod

301 727 421 794 dadum
445 727 524 794 dieti
540 726 737 794 Godefridus
761 734 794 793 et
809 728 997 810 Elerabeth,
1023 727 1069 794 eis
1093 735 1169 793 tunc
1191 748 1393 812 nequaquam
1415 729 1636 813 ignorantibus

300 854 334 900 se
359 855 429 902 esse
453 841 568 918 quarto
592 834 882 919 consanguinitatis
904 833 1008 918 gradu
1026 836 1224 918 coniunctos,
1249 835 1408 904 nonnullis
1431 855 1540 902 eorum
1565 855 1636 902 eon-

300 942 486 1026 sanguineis
508 942 669 1008 nobilibus
698 948 730 1008 et
754 942 939 1028 potentibus
967 943 1181 1010 tractantibus
1205 950 1238 1008 et
1261 942 1304 1008 ad
1328 941 1390 1008 hoe
1418 962 1473 1010 eos
1496 944 1635 1008 animan-

300 1048 387 1115 tibus
410 1070 451 1116 ex
475 1069 524 1132 eo,
558 1048 644 1132 quod
668 1068 709 1115 ex
732 1048 946 1132 matrimonio,
982 1051 1008 1115 si
1032 1048 1123 1115 fieret
1151 1050 1322 1133 intereos,
1357 1052 1482 1134 vigeret
1505 1056 1538 1116 et
1561 1071 1636 1136 aug-

300 1161 495 1222 mentaretur
529 1157 561 1221 in
597 1155 662 1222 illis
694 1157 838 1240 partibus
874 1155 1047 1222 eorundem
1081 1157 1387 1242 consanguineorum
1421 1163 1453 1222 et
1483 1157 1634 1223 nobilium

299 1262 436 1348 amplior
469 1264 560 1348 pacis
583 1263 741 1328 serenitas
775 1269 807 1328 et
831 1261 971 1328 dulcedo
1004 1263 1100 1328 etiam
1125 1264 1280 1347 caritatis,
1313 1269 1407 1349 prout
1431 1262 1491 1329 hec
1520 1262 1636 1330 exinde

300 1368 503 1454 postmodum
527 1375 755 1454 provenerunt,
779 1389 851 1434 eum
876 1369 952 1434 hine
975 1367 1051 1435 inde
1073 1370 1167 1435 lavor
1190 1376 1376 1455 suppeteret
1392 1371 1536 1456 potentie
1559 1375 1634 1436 tem·

299 1476 431 1561 poralis,
456 1476 702 1560 matrimonium,
726 1476 815 1561 prius
831 1475 955 1558 bannis,
980 1481 1015 1541 nt
1038 1482 1086 1542 est
1107 1477 1213 1560 moris,
1238 1475 1335 1542 editis
1351 1482 1384 1542 et
1400 1475 1636 1544 contradictore

299 1583 407 1667 aliquo
430 1583 561 1650 minime
584 1589 772 1669 apparente,
796 1583 934 1650 invicem
959 1589 1198 1662 contraxerunt,
1223 1583 1345 1650 carnali
1366 1585 1450 1650 inter
1473 1603 1529 1651 eos
1551 1590 1635 1670 post-

299 1689 427 1756 modum
457 1690 573 1777 copula
601 1690 782 1756 subsecuta
830 1688 938 1768 Quare
962 1710 1020 1776 pro
1049 1696 1141 1774 parte
1165 1689 1367 1757 eorundem.
1391 1739 1399 1755 .
1425 1690 1515 1756 .iuit
1545 1690 1636 1755 nohis

299 1797 461 1865 humiliter
475 1798 690 1884 supplicatum
709 1847 716 1864 .
735 1847 742 1863 .
760 1846 768 1862 .
797 1797 865 1866 Nos
880 1796 980 1881 igitur
998 1846 1004 1862 .
1023 1846 1031 1864 .
1049 1847 1057 1863 .
1074 1797 1272 1864 fraternitati
1288 1803 1342 1864 tue
1360 1845 1367 1863 .
1386 1847 1393 1863 .
1412 1846 1419 1863 .
1437 1796 1634 1871 mandamus,

299 1905 451 1988 quatinus
479 1904 584 1971 dictos
608 1904 817 1972 Godefridum
852 1910 884 1970 et
906 1903 1088 1989 Elisabeth,
1120 1905 1166 1970 eis
1194 1903 1297 1990 primo
1322 1902 1363 1970 ad
1397 1910 1523 1990 tempus
1546 1905 1635 1970 iuxta

299 2018 354 2078 tue
386 2010 592 2079 discretionis
624 2011 791 2077 arbitrium
823 2011 992 2097 separatis,
1029 2012 1070 2077 ab
1103 2010 1445 2078 excommunicationis
1477 2012 1635 2078 sententia

299 2119 538 2202 ...absolvas
567 2119 711 2184 iniuncta
734 2119 780 2184 eis
803 2137 900 2204 super
923 2117 985 2184 hoc
1013 2117 1191 2205 penitentia
1214 2119 1356 2202 salutari,
1386 2137 1426 2185 ac
1450 2138 1523 2184 cum
1546 2119 1634 2204 ipsis,

300 2223 385 2309 quod
410 2223 638 2311 impedimento
656 2273 663 2290 .
682 2273 690 2290 .
708 2274 715 2290 .
733 2229 767 2292 et
790 2224 862 2291 aliie
878 2225 1040 2308 premissis
1058 2244 1260 2308 nequaqnam
1276 2225 1489 2308 obstantibus,
1513 2224 1634 2311 possint

298 2330 533 2398 matrimonium
557 2332 695 2398 invicem
728 2331 769 2397 de
792 2351 876 2399 noro
906 2330 1008 2398 libere
1032 2331 1223 2398 contrahere
1256 2337 1289 2397 et
1319 2333 1352 2396 in
1384 2351 1433 2409 eo,
1467 2338 1634 2416 postquam

299 2444 499 2505 contractum
522 2437 630 2522 fuerit,
655 2437 743 2504 licite
766 2457 943 2515 remanere,
968 2439 1163 2504 auctoritate
1187 2443 1298 2504 nostra
1315 2437 1490 2524 dispenses,
1514 2439 1635 2524 prolem

297 2543 535 2631 suscipiendam
559 2565 599 2611 ex
622 2545 670 2611 eis
699 2544 876 2630 legitimam
900 2543 1094 2612 nuncianda.
1141 2545 1218 2611 Dat.
1242 2545 1303 2613 Ar.
1327 2543 1464 2611 1111111.
1493 2545 1634 2616 octobris

296 2673 326 2718 a.
352 2651 600 2735 quintodecimo.

456 2777 529 2847 Rep.
548 2776 625 2848 981⁴.
643 2776 683 2832 52
700 2792 748 2832 ar.
767 2777 821 2842 60,·
851 2777 904 2832 Re.
925 2777 1009 2832 1393.

399 3047 519 3118 1954.
554 3050 643 3117 1330
664 3051 858 3137 September
880 3051 935 3115 29.
960 3047 1126 3137 Aegaea.

402 3193 562 3260 Iohannes
586 3193 685 3259 XXII
718 3193 819 3260 nobili
848 3194 917 3260 viro
946 3192 1118 3260 Guillelmo
1143 3194 1252 3260 comiti
1276 3193 1448 3260 iuliacensi
1472 3191 1628 3278 indulget,

295 3304 331 3364 ut
354 3319 426 3366 cnm
450 3301 588 3384 quinque
619 3302 729 3386 probis
753 3301 840 3383 viris,
874 3301 929 3384 qui
959 3305 1083 3367 mature
1112 3301 1208 3368 etatis
1232 3301 1384 3384 existant,
1417 3300 1522 3367 bisin
1546 3320 1629 3366 anno

293 3407 327 3471 in
350 3407 545 3474 monasteria
568 3427 712 3474 sororum
736 3406 770 3473 S.
792 3407 887 3474 Olare
911 3407 1022 3473 Gelon.
1047 3406 1133 3474 dioc.
1157 3407 1283 3492 ingredi
1308 3407 1425 3490 valeat,
1457 3406 1629 3475 dnmmodo

293 3532 413 3597 earum,
448 3533 510 3598 que
545 3512 748 3579 monasteriis
781 3513 861 3598 ipsis
892 3512 1082 3598 prefuerint,
1118 3513 1160 3579 ad
1194 3513 1227 3579 id
1260 3514 1396 3581 accedat
1426 3533 1574 3581 essemus
1596 3519 1629 3579 et

292 3621 355 3706 ipsi
379 3640 488 3688 eomes
511 3619 656 3703 dictique
680 3621 741 3684 viri
764 3617 884 3685 ibidem
907 3639 970 3684 non
996 3620 1167 3686 comedant
1190 3621 1240 3687 vel
1265 3622 1361 3688 etiam
1385 3626 1583 3707 pernoctent.

400 3727 450 3792 Ex
475 3727 662 3793 sinceritate
686 3733 740 3792 tue
763 3725 944 3794 devotionis
962 3775 970 3792 .
988 3775 1021 3792 ..
1068 3728 1144 3793 Dat.
1167 3729 1263 3793 Avia.
1290 3728 1340 3793 111
1365 3728 1410 3794 kl.
1435 3729 1574 3794 octobris
1596 3749 1625 3794 a.

292 3832 539 3918 quintodecimo.

440 3957 515 4028 Reg.
534 3957 573 4012 93
589 3956 614 4027 f.
633 3961 690 4014 415
707 3973 755 4012 aar.
775 3958 850 4022 98&
876 3959 928 4014 aa.
948 3959 1031 4013 1394.

395 4222 518 4291 laos.
546 4223 635 4290 1330
657 4222 851 4309 September
874 4225 929 4289 29.
953 4221 1118 4311 Acipaon.

397 4367 569 4452 [Iohannes
593 4365 704 4452 XXII]
729 4366 866 4433 Iohanni
889 4366 999 4433 comiti
1024 4365 1181 4452 Seynensi
1205 4372 1238 4433 et
1260 4367 1352 4433 nobis
1375 4365 1501 4432 mulieri
1523 4365 1625 4432 Elisa·

288 4472 366 4540 beth
392 4482 468 4541 nate
492 4472 654 4557 quondam
677 4473 836 4540 Gherardi
860 4475 987 4540 comitis
1011 4474 1198 4542 iuliacensis
1221 4474 1330 4541 Gelon.
1355 4472 1441 4539 dioc.

395 4581 438 4647 Et
461 4580 488 4647 si
513 4582 596 4647 inter
619 4580 691 4646 illos
709 4628 716 4644 .
735 4629 743 4645 .
761 4628 768 4645 .
786 4579 872 4646 Sane
895 4600 955 4665 pro
980 4587 1072 4665 parte
1096 4588 1203 4648 vestra
1227 4582 1338 4666 petitio
1362 4581 1454 4647 nohis
1477 4579 1623 4645 exhibita

288 4688 484 4772 continebat,
509 4685 595 4771 quod
620 4687 695 4752 olim
720 4696 764 4770 tn,
788 4686 832 4751 fili
857 4687 1027 4770 Iohannes,
1064 4694 1097 4752 et
1121 4695 1165 4770 tu,
1190 4687 1257 4753 filia
1280 4687 1457 4772 Elisabeth,
1491 4693 1567 4753 tunc
1590 4684 1622 4751 in

287 4795 413 4870 decimo
446 4815 530 4862 anno
562 4792 660 4860 etatis
692 4800 746 4860 tue
774 4793 824 4859 vel
860 4793 948 4861 eirca
971 4793 1059 4859 illum
1084 4795 1270 4877 constituta,
1305 4793 1500 4879 ignorantes,
1536 4792 1621 4878 qnod
