3642 5509
762 435 831 496 teet
850 435 1023 496 November
1040 437 1067 494 e.

370 705 491 772 1322.
518 707 603 772 1327
627 707 814 773 November
835 709 867 771 3.
892 705 1057 793 Aoipaoa.

393 849 552 918 lohannes
575 849 675 916 XXII
711 849 876 917 Bernardo
901 848 942 916 de
965 849 1108 919 Wesalia
1140 849 1338 916 subdiacono
1367 847 1477 915 Oolon.
1510 847 1595 915 dioc.

264 957 522 1028 consideratione
545 959 697 1028 Iohannis
731 961 816 1044 regis
841 958 972 1026 Boemie
1004 979 1063 1045 pro
1086 980 1125 1025 eo
1158 959 1276 1024 clerico
1299 965 1332 1024 et
1362 956 1511 1022 familiari
1538 975 1596 1022 suo

263 1071 474 1157 supplicantis
496 1076 641 1138 reservat
664 1069 852 1136 beneficium
877 1067 1131 1135 ecclesiasticum
1153 1087 1227 1133 enm
1251 1087 1327 1133 cura
1344 1065 1395 1132 vel
1417 1063 1487 1132 sine
1508 1083 1595 1146 cura,

264 1180 360 1245 etiam
385 1180 412 1244 si
436 1178 602 1265 prebenda
624 1179 675 1245 vel
699 1185 889 1264 personatus
913 1177 1040 1257 existat,
1068 1182 1220 1263 spectans
1244 1173 1453 1241 communiter
1476 1171 1528 1248 ,vel
1551 1170 1598 1237 di·

263 1287 356 1354 visim
380 1285 422 1353 ad
454 1284 694 1372 dispositionem
727 1285 882 1371 prepositi
917 1285 1031 1352 decani
1065 1292 1098 1351 et
1130 1284 1263 1372 capituli
1297 1281 1375 1349 eccl.
1400 1281 1597 1347 Xanctensis

263 1393 374 1461 Goion.
399 1393 493 1478 dioc,
528 1396 554 1462 si
584 1394 670 1478 quod
693 1395 726 1460 in
750 1394 839 1461 diota
862 1395 1000 1461 eeclesia
1028 1394 1162 1461 civitate
1184 1393 1236 1460 vel
1260 1391 1382 1458 diocesi
1406 1390 1516 1457 colon.
1540 1409 1597 1455 va·

263 1508 317 1568 cat
340 1501 382 1568 ad
407 1521 538 1588 presens
554 1502 605 1569 vel
629 1523 698 1568 cum
724 1503 898 1585 vacaverit,
922 1523 985 1567 non
1011 1503 1158 1569 obstante
1174 1501 1260 1586 quod
1284 1520 1380 1586 super
1402 1497 1596 1585 parrochiali

263 1609 401 1676 eeclesia
434 1609 476 1677 de
508 1609 716 1680 Nienlrerken
750 1609 837 1677 dicte
870 1609 956 1676 dioc.
989 1610 1107 1694 litigat.
1156 1611 1279 1675 Tamen
1303 1609 1415 1693 vigore
1437 1606 1597 1694 presentis

262 1719 367 1802 gratie
390 1717 580 1785 beneficium
610 1723 755 1784 curatum
778 1718 831 1784 vel
863 1724 1069 1802 personatum
1101 1723 1279 1795 assecutus,
1312 1713 1492 1801 predictam
1523 1735 1595 1800 par·

262 1825 436 1893 rochialem
461 1826 640 1904 ecclesiam,
665 1825 691 1891 si
715 1825 818 1913 ipsam
842 1831 918 1891 tunc
943 1826 1086 1909 evicerit,
1111 1825 1239 1891 omnino
1263 1823 1416 1889 dimittat.

370 1927 437 1995 Illis
464 1927 602 1994 libenter
630 1927 807 2013 apostolice
835 1975 895 1996 ...
943 1927 1018 1993 Dat.
1043 1926 1137 1993 Avin.
1163 1926 1212 1993 Ill
1235 1945 1337 1992 nonas
1359 1924 1542 1991 novembris
1564 1945 1594 1990 a

263 2032 285 2099 d
391 2036 401 2099 i
458 2084 466 2100 .

286 2033 458 2208 IIOdeIcnmeo.
485 2163 526 2208 m.
551 2141 676 2209 decano
700 2141 868 2210 Ressensis
893 2141 1004 2209 Gelon.
1030 2142 1114 2209 dioc.
1138 2149 1171 2208 et
1195 2140 1313 2208 Busolo
1337 2138 1379 2206 de
1401 2141 1519 2207 Parma
1541 2159 1594 2205 ea·

263 2249 391 2335 pellano
423 2250 532 2336 papali
556 2250 771 2318 Tornacensis
793 2270 833 2316 ac
857 2249 1026 2319 Ambrosio
1059 2248 1101 2318 de
1128 2248 1323 2336 Lamayrola
1346 2245 1519 2316 Mediolon.
1543 2267 1596 2314 ca·

262 2357 378 2426 nonico
402 2357 621 2425 eeclesiarum.

422 2501 497 2571 Rep.
516 2501 555 2558 88
574 2499 670 2572 filta‘
688 2515 737 2557 nr.
756 2501 839 2557 3376.

370 2787 493 2856 leae.
531 2789 617 2853 1327
640 2789 827 2855 November
848 2791 881 2854 3.
905 2786 1071 2875 Aeipnoa.

369 2931 529 2997 Iohannes
553 2930 654 3016 XXII
687 2931 723 2996 B.
748 2931 850 2997 Mario
873 2930 1166 3015 Lucemburgensis
1193 2938 1226 2997 et
1255 2931 1288 2999 S.
1315 2929 1509 2999 Villebrordi
1532 2931 1597 3016 Ep·

264 3039 460 3106 tornacensis
484 3038 615 3104 Trever.
641 3037 725 3104 dioc.
749 3037 1015 3104 monasteriorum
1039 3039 1211 3105 abbatibus
1235 3059 1275 3104 ac
1298 3040 1452 3124 magistro
1476 3038 1597 3107 Iacobo

263 3144 305 3211 de
328 3146 452 3211 Mutina
475 3145 647 3213 scolastico
670 3145 749 3211 ecel.
767 3145 929 3211 Tullcnsis
953 3145 1122 3231 capellano
1145 3144 1256 3231 papali
1280 3145 1422 3224 mandat,
1447 3146 1598 3229 quatinus

262 3254 430 3320 Nicolaum
465 3253 505 3320 de
534 3253 758 3337 Lucemburgo
783 3253 972 3318 canonicum
997 3252 1075 3318 eccl.
1101 3253 1284 3338 Pragensis,
1309 3254 1360 3319 cni
1384 3275 1471 3339 papa
1494 3253 1596 3320 eonsi-

263 3359 430 3427 denatione
454 3360 606 3428 Iohannis
634 3361 720 3444 regis
744 3358 875 3426 Boemie
899 3379 958 3444 pro
981 3379 1020 3427 eo
1045 3359 1163 3426 clerieo
1194 3365 1227 3425 et
1250 3361 1375 3427 notario
1399 3380 1456 3427 suo
1479 3359 1599 3446 suppli·

264 3469 367 3534 cantis
391 3469 515 3534 confert
544 3469 766 3534 canonicatum
791 3473 823 3533 et
846 3465 1044 3552 prebendam
1068 3466 1147 3533 ecel.
1174 3467 1208 3533 S.
1224 3468 1351 3533 Paulini
1375 3474 1597 3534 extramuros

264 3575 481 3659 Treverensis‚
514 3574 669 3641 inducant
696 3574 729 3640 in
762 3575 831 3641 eius
861 3575 1094 3661 possessionem
1118 3575 1328 3660 corporalem,
1361 3575 1597 3643 nonobstante

264 3679 349 3764 qnod
374 3680 458 3747 idern
482 3681 637 3750 Nicotaus
653 3681 825 3766 Pragensis
849 3688 882 3748 et
898 3681 932 3748 S.
949 3682 1091 3748 Castoris
1115 3682 1365 3749 incontinentia
1388 3682 1597 3750 ecclesiarum

263 3788 322 3854 sub
347 3790 572 3874 expectatione
596 3787 829 3874 prebendarum
855 3790 1029 3855 canonicus
1045 3790 1156 3856 existit
1173 3796 1206 3855 et
1222 3790 1309 3874 qnod
1332 3789 1522 3856 beneficium
1546 3811 1598 3856 ec·

264 3895 478 3962 elesiasticum
511 3903 661 3982 spectans
694 3894 735 3961 ad
770 3896 973 3962 collationem
1004 3897 1132 3963 abbatis
1155 3902 1188 3962 et
1212 3903 1389 3963 conventus
1410 3899 1597 3964 monasterii

264 4001 297 4068 S.
314 4001 500 4068 Villibrordi
523 4003 773 4088 Epternacensis
797 4009 959 4089 expectat.
991 4005 1117 4070 Vacant
1141 4024 1216 4070 vero
1241 4006 1450 4072 canonicatus
1473 4012 1506 4070 et
1528 4025 1598 4090 pre

264 4107 370 4175 benda
403 4110 481 4176 cccl.
505 4110 632 4176 Paulini
656 4129 697 4175 cx
722 4129 768 4194 eo,
796 4109 881 4194 quod
906 4109 1102 4177 Guillermns
1125 4110 1280 4194 Pinchon‚
1314 4113 1365 4178 oui
1394 4133 1480 4197 papa
1505 4133 1598 4179 cano

263 4217 404 4282 nicatum
429 4223 461 4283 et
484 4216 680 4303 prebendam
704 4217 784 4283 eccl.
801 4216 1013 4284 virdunensis
1037 4218 1172 4284 contulit
1195 4216 1410 4301 decernendo,
1432 4226 1469 4285 ut
1484 4219 1597 4285 borum

263 4325 495 4408 possessionem
531 4329 697 4390 assecutus
731 4323 874 4389 dimittat
910 4324 1134 4390 canonicatum
1168 4330 1200 4390 et
1233 4324 1430 4411 prebendam
1458 4326 1538 4392 ecel.
1562 4324 1596 4395 S.

263 4430 401 4513 Paulini,
425 4431 551 4498 illorum
574 4429 807 4515 possessionem
832 4438 881 4497 cst
905 4437 1080 4497 assecutus.

371 4537 440 4604 Illis
469 4538 605 4606 libenter
628 4537 806 4623 apostolice
942 4539 1018 4606 Dat.
1043 4538 1137 4604 Asin.
1163 4538 1214 4604 III
1236 4558 1338 4606 nonas
1361 4539 1543 4605 novembris
1566 4560 1596 4607 a.

264 4643 466 4711 duodecimo.

417 4777 474 4849 Rp.
494 4778 533 4832 86
549 4776 574 4849 f.
593 4778 654 4834 303
671 4793 719 4833 ar.
739 4778 819 4834 1776.
