3642 5509
308 413 363 470 540
849 419 918 474 1338
935 419 1072 475 Februar
1091 421 1133 476 22.

417 596 468 661 Ad
492 597 631 663 futuram
656 599 700 664 rei
724 600 920 665 memoriam.
978 601 1057 667 Cum
1081 622 1123 668 ex
1146 602 1290 668 iniuncto
1314 603 1406 668 nobis
1436 651 1444 667 .
1473 650 1480 666 .
1510 652 1518 668 .
1567 601 1640 665 Dat.

309 702 393 768 Avia
419 703 450 768 X
475 703 520 770 kl.
545 706 651 770 martii
677 725 706 770 a.
732 713 857 789 quarto.

459 847 531 921 Ray.
551 849 609 904 126
625 849 650 922 s.
670 851 691 905 2
708 867 756 905 ar.
776 853 819 906 17.

418 1190 540 1258 cars.
566 1197 652 1260 1338
675 1195 828 1261 semaa
851 1199 904 1261 22.
929 1194 1094 1282 napea

417 1353 611 1422 Benedictus
646 1356 822 1423 Bertholdo
857 1358 1009 1443 episcopo
1043 1358 1273 1442 Argentinensi
1308 1357 1455 1439 mandat,
1492 1355 1645 1440 quatinus

310 1461 470 1528 Willclmo
494 1463 534 1529 de
559 1465 690 1550 Genepe
718 1465 873 1532 canonico
897 1465 1080 1532 Coloniensi
1107 1465 1193 1552 apud
1222 1465 1332 1532 sedem
1360 1465 1571 1552 apostolicam
1603 1461 1644 1527 de

310 1570 477 1636 nobilitate
500 1573 638 1656 generis,
671 1573 737 1639 vite
760 1593 799 1638 ac
823 1594 945 1638 morum
977 1574 1145 1639 honestate
1174 1573 1398 1640 commendato
1427 1572 1571 1638 conferat
1596 1589 1646 1635 ec

311 1678 406 1743 clesie
435 1677 635 1747 Sosaciensis
659 1680 768 1747 Colon.
800 1681 883 1747 dioc.
917 1681 1152 1767 preposituram
1186 1688 1371 1747 consuetam
1404 1682 1446 1747 ab
1479 1679 1553 1746 olim
1588 1698 1646 1763 per

311 1787 484 1852 canonicos
507 1787 616 1853 Colon.
642 1788 719 1854 eccl.
753 1789 936 1874 gubernari,
969 1788 1011 1855 ad
1046 1809 1141 1872 quam
1174 1790 1329 1875 prepositi
1361 1790 1463 1875 ipsius
1495 1786 1644 1866 ecclesie,

310 1893 364 1976 qui
389 1893 518 1959 fuerunt
542 1916 599 1980 pro
616 1902 769 1981 tempore,
794 1903 1027 1963 consueverunt
1050 1917 1107 1982 per
1131 1897 1321 1962 electionem
1346 1895 1465 1961 assumi
1489 1895 1645 1975 cuiusque

310 2001 433 2066 fructus
457 1999 666 2069 ducentorum
689 2001 879 2069 florenorum
903 2002 974 2068 auri
990 2003 1042 2069 rel
1066 2003 1154 2069 circa
1169 2003 1312 2070 valorem
1336 2022 1475 2068 annuum
1499 2020 1562 2067 non
1587 2020 1644 2064 ex·

311 2106 440 2192 cedunt,
473 2132 536 2176 non
560 2111 709 2176 obstante
733 2109 817 2193 quod
842 2111 1021 2178 Willelmus
1043 2113 1076 2176 in
1101 2111 1282 2178 Coloniensi
1306 2111 1468 2176 Bunnensi
1492 2117 1525 2175 et
1548 2106 1644 2173 Zefli·

311 2217 399 2284 censi
435 2218 580 2284 ecclesiis
615 2217 824 2284 canonicatus
862 2226 895 2284 ct
927 2219 1109 2303 prebendas
1144 2239 1184 2284 ac
1215 2219 1373 2304 capellam
1406 2219 1438 2283 in
1471 2213 1644 2282 Bilrcnede

312 2323 412 2390 Leod.
439 2323 521 2390 dioc.
547 2325 681 2390 obtinet.
729 2324 852 2390 Tamen
881 2327 1116 2410 preposituram
1148 2335 1313 2392 moecatus
1343 2323 1485 2390 dimittat
1515 2323 1645 2389 canoni·

312 2440 403 2497 catus
427 2439 459 2497 et
488 2431 669 2518 prebendas
694 2432 894 2497 Bunnenscm
919 2439 952 2498 et
974 2431 1183 2499 Zeflicensem
1207 2453 1247 2498 ac
1270 2431 1428 2518 capellam
1452 2429 1645 2516 predictam.

317 2576 349 2584 -
371 2539 608 2624 Proposituram
637 2538 817 2625 predictam
841 2540 998 2606 Henricus
1021 2539 1284 2626 archiepiscopus
1306 2540 1522 2624 Maguntinus,
1555 2544 1645 2603 ante·

313 2665 408 2728 quarn
430 2647 665 2730 possessionem
689 2646 858 2733 pacificam
881 2647 1180 2733 archiepiscopatus
1204 2653 1370 2714 assecutus
1393 2648 1489 2730 foret,
1513 2667 1554 2712 ex
1570 2666 1645 2711 con·

313 2754 457 2819 cessione
480 2753 566 2819 sedis
590 2755 777 2839 apostolice,
806 2756 945 2821 obtinuit
972 2755 1005 2820 iu
1030 2753 1269 2837 commendam
1299 2753 1357 2820 sed
1381 2775 1439 2840 per
1461 2753 1645 2839 generalem

314 2859 572 2926 commendatum
596 2861 776 2928 huiusmodi
802 2864 1038 2928 revocationem
1061 2861 1274 2929 aBenedicto
1298 2860 1500 2948 postmodum
1524 2860 1645 2926 factam

311 2969 441 3033 vacarit
472 2975 503 3032 et
532 2975 627 3035 vacat
651 2967 693 3034 ad
718 2989 857 3054 presens.
911 2970 1062 3036 Decanus
1094 2977 1202 3036 tamen
1234 2977 1268 3035 et
1300 2969 1475 3055 capitulum
1508 2967 1646 3033 ecclesie

312 3073 511 3141 Sosaciensis
547 3075 786 3143 considerantes
825 3076 995 3143 eeclesiam
1033 3078 1137 3162 ipsam
1171 3079 1205 3141 in
1232 3075 1348 3143 finibus
1382 3075 1520 3140 diocesis
1555 3075 1645 3141 Colo·

312 3183 431 3248 niensis
464 3190 496 3248 et
525 3185 557 3248 in
586 3185 769 3251 invasorum
801 3194 964 3273 raptorum
998 3192 1227 3272 occupatorum
1261 3206 1300 3251 ac
1333 3183 1510 3270 predonum
1543 3184 1645 3249 eccle·

312 3290 429 3355 siarum
454 3310 494 3356 ac
517 3312 620 3356 rerum
648 3311 775 3358 suarum
805 3293 911 3359 medio
940 3294 1145 3359 constitutam
1177 3293 1347 3359 defensore
1371 3293 1494 3378 potenti
1518 3298 1552 3357 et
1573 3291 1646 3357 utili

312 3395 468 3482 indigere,
502 3397 638 3464 eundem
668 3399 872 3484 Willelmum,
905 3420 963 3486 per
993 3401 1083 3466 cuius
1110 3407 1143 3465 et
1172 3401 1480 3484 consanguineorum
1504 3405 1537 3465 et
1567 3400 1646 3464 ami·

313 3525 420 3570 corum
444 3525 571 3572 suorum
596 3507 913 3592 circumspectionem
938 3514 970 3573 et
994 3509 1169 3593 potentiam
1193 3509 1264 3572 iura
1284 3507 1484 3573 Sosaciensis
1507 3507 1646 3574 ecclesie

313 3612 475 3679 defensari
509 3621 668 3699 poterunt.
689 3621 722 3680 et
752 3614 848 3680 etiam
881 3616 1083 3697 augmentari
1108 3622 1141 3680 et
1164 3635 1221 3701 pro
1246 3635 1308 3698 quo
1342 3616 1439 3681 etiam
1464 3614 1646 3680 Walramus

313 3719 576 3807 archiepiscopus
599 3722 806 3808 supplicatur,
837 3721 869 3786 in
893 3741 984 3788 suum
1008 3729 1040 3788 et
1064 3722 1201 3788 ecclesie
1224 3721 1425 3789 Sosaciensis
1447 3722 1644 3806 prepositum

313 3828 516 3894 concorditer
539 3829 788 3913 postularemut.

420 3935 562 4022 Dignum
586 3936 777 4001 arbitramur
800 3943 832 4002 et
856 3956 1030 4021 congruum
1049 3986 1055 4001 .
1075 3985 1108 4002 ..
1156 3937 1232 4002 Dat.
1250 3937 1345 4001 Avin.
1363 3936 1443 4000 VlIl
1467 3935 1513 3999 kl.
1537 3936 1644 4000 martii

313 4065 342 4110 a.
368 4051 492 4127 quarto.

468 4148 541 4218 Rep.
563 4149 619 4204 126
638 4166 685 4204 ar.
704 4152 769 4206 283.

422 4432 545 4499 2819.
572 4433 667 4497 1338.
692 4433 846 4498 Febraur
869 4435 922 4496 22.
946 4430 1110 4518 Auipaou.

421 4575 615 4642 Benedictus
639 4575 704 4641 XII
739 4575 915 4641 Bartholdo
944 4577 1095 4661 episcopo
1128 4575 1356 4660 Argentinensi
1390 4571 1532 4656 mandat,
1569 4591 1643 4654 qua·

315 4687 399 4750 tinus
431 4680 609 4749 Remboldo
637 4683 677 4748 de
705 4682 848 4768 Vlodorp
882 4683 1036 4748 canonico
1069 4682 1148 4748 cccl.
1180 4682 1238 4748 SS.
1273 4680 1497 4767 Apostolorum
1532 4678 1641 4746 (lolon.

314 4792 347 4856 in
371 4790 620 4857 subdiaconatus
650 4791 764 4857 ordine
792 4791 968 4857 constituto
991 4791 1114 4877 petenti
1136 4789 1282 4857 conferat
1306 4787 1448 4856 eiusdem
1471 4787 1550 4853 eccl.
1574 4807 1641 4873 pre·
