3642 5509
851 423 921 480 1360
939 422 1061 494 August
1079 423 1103 478 2.

394 606 556 674 Nobilitas
579 606 716 690 generis,
741 605 807 671 vite
825 655 832 669 .
851 653 884 670 ..
919 605 1005 670 Sane
1029 605 1136 671 oblate
1160 603 1252 670 nobis
1269 625 1326 688 pro
1350 612 1442 690 parte
1466 611 1522 670 tua
1542 597 1620 688 peti-

285 714 383 780 tionis
407 714 507 780 series
531 713 727 795 continebat,
752 713 836 796 quod
861 711 981 777 dudum
1007 719 1041 777 ω
1065 719 1142 778 ωηο
1166 713 1253 779 circa
1276 720 1424 779 octavum
1450 712 1546 778 etatis
1567 717 1621 775 tue

285 842 402 887 annum
432 821 624 887 constitutus
654 820 876 886 canonicatum
907 827 940 885 et
967 819 1163 904 prebendam
1195 820 1227 883 in
1256 819 1394 885 ecclesia
1417 819 1450 884 S.
1476 817 1620 884 Severini

288 929 389 994 Coton
408 979 415 992 .
433 979 440 992 .
459 977 467 993 .
484 934 650 995 assecutus
666 927 756 994 luisti
780 929 931 1012 ipsosque
948 947 1005 1012 per
1028 927 1135 1011 plures
1151 946 1251 992 annos
1275 927 1403 992 tenuisti
1423 975 1429 992 .
1448 977 1455 992 .
1476 925 1621 990 .tsuctus

285 1036 469 1122 percipiens
492 1055 533 1100 ex
557 1033 676 1100 cisdem
701 1055 740 1100 ac
763 1033 881 1100 deinde
906 1035 1062 1100 dictos..
1082 1054 1164 1119 .pro
1189 1034 1378 1100 canonicatu
1401 1042 1433 1099 et
1456 1031 1621 1119 prebenda

286 1144 423 1210 ecclesie
440 1142 619 1207 Bonnensis
635 1191 643 1206 .
662 1191 669 1207 .
689 1189 695 1202 .
713 1142 902 1226 permutasti
920 1148 1016 1224 teque
1033 1140 1138 1207 fecisti
1155 1139 1195 1206 ad
1214 1161 1323 1206 omnes
1339 1141 1477 1207 minores
1493 1138 1621 1206 ordines

285 1247 477 1336 promoveri,
507 1255 540 1314 et
563 1248 649 1331 quod
673 1247 874 1332 postmodnm
906 1248 964 1313 tibi
995 1246 1037 1313 de
1067 1249 1258 1314 canonicato
1288 1247 1425 1315 ecclesie
1450 1247 1621 1333 Carpensis

286 1357 397 1424 Oolon.
422 1354 506 1422 dioc.
524 1405 532 1420 .
550 1405 558 1421 .
577 1405 584 1420 .
601 1354 800 1440 providimus
817 1405 825 1420 .
842 1405 848 1418 .
867 1405 873 1420 .
908 1355 987 1420 Cum
1012 1361 1119 1421 antem
1144 1361 1274 1440 propter
1297 1356 1468 1421 iuvenilem
1492 1362 1620 1437 etatem,

285 1465 319 1530 in
343 1485 407 1549 qua
429 1469 572 1548 tempore
595 1463 807 1528 assecutiouis
830 1461 987 1528 dictorum
1012 1463 1220 1529 canonicatus
1237 1469 1269 1528 ct
1292 1462 1455 1548 prebende
1479 1461 1620 1527 ciusdem

286 1572 422 1639 ecclesie
457 1571 603 1637 Severini
631 1621 639 1636 .
666 1617 674 1632 .
700 1570 874 1652 existebas,
914 1568 1044 1652 hesites,
1084 1591 1126 1634 an
1164 1578 1241 1634 ωηο
1274 1569 1416 1634 clericali
1456 1575 1621 1634 caractere

285 1680 456 1763 insignitus
479 1679 644 1761 existeres,
667 1678 760 1744 nobis
783 1676 945 1742 humiliter
968 1677 1158 1762 supplicasti
1182 1726 1189 1742 .
1212 1725 1219 1742 .
1243 1725 1251 1742 .
1282 1677 1350 1744 Nos
1373 1678 1482 1760 itaque
1504 1725 1511 1740 .
1535 1682 1621 1741 ..te

286 1786 492 1854 habilitamus
509 1835 517 1851 .
535 1832 541 1846 .
562 1785 772 1868 .fructusque
790 1835 797 1850 .
816 1833 824 1850 .
844 1833 852 1850 .
870 1785 930 1849 tibi
945 1785 1155 1850 remittimus.
1171 1833 1201 1849 ..
1235 1785 1310 1850 Dat.
1327 1785 1421 1850 Avia.
1438 1784 1505 1849 llll
1523 1803 1621 1848 nonas

287 1893 417 1978 angusti
441 1914 471 1959 a.
496 1891 747 1976 quartodecimo.

436 2017 510 2088 aeq.
529 2017 567 2074 96
584 2032 632 2071 ar.
653 2017 736 2074 aera

393 2306 517 2372 1938.
548 2308 635 2371 1330
660 2307 791 2392 Asperat
815 2310 846 2370 2.
877 2304 1042 2391 Aoipuou.

396 2447 567 2533 [Iohannes
582 2447 694 2532 XXII]
711 2448 885 2514 Salmanno
902 2449 1054 2533 episcopo
1072 2448 1297 2513 Wormatiensi
1322 2454 1354 2512 et
1378 2447 1411 2513 S.
1430 2446 1559 2512 Andree
1582 2466 1622 2511 ao

289 2556 324 2622 S.
350 2557 500 2636 (ωοοηα)
524 2555 732 2622 ecclesiarum
755 2555 865 2622 (loton.
890 2554 1031 2622 decanis.

396 2662 558 2731 Nobilitas
580 2661 718 2746 generis,
748 2664 842 2728 vite.
867 2712 873 2723 .
898 2712 904 2727 .
927 2661 1012 2728 Sane
1042 2663 1133 2728 nobis
1162 2683 1219 2748 pro
1250 2669 1342 2746 parte
1370 2662 1448 2728 dicti
1473 2661 1624 2727 Iohannis

292 2769 446 2854 [Conradi
471 2769 512 2834 de
535 2769 704 2835 Vissenich
729 2771 837 2835 clerici
863 2770 1063 2836 Coloniensis
1087 2769 1183 2854 dioc]
1208 2769 1364 2854 exposito,
1394 2767 1478 2852 quod
1505 2767 1622 2833 dudum

288 2879 360 2962 ipse
389 2884 466 2941 ωηο
491 2877 580 2942 circa
612 2882 761 2942 octavum
786 2877 882 2942 etatis
906 2897 962 2941 sue
986 2897 1102 2941 annum
1128 2877 1320 2942 constitutus
1344 2876 1567 2941 canonicatum
1592 2881 1623 2954 et

288 2983 487 3070 prebendam
511 2984 543 3048 in
568 2984 647 3049 ecel.
665 2983 698 3049 S.
712 2984 858 3050 Severini
875 2983 1085 3067 coloniensis,
1110 2984 1190 3049 alias
1214 2985 1277 3050 sibi
1302 2984 1455 3049 canonice
1479 2983 1622 3063 collatos,

288 3096 454 3158 assecutus
470 3091 577 3156 fuerat
589 3092 740 3175 ipsosque
758 3111 814 3176 per
831 3091 939 3175 plures
955 3111 1056 3156 annos
1073 3096 1263 3156 tenuerat..
1280 3139 1286 3152 .
1303 3090 1427 3156 fructus
1443 3089 1622 3174 percipiens

288 3217 329 3263 ex
353 3196 486 3279 eisdem,
511 3203 544 3263 et
568 3196 686 3263 deinde
710 3197 816 3263 dictos
840 3199 1062 3264 canonicatum
1088 3203 1120 3263 et
1138 3196 1332 3282 prebendam
1357 3218 1414 3282 pro
1433 3197 1621 3261 canonicatu

288 3311 320 3372 et
344 3303 509 3390 prebenda
533 3305 670 3370 ecclesie
687 3305 865 3371 Bonnensis
882 3305 992 3370 Coton.
1018 3303 1102 3370 dioc.
1128 3305 1281 3370 canonice
1305 3310 1502 3388 permutarat
1525 3321 1623 3386 seque

287 3412 412 3478 iecerat
435 3411 477 3477 ad
501 3431 611 3477 omnes
634 3412 773 3477 minores
797 3409 925 3476 ordines
949 3411 1144 3495 promoveri;
1170 3417 1202 3476 et
1226 3409 1312 3494 qnod
1336 3409 1537 3495 postmodum
1561 3408 1621 3474 sibi

288 3519 330 3586 de
354 3520 545 3585 canonicatu
569 3518 707 3584 ecclesie
731 3518 903 3603 carpensis
932 3516 1019 3583 dicte
1043 3518 1154 3584 Colon.
1180 3517 1263 3583 dioc.
1288 3566 1294 3579 .
1322 3567 1328 3582 .
1352 3568 1359 3583 .
1382 3515 1623 3602 providet-amns

289 3631 323 3691 et
345 3626 542 3710 prebendam
561 3675 568 3690 .
587 3674 594 3689 .
613 3675 620 3690 .
637 3626 670 3689 in
695 3624 783 3690 dicta
807 3625 944 3691 ecclesia
963 3673 970 3689 .
990 3673 996 3688 .
1015 3674 1022 3689 .
1040 3624 1143 3691 eidem
1163 3675 1170 3691 .
1189 3675 1196 3690 .
1215 3625 1433 3690 ‚duxeramus
1463 3644 1624 3690 reservan-

290 3733 363 3798 dam
387 3781 394 3797 .
414 3781 448 3798 ..
490 3733 623 3818 ipseque
657 3731 815 3798 lohannes
850 3737 981 3816 propter
1016 3732 1186 3798 iuvenilem
1220 3738 1349 3815 etatem,
1385 3752 1448 3814 qua
1481 3737 1622 3816 tempore

288 3835 500 3906 assecutiouis
513 3837 671 3903 dictorum
685 3839 893 3904 canonicatus
906 3845 939 3903 et
951 3837 1115 3924 prebende
1128 3838 1271 3904 eiusdem
1284 3839 1422 3904 ecclesie
1434 3839 1466 3905 S.
1479 3836 1622 3904 Severini

289 3997 296 4012 .
314 3995 322 4010 .
341 3997 348 4012 .
366 3947 536 4029 existebat,
560 3944 725 4028 hesitaret,
749 3966 790 4010 an
812 3952 886 4010 tunc
906 3945 1047 4011 clericali
1073 3953 1237 4011 caractere
1261 3948 1414 4012 existeret
1437 3947 1622 4030 insignitus3

288 4055 443 4136 nobisque
467 4074 524 4138 pro
548 4060 641 4137 parte
657 4053 757 4137 ipsius
774 4051 937 4117 humiliter
961 4053 1153 4138 supplicato,
1178 4057 1214 4117 ut
1237 4052 1279 4118 ad
1296 4053 1454 4119 cautelam
1479 4059 1511 4118 et
1534 4071 1623 4118 suam

288 4160 518 4227 conscientiam
542 4158 734 4225 servandam
758 4159 820 4225 sibi
843 4179 940 4244 super
964 4158 1026 4226 hoe
1050 4157 1092 4224 de
1116 4166 1273 4244 oportuno
1291 4157 1459 4244 providere
1482 4157 1623 4225 remedio

288 4266 504 4352 dignaremur,
527 4286 587 4331 nos
604 4314 611 4331 .
630 4318 637 4333 .
656 4316 662 4329 .
680 4266 784 4350 ipsum
799 4315 807 4330 .
822 4315 829 4330 .
845 4315 851 4330 .
865 4264 1127 4332 habilitavimus.
1144 4315 1150 4331 .
1166 4317 1173 4330 .
1187 4266 1375 4349 fructusque
1390 4316 1397 4332 .
1412 4316 1419 4330 .
1435 4314 1441 4331 .
1455 4273 1624 4351 perceptos

289 4373 437 4441 exdictas
469 4373 711 4438 canonicatibus
750 4382 782 4438 et
814 4372 987 4457 prebendis
1015 4373 1075 4438 sibi
1108 4373 1288 4440 remisimus
1315 4423 1322 4438 .
1350 4422 1357 4438 .
1386 4422 1393 4437 .
1430 4373 1621 4465 Discretioni

288 4486 395 4549 vestre
411 4530 419 4546 .
438 4530 445 4546 .
464 4530 471 4546 .
488 4479 687 4558 mandamus,
711 4482 860 4562 quatinus
879 4531 885 4544 .
904 4530 911 4544 .
932 4479 1181 4546 ‚canonicatum
1205 4486 1238 4545 et
1262 4478 1457 4565 prebendam
1482 4479 1623 4545 ciusdem

289 4589 424 4657 ecclesie
441 4589 619 4655 Bonnensis
633 4637 640 4651 .
656 4587 739 4654 ..de
755 4589 823 4653 iure
840 4595 1016 4654 vacantes.
1033 4637 1039 4651 .
1055 4637 1062 4652 .
1076 4587 1180 4652 eidom
1199 4586 1331 4652 Iohanni
1351 4587 1401 4653 vel
1426 4587 1624 4671 procuratori

288 4715 346 4763 suo
364 4745 371 4762 .
390 4744 397 4758 .
416 4745 423 4761 .
441 4695 585 4762 conferre
609 4703 641 4762 et
664 4695 830 4779 assignare
847 4697 965 4762 curetis
983 4745 990 4760 .
1009 4744 1016 4759 .
1036 4746 1042 4760 .
1075 4694 1226 4760 Prefatas
1249 4696 1332 4761 enim
1348 4701 1473 4760 nostras
1488 4695 1623 4778 litteras,

290 4823 348 4889 per
371 4823 451 4889 quas
468 4851 475 4868 .
494 4853 501 4866 .
521 4853 527 4869 .
545 4805 576 4866 in
610 4801 700 4868 dicta
724 4802 879 4887 carpensi
913 4803 1051 4869 ecclesia
1074 4802 1297 4869 incanonicum
1332 4808 1381 4868 est
1403 4809 1552 4886 receptus
1585 4821 1625 4867 ac
