3642 5509
291 402 346 462 500
435 425 437 430 ’
862 405 931 460 1836
949 403 1024 461 Juni
1044 407 1085 460 13.

293 606 411 670 eorum,
444 586 472 652 si
496 591 616 668 extent,
650 585 772 669 exigas,
806 585 891 668 quod
915 606 936 651 a
958 584 1114 670 predictis
1137 585 1363 652 collectoribus
1394 592 1427 652 et
1450 584 1626 652 subcollec·

292 694 413 761 toribus
437 694 478 759 de
501 693 563 759 hiis
587 695 716 778 exigere
740 694 791 760 vel
815 712 1005 779 recuperare
1029 693 1176 777 nequibis
1210 745 1217 760 .
1243 743 1251 760 .
1277 744 1284 760 .
1331 695 1407 764 Dat.
1432 695 1526 759 Avin.
1550 692 1627 758 idus

292 800 371 867 iunii
394 824 424 868 a.
449 800 599 868 seeundo.

441 933 514 1002 1129.
533 930 627 1000 131f
651 931 699 986 39‘
717 947 764 985 nr.
785 935 846 986 138.

398 1227 527 1294 2222.
556 1231 643 1294 raes
667 1229 753 1295 222
778 1230 829 1293 13.
854 1225 1019 1314 nuqua.

399 1373 584 1438 Bendictua
626 1373 701 1437 XII
743 1373 889 1439 Iohanni
924 1374 1039 1459 Operis
1084 1374 1252 1439 collectori
1283 1375 1461 1460 fructuum
1493 1391 1626 1438 2222222

293 1480 474 1565 apostolice
498 1481 648 1558 mundat,
681 1482 841 1565 quatinus
869 1481 1156 1562 sudcollcctorurn,
1189 1483 1247 1566 que'
1269 1482 1379 1546 uocati
1407 1480 1453 1545 ad
1483 1481 1625 1562 curium,

292 1595 330 1652 ut
353 1588 532 1653 redderent
555 1589 732 1669 rationem,
761 1609 829 1652 non
851 1597 1024 1671 uenerunt,
1053 1589 1212 1675 beneficia
1234 1589 1282 1653 ad
1305 1609 1443 1653 manum
1461 1587 1627 1673 papalem

287 1702 398 1780 ponat
422 1716 599 1780 eorumque
620 1697 756 1781 fructus
778 1697 840 1760 sub
864 1696 981 1760 eadem
1005 1716 1107 1759 manu
1131 1695 1277 1780 colliqat.

398 1836 604 1922 [Benedictus
630 1837 705 1921 Xll]
741 1837 846 1902 eidem
875 1839 992 1904 nuncio
1016 1837 1163 1922 [Iohanni
1193 1838 1303 1922 Ogerii
1333 1835 1456 1902 decarm
1480 1835 1558 1902 eccl.
1583 1835 1626 1901 (12

292 1943 415 2030 Β2122].

398 2052 478 2118 Cum
502 2051 690 2118 collectores
714 2051 872 2116 fruetuum
896 2052 1058 2118 annalium
1082 2051 1308 2118 beneficiorum
1332 2051 1626 2118 ecclesiasticorum

290 2179 349 2246 per
374 2208 381 2223 .
406 2208 413 2223 .
439 2159 614 2225 Iohannem
644 2179 761 2244 papam
786 2159 885 2222 XXII
910 2208 918 2224 .
944 2208 952 2224 .
978 2210 985 2224 .
1010 2159 1085 2224 olim
1116 2161 1148 2224 in
1173 2159 1342 2225 Bisontina
1373 2165 1406 2224 et
1429 2157 1622 2224 Treverensi

290 2266 464 2352 provinciis
488 2265 632 2350 deputati
658 2267 787 2329 —iam
812 2265 867 2329 diu
891 2272 941 2331 est
964 2301 1006 2313 —
1030 2268 1138 2333 vocati
1170 2287 1228 2351 per
1262 2272 1387 2332 nostras
1419 2265 1555 2346 litteras,
1588 2271 1625 2329 ut

291 2393 326 2440 se
349 2377 571 2457 presentarent
603 2373 636 2436 in
660 2379 769 2436 nostra
793 2391 922 2437 camera
955 2374 1094 2439 rationes
1126 2393 1201 2439 suas
1234 2372 1276 2439 de
1306 2373 1451 2438 collectis
1481 2391 1540 2457 per
1568 2389 1626 2436 eos

292 2477 448 2545 reddituri
475 2478 613 2544 fideliter
647 2485 679 2544 et
712 2479 835 2562 reliqua
867 2480 1030 2564 prestituri
1065 2485 1097 2544 et
1130 2481 1293 2565 expectati
1326 2486 1399 2564 post
1422 2480 1625 2545 vocationem

292 2585 472 2653 huiusmodi
506 2586 601 2668 longo
635 2592 778 2670 tempore
801 2585 911 2651 venire
941 2585 984 2650 ad
1017 2585 1151 2652 eandem
1186 2606 1346 2652 cameram
1381 2605 1444 2652 non
1474 2585 1625 2658 curarint,

292 2692 477 2759 discretioni
500 2697 554 2757 tue
579 2741 586 2756 .
612 2745 619 2760 .
646 2741 653 2757 .
678 2691 876 2776 mandamus,
902 2693 1051 2775 quatinus
1075 2693 1263 2758 collectores
1286 2690 1415 2758 eosdem
1441 2741 1500 2757 ...
1525 2693 1627 2757 citare

292 2819 454 2886 procures,
486 2807 521 2863 ut
555 2799 639 2864 infra
663 2805 783 2865 certum
817 2801 1064 2885 peremptorium
1098 2801 1266 2865 terminum
1291 2805 1524 2885 competentem
1549 2849 1556 2863 .
1583 2848 1590 2863 .
1617 2847 1625 2864 .

291 2908 324 2972 in
348 2905 462 2972 eadem
486 2925 613 2971 camera
637 2905 793 2971 reddituri
818 2908 960 2972 rationes
983 2906 1147 2992 predictas
1171 2915 1203 2972 et
1227 2906 1345 2972 deinde
1368 2908 1531 2992 prestituri
1556 2907 1627 2971 reli·

293 3034 356 3096 qua
381 3063 388 3078 .
414 3063 421 3077 .
448 3062 455 3077 .
479 3013 691 3097 personaliter
723 3033 757 3078 se
780 3020 976 3098 presentent.
1023 3013 1065 3078 Et
1088 3014 1165 3096 quia
1198 3014 1321 3079 tamdiu
1345 3015 1454 3079 venire
1480 3015 1625 3079 ammise-

291 3127 374 3204 rant,
399 3131 433 3186 ut
448 3120 615 3204 prefertur,
640 3116 818 3184 addictam
841 3139 1001 3185 cameram
1018 3115 1074 3206 [et]
1092 3121 1298 3186 vehementer
1321 3120 1539 3204 reddiderunt,
1563 3121 1624 3186 nisi

292 3228 388 3291 aliam
421 3229 536 3292 iustam
569 3227 807 3291 excusationem
842 3228 966 3310 possint
1003 3225 1202 3311 pretendere,
1238 3247 1273 3292 se
1305 3235 1482 3312 suspectos,
1519 3227 1626 3294 omnia

294 3334 447 3399 trenelioia
470 3332 691 3399 ecclesiastica
715 3332 886 3398 eorundem
916 3332 958 3397 ad
983 3355 1108 3398 manum
1133 3342 1274 3399 nostrum
1298 3355 1418 3419 ponere
1441 3354 1480 3400 ac
1504 3334 1625 3400 fructus

291 3440 435 3507 redditus
459 3449 492 3505 et
516 3447 689 3525 proventus
711 3439 835 3504 illorum
871 3441 930 3506 sub
962 3441 1074 3505 eadem
1109 3461 1201 3505 manu
1227 3441 1389 3525 colligere,
1425 3441 1529 3506 donec
1563 3441 1625 3525 ipsi

292 3549 528 3633 comparuerint
549 3548 583 3612 in
606 3545 719 3612 eadem
744 3565 871 3617 camera
894 3553 927 3612 et
950 3568 1007 3631 per
1030 3568 1101 3612 eam
1125 3548 1183 3613 tibi
1207 3547 1295 3613 aliud
1316 3547 1501 3614 mandatum
1525 3547 1623 3614 fuerit

292 3675 387 3739 super
410 3654 481 3737 hoe,
514 3674 577 3720 non
601 3659 786 3738 postponas,
822 3651 1075 3719 contradictores
1098 3673 1156 3739 per
1182 3675 1346 3721 censuram
1371 3655 1622 3720 ecclesiasticam

292 3761 508 3847 appellatione
531 3758 710 3846 postposita
734 3759 969 3844 compescendo
994 3809 1053 3825 ...
1092 3762 1166 3826 Dat.
1191 3769 1345 3847 utsupra
1369 3765 1421 3845 (=
1442 3763 1534 3827 Avin.
1554 3761 1625 3826 idus

293 3869 370 3935 iunii
396 3890 425 3933 a.
450 3866 603 3935 secundo.

451 4010 525 4082 Bcp.
545 4011 600 4066 131
618 4007 642 4078 f.
662 4010 699 4062 40
717 4023 763 4062 nr.
784 4010 848 4063 139.

408 4299 535 4366 22⁶8.
562 4303 648 4365 1336
671 4301 746 4366 Just
762 4301 795 4365 5.
822 4301 909 4364 Pont
933 4299 1047 4386 Sorqc.

400 4433 603 4498 Benedictus
628 4431 704 4496 XII
718 4435 791 4518 rcpi
815 4433 1027 4497 Francorum
1060 4433 1168 4498 denuo
1200 4435 1379 4519 respondet
1412 4435 1453 4500 de
1486 4435 1625 4500 ecclesia

293 4540 496 4626 Mapuntc'nu
528 4547 646 4605 contro
678 4541 731 4605 ius
763 4541 962 4605 canonicum
995 4548 1158 4626 occupatu
1190 4543 1233 4605 nb
1264 4541 1513 4627 archiepiscopo
1549 4543 1627 4607 Pre-

292 4669 433 4714 ucrcnar.

399 4772 605 4857 [Benedictus
629 4771 704 4856 ΧΠ]
730 4772 879 4858 Philippo
904 4774 974 4858 regi
1000 4773 1207 4840 Francorum.
