3642 5509
691 406 760 467 1327
779 405 916 467 Februar
935 402 977 464 12.
1487 407 1520 462 17

181 618 256 664 vcro
280 594 432 682 temporis
455 592 648 659 decanatum
673 592 898 658 canonicatum
917 596 950 655 et
974 588 1170 675 prebendam
1194 590 1332 657 ecclesie
1348 590 1382 656 S.
1400 591 1521 657 Florini

181 704 261 770 dicti
286 704 348 770 loci
370 702 405 768 in
422 699 635 783 confluentia,
660 718 793 783 quorum
817 696 963 763 redditus
980 704 1013 762 et
1033 705 1208 781 proventus
1232 705 1315 783 sunt,
1340 705 1376 763 ut
1391 699 1519 782 asseris,

182 809 278 877 valde
301 817 414 876 tenues
437 812 469 873 et
493 807 603 890 exiles,
635 814 800 873 assecutus
823 805 913 871 luisti
944 803 1128 889 dictamque
1156 805 1392 891 parrochialem
1421 808 1519 874 eccle·

182 917 264 985 siam
295 937 361 982 una
393 934 465 982 cum
499 913 661 980 decanatu
697 911 893 979 canonicatu
923 917 956 977 et
986 912 1151 996 prebenda
1182 911 1337 998 predictis
1368 934 1426 999 per
1458 920 1524 981 tres

182 1045 284 1092 annos
306 1022 359 1090 vel
388 1022 515 1087 circiter
542 1019 669 1087 insimul
698 1019 843 1101 tenuisti,
877 1019 1001 1084 fructus
1025 1018 1207 1104 percipiens
1231 1039 1272 1086 ex
1295 1021 1427 1105 eisdem,
1462 1020 1524 1088 dis·

183 1132 374 1217 pensatione
401 1127 547 1213 legitima
569 1146 633 1192 non
658 1127 800 1192 obtenta.
861 1124 993 1203 Quare.
1012 1172 1020 1190 .
1039 1124 1126 1191 ‚fuit
1150 1125 1242 1193 nobis
1266 1126 1428 1194 humiliter
1451 1149 1524 1214 sup·

184 1240 351 1324 plicatum,
378 1242 413 1301 ut
439 1283 499 1302 ...
525 1234 593 1303 Nos
615 1233 714 1318 igitur
818 1252 944 1297 omnem
969 1231 1182 1299 inhabilitatis
1206 1239 1239 1298 et
1261 1233 1393 1301 infantie
1416 1255 1524 1301 macu-

184 1346 248 1411 lam
276 1392 335 1409 ...
362 1342 526 1409 abolemus
555 1347 651 1423 teque
681 1340 776 1425 plene
802 1338 1009 1406 habilitamus
1032 1344 1065 1405 et
1087 1339 1120 1405 iu
1145 1339 1304 1425 integrum
1328 1342 1526 1409 restituimus

186 1452 373 1533 fructusque
400 1496 459 1515 ...
486 1447 545 1513 tibi
568 1445 761 1512 remittimus
784 1452 818 1512 et
842 1445 999 1512 donamus
1024 1495 1085 1513 ...
1111 1446 1270 1513 fructibus
1298 1454 1404 1514 tamen
1435 1450 1527 1517 unius

188 1559 265 1625 anni
287 1555 432 1638 retentis,
458 1574 537 1639 quos
559 1553 646 1620 infra
669 1552 787 1619 festum
811 1552 849 1619 B.
873 1552 1026 1618 Iohannis
1047 1553 1195 1638 Baptiste
1218 1553 1365 1639 proxime
1388 1554 1528 1621 futurum

187 1685 316 1731 camere
344 1670 453 1729 nostre
487 1659 608 1728 debeas
632 1660 801 1745 assignari.
847 1659 941 1726 Alias
963 1659 1122 1726 habeatur
1145 1660 1252 1743 quoad
1276 1660 1398 1730 fructus
1420 1663 1529 1748 gratia

186 1770 371 1839 huiusmodi
394 1790 452 1857 pro
475 1790 539 1836 non
562 1768 653 1835 iacta
670 1817 678 1834 .
696 1815 703 1831 .
723 1817 731 1833 .
764 1769 838 1834 Dat.
856 1766 951 1835 Avin.
969 1767 1002 1833 II
1018 1766 1092 1834 idus
1108 1768 1263 1835 februarii
1279 1789 1309 1835 a.
1325 1768 1504 1836 undecimo.

350 1896 423 1967 Req.
442 1893 482 1949 82
497 1892 524 1962 f.
542 1892 609 1948 336¹
627 1909 675 1948 ar.
694 1892 759 1947 990.

299 2168 415 2234 1142.
446 2169 531 2232 1327
555 2166 709 2232 Febrcor
736 2168 788 2232 12.
813 2162 980 2252 Aot'pcoa.

303 2310 464 2377 Iohannes
497 2308 599 2374 XXII
631 2308 772 2374 Henrico
806 2314 883 2373 nato
918 2306 1070 2373 Iohannis
1102 2306 1182 2374 dicti
1216 2308 1374 2376 Ultremer
1406 2309 1530 2377 confert

191 2416 331 2486 ecclesie
354 2416 389 2485 S.
416 2414 545 2483 Paulini
578 2421 669 2482 extra
701 2434 808 2481 muros
831 2414 1050 2481 Treverenses
1073 2416 1305 2501 canonicatum,
1334 2417 1530 2503 prebendam

190 2546 270 2593 vero
295 2524 402 2592 eidem
425 2528 582 2591 reservat.

301 2629 495 2698 Laudabilia
528 2635 582 2696 tue
614 2628 729 2696 merita
863 2629 939 2695 Dat.
963 2623 1058 2695 Avin.
1082 2630 1116 2695 Π
1145 2627 1218 2696 idus
1244 2630 1397 2697 februarii
1421 2652 1451 2697 a.
1476 2651 1532 2697 un-

192 2739 333 2807 decimo.

304 2846 340 2912 ln
365 2864 394 2912 e.
415 2866 457 2910 m.
492 2843 525 2910 S.
552 2842 683 2909 Martini
707 2849 740 2909 et
764 2840 797 2910 S.
823 2842 946 2910 Mathis
975 2849 1197 2912 extramuros
1220 2846 1352 2913 Trercr.
1375 2853 1532 2913 monaste·

193 2954 314 3021 riorum
347 2952 519 3019 abbatibus
550 2971 589 3017 ac
613 2951 768 3035 magistro
792 2950 978 3018 Hermanno
1002 2950 1043 3017 de
1067 2951 1175 3036 Praga
1198 2953 1353 3021 canonico
1376 2954 1533 3038 Pragensi

194 3060 365 3147 capellano
389 3058 509 3145 papali.

361 3182 434 3254 ch.
454 3181 494 3236 82
511 3181 536 3251 s.
556 3181 625 3236 386¹
642 3198 690 3237 nr.
709 3182 775 3237 989.

304 3410 419 3478 1143.
446 3413 533 3479 1327
557 3411 712 3478 Februar
737 3414 789 3477 12.
814 3410 981 3499 Aoipaoa.

307 3554 466 3621 Iohannes
488 3552 588 3618 XXII
623 3552 760 3621 Iohanni
784 3552 826 3620 de
852 3556 948 3622 Duna
971 3555 1098 3623 confert
1120 3557 1257 3625 ecclesie
1279 3557 1321 3625 de
1344 3558 1538 3627 Monasterio

198 3664 231 3729 in
256 3661 341 3729 Eflia
364 3661 474 3727 Colon.
508 3659 592 3726 dioc.
627 3662 864 3746 canonicatum,
900 3662 1099 3747 prebendam
1134 3683 1210 3730 vero
1245 3664 1347 3731 eidem
1383 3675 1537 3750 reservat,

198 3793 264 3839 non
287 3771 438 3837 obstante
461 3766 549 3850 quod
565 3766 802 3853 parrochialem
819 3768 992 3836 ecclesiam
1008 3770 1049 3836 de
1065 3770 1162 3837 Duna
1177 3770 1288 3838 Goion.
1305 3771 1389 3839 dioc.
1407 3774 1539 3840 obtinet.

309 3876 485 3943 Probitatis
518 3880 573 3939 tue
607 3875 729 3942 meritis
861 3878 938 3943 Dat.
963 3877 1057 3944 Arin.
1082 3879 1115 3943 ΙΙ
1138 3877 1212 3945 idus
1243 3878 1398 3946 februarii
1428 3902 1460 3947 a.
1483 3902 1539 3947 un·

199 3985 339 4053 decimo.

309 4092 348 4158 In
371 4110 400 4156 e.
424 4110 466 4155 m.
503 4090 616 4156 abbati
650 4090 835 4157 monasterii
869 4090 902 4157 S.
929 4090 1033 4158 Marie
1062 4090 1104 4157 ad
1136 4092 1285 4159 martires
1314 4098 1541 4162 extramuros

202 4202 336 4270 Trever.
370 4206 403 4266 et
434 4196 601 4285 preposito
626 4198 759 4263 Trever.
793 4216 832 4263 ac
860 4198 1015 4282 magistro
1040 4199 1223 4267 Hermanno
1253 4198 1295 4265 de
1319 4200 1426 4285 Praga
1450 4221 1543 4269 cano·

202 4310 276 4375 nico
299 4305 475 4393 Pragensis
498 4304 708 4371 ecclesiarum
732 4303 901 4389 capellano
925 4305 1046 4391 papali.

364 4431 439 4501 Ray.
459 4429 541 4499 821⁴.
561 4429 621 4483 386
642 4444 689 4483 aar.
709 4430 773 4484 988.

314 4661 430 4729 1144.
462 4660 551 4726 1327
574 4654 729 4726 Febrcdc·
754 4662 806 4726 12.
834 4656 1001 4747 Aolpaoc.

313 4804 475 4872 Iohannes
498 4802 598 4868 XXII
633 4803 704 4869 Ehe
731 4802 773 4869 de
797 4803 991 4870 Menanterio
1016 4802 1201 4893 Meynerelt
1224 4807 1379 4875 canonico
1403 4807 1483 4875 eccl.
1508 4806 1542 4881 S.

244 4928 302 4975 vat.
317 4926 445 4982 &secun
459 4924 492 4971 11.
1329 4914 1347 4972 2
