3642 5509
274 451 328 508 358
814 454 883 509 1330
900 449 1021 526 August
1041 453 1065 509 1.

272 633 422 698 monachi
432 633 510 699 dicti
521 632 706 702 monasterii
716 654 773 701 seu
786 636 960 721 complices
971 635 1143 702 eorundem
1156 635 1209 721 [in]
1221 637 1403 703 incensores
1414 635 1501 702 dicte
1511 635 1606 704 turris

273 741 418 824 aliosque
441 743 539 824 cives,
564 743 618 825 qui
635 749 791 808 venerant
807 742 850 807 ad
866 742 1041 808 videndum
1059 743 1155 810 turris
1171 744 1298 828 prefate
1313 743 1446 828 ruinam,
1470 746 1608 830 sagittas

272 849 454 914 emitterent
477 848 519 915 de
543 850 667 915 balistis
690 856 724 915 et
746 851 871 933 aliquos
894 852 1117 916 vulnerassent
1140 857 1172 916 et
1195 872 1276 918 unus
1300 873 1408 919 eornm
1431 874 1452 918 a
1474 854 1606 938 sagitta·

272 957 359 1022 tione
378 954 558 1022 huiusmodi
576 958 728 1023 existeret
751 957 973 1042 interemptus,
997 958 1134 1043 populus
1159 959 1300 1026 civitatis
1324 959 1466 1026 eiusdem
1490 959 1606 1026 exinde

272 1070 448 1130 commotus
481 1062 593 1130 domos
627 1070 659 1130 et
692 1084 838 1131 cameras
871 1065 1015 1132 eiusdem
1048 1067 1233 1132 monasterii
1261 1067 1509 1152 combusserunt,
1542 1089 1605 1136 non

271 1171 394 1254 absque
426 1171 598 1237 iniectione
621 1192 770 1237 manuum
803 1174 839 1238 in
862 1192 1016 1258 personas
1049 1173 1276 1240 monachorum
1310 1173 1389 1240 dicti
1420 1175 1605 1242 monasterii

271 1285 392 1344 temere
425 1279 577 1362 violenta,
611 1281 680 1344 sine
716 1285 823 1344 tamon
858 1281 968 1363 aliqua
991 1281 1042 1346 vel
1075 1281 1296 1348 vulneratione
1330 1285 1481 1368 ipsorum,
1516 1284 1606 1350 libris

271 1386 467 1470 paramentis
489 1393 522 1452 et
546 1385 639 1452 bonis
670 1386 818 1454 omnibus
841 1387 1013 1454 mobilibus
1037 1387 1117 1454 dicti
1140 1389 1326 1456 monasterii
1354 1389 1471 1456 exinde
1495 1389 1527 1455 in
1551 1390 1605 1458 illo

270 1492 377 1558 lurore
392 1492 503 1578 populi
524 1493 714 1579 asportatis,
738 1493 888 1577 quodque
904 1515 967 1560 non
983 1496 1084 1561 solum
1102 1497 1255 1562 ambitum
1271 1498 1363 1581 muri,
1379 1502 1433 1581 qui
1451 1499 1606 1565 circuibat

271 1598 383 1665 domos
415 1605 448 1665 et
481 1599 603 1666 dictam
636 1601 807 1668 ecclesiam
840 1602 875 1668 S.
906 1601 1046 1668 Victoris
1079 1609 1243 1686 totamque
1275 1623 1382 1670 aream
1415 1605 1515 1691 ipsius
1548 1605 1606 1673 sed

270 1708 367 1773 etiam
393 1708 474 1773 alios
489 1727 595 1774 muros
619 1707 762 1774 eiusdem
787 1709 925 1774 ecclesie
945 1708 1112 1776 diruerunt
1135 1709 1178 1777 ad
1201 1711 1290 1776 illum
1307 1710 1477 1780 dumtaxat
1500 1712 1604 1794 finem,

270 1834 310 1880 ne
337 1833 396 1900 per
418 1814 568 1880 abbatem
593 1822 627 1879 et
650 1821 843 1881 conventum
868 1836 908 1881 ao
932 1814 1089 1882 decanum
1113 1825 1146 1884 et
1171 1817 1344 1903 capitulum
1368 1821 1544 1904 prelibatus
1573 1823 1605 1886 in

270 1922 399 2008 prelata
426 1922 654 1988 monasterinm
688 1929 721 1987 et
749 1923 918 1989 ecclesiam
947 1923 1095 1990 hostibus
1122 1925 1313 1991 introductis
1343 1928 1606 2013 impugnarentur

270 2027 400 2115 prelata
432 2029 571 2095 ecclesia
594 2035 627 2094 et
659 2029 775 2101 civitas
798 2031 1004 2114 Magantina3
1041 2039 1073 2097 et
1097 2032 1181 2115 quod
1209 2040 1382 2118 propterea
1404 2033 1483 2100 dicti
1507 2037 1605 2119 cives,

270 2138 354 2202 sicut
387 2139 547 2219 asseritur,
582 2136 760 2221 provocati,
795 2136 880 2221 quod
913 2138 975 2222 ipsi
1008 2138 1100 2206 bonis
1133 2140 1313 2226 mobilibus,
1347 2161 1409 2224 que
1443 2141 1605 2209 habebant

272 2248 366 2310 extra
390 2243 555 2311 civitatem
578 2242 757 2328 predictam
781 2251 938 2330 exparte
967 2245 1108 2312 eiusdem
1133 2246 1440 2315 administrationem
1463 2252 1605 2334 gerentis

271 2358 304 2416 et
342 2351 372 2417 ei
418 2349 639 2416 adherentium
678 2351 910 2436 spoliabantur,
950 2353 1101 2419 nonnulla
1136 2355 1219 2420 bona
1258 2356 1390 2421 mobilia
1424 2355 1466 2422 ad
1501 2356 1604 2426 dictos

271 2458 446 2542 capitulum
475 2457 618 2525 eiusdem
648 2458 785 2524 ecclesie
808 2460 995 2545 Magantine
1027 2467 1060 2526 et
1082 2461 1163 2527 alias
1192 2482 1345 2547 personas
1368 2463 1605 2531 ecclesiasticas

272 2565 470 2631 extrinsecas
503 2570 536 2630 et
558 2564 751 2631 adherentes
783 2565 904 2632 eisdem
930 2587 969 2632 ac
999 2567 1160 2635 mandatis
1182 2569 1299 2635 nostris
1331 2568 1462 2636 obedire
1486 2576 1605 2636 temere

269 2692 334 2737 non
366 2676 516 2738 curantes
547 2677 580 2737 et
603 2673 772 2738 nonnullas
803 2675 900 2738 etiarn
934 2694 1088 2759 personas
1122 2675 1360 2742 ecclesiasticas
1392 2675 1603 2743 intrinsecas*

270 2778 480 2845 communiter
503 2785 698 2865 spectantes,
728 2800 799 2845 cum
823 2782 967 2866 separari
998 2801 1060 2846 non
1084 2790 1225 2866 possent,
1254 2803 1312 2867 per
1336 2783 1520 2849 violentiam
1551 2784 1604 2850 ab·

269 2885 426 2952 stulerunt
450 2884 634 2970 dictumque
658 2887 807 2952 abbatem
832 2892 865 2952 et
887 2888 1055 2954 nonnullas
1082 2889 1163 2956 alias
1188 2910 1341 2974 personas
1365 2891 1603 2957 ecclesiasticas

269 2993 431 3060 seculares
460 3001 493 3059 et
515 2994 680 3078 regulares
713 2995 797 3079 parti
827 2994 921 3059 altori
952 2993 1145 3062 adherentes
1175 3004 1328 3080 ceperunt
1360 3003 1392 3062 et
1415 2998 1539 3080 aliquos
1564 3018 1604 3063 cx

270 3100 317 3167 eis
339 3099 500 3182 usquead
521 3101 706 3166 effusionem
722 3102 898 3185 sanguinis,
923 3102 1045 3184 absque
1061 3108 1168 3167 tamen
1193 3102 1392 3169 mutilatione
1410 3105 1460 3170 vel
1483 3106 1602 3170 enormi

269 3206 448 3274 offensione
481 3209 630 3291 leserunt,
664 3229 704 3274 ac
727 3228 901 3294 precavere
926 3209 1081 3292 volentes,
1115 3229 1155 3274 ne
1188 3211 1412 3276 monasterinm
1437 3210 1469 3276 S.
1494 3211 1602 3277 lacobi

271 3335 369 3400 supra
392 3314 545 3381 fossatum
572 3314 714 3381 eiusdem
740 3317 880 3382 civitatis
903 3316 936 3380 in
960 3318 1024 3382 imo
1049 3323 1154 3382 monte
1177 3319 1327 3383 situatum
1353 3317 1473 3384 ordinis
1497 3338 1603 3404 supra-

269 3418 349 3487 dicti
373 3421 414 3487 ad
438 3442 552 3488 manns
575 3423 756 3508 perveniret
780 3422 923 3506 hostiles,
949 3443 1018 3488 cum
1036 3444 1094 3509 per
1118 3425 1298 3510 captionem
1323 3424 1402 3491 dicti
1419 3427 1601 3491 monasterii

269 3549 328 3613 per
351 3528 459 3596 hostes
483 3530 625 3596 civitatis
654 3529 797 3595 eiusdem
821 3528 935 3595 eadem
960 3532 1075 3596 civitas
1105 3533 1309 3598 remansisset
1333 3533 1465 3599 obsessa
1489 3552 1529 3598 ex
1553 3553 1601 3615 eo,

270 3635 356 3721 quod
371 3657 429 3722 per
444 3636 565 3703 dictum
589 3637 816 3702 monasterium
833 3647 902 3702 erat
927 3637 1088 3720 ingressus
1104 3637 1146 3703 ad
1163 3658 1232 3704 eam
1251 3647 1283 3705 et
1299 3640 1405 3705 exitus
1420 3641 1462 3706 ab
1479 3639 1602 3716 eadem,
1693 3713 1698 3721 ,

270 3743 412 3828 expulsis
439 3743 515 3810 inde
539 3743 659 3809 abbate
689 3751 722 3809 et
744 3743 910 3809 monachis
942 3745 1152 3812 existentibus
1180 3747 1211 3810 in
1236 3745 1359 3830 eodem,
1390 3745 1444 3829 qui
1468 3746 1602 3813 adverse

270 3851 355 3935 parti
371 3850 501 3936 publice
524 3848 734 3933 adherebant,
758 3871 816 3936 pro
842 3850 1017 3918 earundem
1041 3853 1177 3920 ecclesie
1202 3861 1234 3919 et
1258 3853 1400 3920 civitatis
1417 3854 1602 3939 Magantine

269 3955 466 4022 deffensione
490 3963 522 4022 ct
546 3957 646 4023 tutela
670 3966 824 4043 ceperunt
848 3965 881 4024 et
904 3958 1066 4042 quoddam
1092 3967 1230 4027 castrum
1255 3968 1287 4026 et
1310 3961 1505 4027 fortalicium
1530 3981 1601 4028 con·

270 4070 453 4130 struxerunt
477 4065 572 4129 etiam
597 4065 628 4128 in
653 4064 765 4131 eodem
790 4065 934 4149 illudque
958 4067 1143 4133 custodibus
1167 4069 1368 4133 muniverunt
1392 4076 1424 4133 et
1448 4068 1602 4133 munitum

269 4177 379 4237 tenere
394 4177 575 4256 proponunt
591 4171 727 4237 durante
744 4173 881 4256 malicia,
904 4193 965 4256 que
981 4176 1012 4238 in
1030 4173 1094 4240 illis
1111 4176 1254 4259 partibus
1270 4177 1411 4241 noscitur
1427 4175 1601 4256 imminere,

270 4284 303 4344 et
324 4277 477 4342 nonnulla
504 4277 569 4342 alia
592 4285 704 4343 contra
728 4278 778 4345 vel
811 4280 898 4345 circa
922 4281 1077 4348 ecclesias
1104 4288 1136 4346 et
1160 4283 1353 4348 monasteria
1381 4303 1420 4347 ac
1449 4302 1602 4367 personas

269 4383 508 4450 ecclesiasticas
524 4390 557 4449 et
582 4386 665 4450 bona
688 4386 829 4470 ipsorum
847 4387 1072 4452 commiserunt
1095 4409 1152 4472 pro
1177 4390 1289 4454 timore
1313 4388 1421 4455 hostili
1446 4397 1477 4454 et
1501 4389 1602 4474 partis

270 4489 406 4557 adverse
430 4489 578 4577 dampnis
601 4493 752 4577 periculis
775 4493 995 4560 invasionibus
1025 4500 1057 4560 et
1080 4495 1309 4572 offensionibus
1332 4495 1546 4582 precavendis
1569 4503 1602 4563 ct

270 4597 311 4664 ob
335 4596 467 4663 tutelam
501 4605 533 4664 et
557 4597 785 4666 deffensionem
816 4601 990 4666 earundem
1014 4602 1149 4668 ecclesie
1182 4610 1214 4668 et
1239 4602 1381 4669 civitatis
1404 4604 1601 4688 llaguntine,

369 4830 400 4900 a)
419 4835 449 4887 et
466 4830 679 4888 intr-insecutas
697 4847 753 4888 ms.
