3642 5509
275 456 328 520 ata
844 459 914 518 rato
932 451 993 519 tuh
1013 457 1056 518 ar.

275 643 485 731 providencia
517 643 722 710 immobiliter
755 650 844 708 curet
878 644 1135 729 persistere
1164 643 1208 710 Ut
1232 650 1351 728 autem,
1380 643 1458 728 quid
1486 640 1612 712 nunciis

366 753 452 835 regis
475 751 607 816 Boemie
634 751 765 816 illustris
798 757 831 815 et
860 799 867 816 .
897 800 904 815 .
936 803 941 814 .
971 750 1204 835 archiepiscopi
1229 752 1437 818 Trevereusis
1460 773 1499 818 ac
1528 803 1535 817 .
1565 801 1572 817 .
1603 803 1610 816 .

275 859 404 925 Othonis
438 857 530 925 ducis
566 858 696 924 Austrie
731 857 989 942 responderimus
1025 877 1121 942 super
1155 857 1228 940 hiis,
1265 877 1326 941 que
1356 879 1453 944 super
1475 861 1610 944 negocio

274 971 510 1051 proposuerunt
527 965 655 1048 Bavari,
681 972 737 1031 tua
761 964 1005 1048 magnificencia
1021 986 1083 1029 uon
1100 965 1237 1047 ignoret,
1261 984 1348 1046 ecce,
1373 965 1458 1048 quod
1483 965 1524 1030 dc
1548 967 1610 1032 hiis

275 1093 332 1158 per
355 1079 482 1139 nostras
506 1073 630 1138 litteras
654 1073 736 1137 alias
760 1091 908 1138 curamus
934 1078 965 1136 te
990 1070 1125 1136 reddere
1150 1073 1325 1137 certiorem.
1370 1073 1445 1138 Dat.
1463 1079 1609 1158 utsupra

277 1183 329 1261 (=
347 1181 442 1246 Avin.
467 1179 500 1243 ΙΙ
524 1179 570 1244 kl.
594 1179 723 1264 augusti
747 1199 777 1243 a.
802 1178 1068 1262 decimoquarto).

435 1303 508 1372 aeq.
529 1304 583 1356 115
597 1316 648 1371 pe.
666 1302 742 1372 arf.
761 1302 826 1355 ruo
845 1317 892 1355 ar.
913 1301 1002 1367 raca·
1022 1301 1074 1356 aa.
1096 1303 1179 1355 1365.

382 1572 504 1640 1934.
530 1574 618 1639 1330
641 1574 718 1642 Jult'
739 1575 793 1638 31.
817 1572 984 1660 Aotpooa.

382 1700 543 1765 Iohannes
573 1698 672 1762 XXII
711 1697 872 1764 Willelmo
909 1698 1017 1764 comiti
1054 1698 1224 1765 Iuliaeeusi
1259 1699 1380 1782 scribit,
1416 1700 1502 1782 qnod
1537 1721 1608 1766 eum

275 1805 387 1874 laudat
411 1813 542 1892 propter
565 1804 708 1870 eiusdem
731 1803 920 1870 fidelitatem
946 1806 1083 1870 ecclesie
1105 1805 1212 1870 adhuc
1228 1807 1404 1890 prestitam,
1428 1814 1608 1892 monetque,

275 1936 315 1982 ne
339 1915 533 1996 obsequatur
562 1912 636 1995 illis,
666 1913 721 1996 qui
743 1912 917 1978 moliuntur
939 1911 1126 1978 abstrahere
1155 1931 1226 1978 eum
1251 1914 1292 1978 ab
1317 1912 1429 1979 eadem
1453 1914 1610 1981 fidelitate

276 2029 309 2088 et
325 2022 465 2103 efficere,
488 2026 524 2085 ut
544 2018 701 2086 adhereat
717 2020 844 2084 Bavaro
861 2019 980 2102 fiatque
997 2019 1201 2086 adversarius
1217 2019 1345 2085 Ottouis
1362 2020 1453 2088 ducis
1469 2022 1607 2086 Austrie.

382 2129 455 2196 Non
479 2127 601 2193 delevit
624 2148 644 2191 a
667 2133 777 2192 nostra
794 2175 801 2191 .
821 2175 829 2192 .
847 2177 854 2191 .
873 2128 948 2193 Dat.
973 2126 1005 2191 Il
1029 2127 1074 2192 kl.
1099 2129 1228 2211 augusti
1252 2149 1282 2192 a.
1307 2126 1558 2211 decimoquarto.

384 2237 421 2299 ln
446 2255 473 2299 e.
489 2257 529 2298 m.
556 2232 665 2299 comiti
690 2231 731 2299 de
755 2234 880 2316 Marea3
905 2233 982 2298 item
1007 2235 1116 2299 comiti
1140 2234 1287 2300 Loccnsi.

425 2339 499 2409 Rep.
520 2342 574 2394 115
591 2338 686 2408 pall
699 2338 724 2408 f.
744 2340 801 2394 170
818 2355 866 2393 nr.
887 2339 961 2394 1961
966 2361 976 2404 ,·
997 2340 1049 2394 Re.
1070 2341 1151 2393 1364.

383 2602 507 2669 1935.
533 2604 621 2668 1330
645 2600 776 2688 Augeat
799 2606 829 2667 1.
858 2601 1022 2689 Aoipnon.

384 2726 544 2794 lohannes
563 2727 664 2792 XXII
687 2725 856 2812 Reyualdo
880 2727 990 2792 comiti
1015 2726 1169 2792 Gclrensi.

383 2834 608 2901 Constanciam
633 2833 719 2900 clare
743 2833 954 2900 devocionis.
973 2884 980 2900 .
999 2884 1006 2898 .
1024 2854 1103 2916 erga
1126 2834 1221 2899 deum
1245 2855 1284 2900 ac
1305 2854 1364 2901 nos
1384 2843 1416 2901 ct
1432 2835 1608 2902 Romanam

277 2941 447 3008 ecclesiam
475 2989 534 3007 ...
561 2949 750 3007 revocantes
774 2941 911 3007 letanter
936 2942 967 3006 in
991 2941 1202 3006 memoriam.
1221 2989 1228 3004 .
1247 2940 1347 3007 .inde
1370 2943 1531 3008 nobilitati
1555 2951 1609 3009 tue

276 3050 456 3134 graciarum
486 3049 601 3116 uberes
629 3051 774 3115 actiones
797 3049 975 3114 exolvimus
999 3069 1134 3132 eamque
1158 3068 1309 3133 rogamus
1336 3098 1343 3115 .
1372 3097 1378 3113 .
1407 3098 1424 3131 .,
1459 3051 1609 3133 quatinus

276 3156 309 3219 in
333 3154 488 3241 predictis
514 3205 522 3221 .
544 3205 551 3219 .
576 3205 583 3220 .
610 3155 816 3222 immobiliter
844 3157 1016 3240 persistere
1045 3176 1109 3220 non
1132 3156 1262 3220 omittas
1285 3175 1346 3221 nec
1369 3162 1401 3220 te
1425 3157 1609 3239 quorumvis

276 3262 422 3330 seductio
534 3264 576 3329 ab
601 3262 673 3347 hiis,
706 3265 738 3327 in
763 3263 878 3346 quibus
991 3263 1161 3348 perstitisti
1191 3268 1374 3328 causantur
1402 3261 1608 3329 adhesionem

276 3369 489 3437 hereticorum
518 3371 771 3437 scismaticorum
799 3377 832 3435 et
856 3370 1021 3436 rebellium
1046 3367 1189 3451 vitando,
1220 3368 1370 3435 divertat.
1417 3369 1608 3436 Audivimus

276 3497 413 3561 namque
437 3477 478 3544 de
501 3485 544 3554 te,
569 3476 624 3559 fili,
654 3525 662 3542 .
691 3526 699 3542 .
731 3526 738 3540 .
764 3476 923 3559 quomodo
948 3477 1047 3559 aliqui
1071 3475 1217 3559 gehenne
1242 3476 1298 3541 filii
1325 3527 1332 3540 .
1356 3525 1393 3541 ..
1423 3486 1454 3542 te
1478 3497 1498 3541 a
1521 3482 1609 3543 recta

274 3586 329 3651 via
346 3634 353 3650 .
373 3631 380 3647 .
400 3635 406 3648 .
425 3584 596 3667 divertere,
620 3591 656 3648 ut
679 3582 800 3649 eisdem
824 3583 1015 3648 scismaticis
1037 3631 1043 3648 .
1063 3631 1096 3648 ..
1119 3581 1275 3650 adherere
1298 3590 1331 3648 et
1354 3590 1386 3648 te
1409 3633 1469 3649 ...
1498 3582 1609 3648 Ottoni

274 3691 349 3759 duci
373 3692 513 3774 Austrie,
544 3697 698 3773 tanquam
722 3691 748 3755 si
772 3709 864 3755 suum
888 3691 1048 3775 privatum
1072 3697 1184 3774 ageret
1207 3689 1387 3775 negocium,
1418 3709 1608 3775 opponeres,

274 3799 457 3876 moliuntur,
491 3818 563 3863 cum
596 3796 682 3863 idem
716 3795 782 3861 dux
815 3797 847 3861 iu
881 3797 943 3863 hac
970 3803 1063 3882 parte
1091 3796 1252 3862 iusticiam
1282 3818 1321 3862 ae
1346 3816 1476 3864 causam
1500 3796 1553 3863 dei
1577 3803 1609 3862 et

274 3906 410 3973 ecclesie
433 3905 573 3988 fideique
597 3903 757 3971 catholice
780 3905 890 3988 procul
907 3903 1004 3969 dubio
1028 3911 1250 3990 prosequatur.
1298 3903 1476 3982 Qucsumus
1500 3905 1608 3989 igitur,

273 4012 330 4097 fili,
357 4062 417 4079 ...
442 4016 478 4077 ut
506 4010 610 4078 eidem
640 4011 715 4077 duci
744 4010 879 4094 aliisque
906 4011 1024 4077 nostris
1047 4019 1080 4077 et
1103 4011 1240 4077 ecclesie
1264 4018 1439 4077 memorate
1462 4011 1609 4078 fidelibus

276 4169 283 4185 .
302 4169 310 4186 .
329 4169 337 4186 .
353 4118 512 4186 adhereat
530 4167 538 4183 .
556 4167 564 4184 .
583 4167 590 4183 .
616 4119 690 4182 Dat.
715 4118 760 4186 kl.
786 4119 913 4202 augusti
937 4139 967 4182 a.
992 4115 1243 4200 decimoquarto.

382 4227 421 4291 In
444 4246 473 4291 e.
490 4247 531 4291 m.
555 4225 690 4292 Iohanni
713 4224 788 4291 duci
812 4224 1003 4307 Brabaneie,
1035 4223 1207 4290 Guillelmo
1237 4225 1345 4292 comiti
1370 4224 1412 4291 de
1436 4224 1608 4309 Arnsberg,

275 4332 418 4400 Rudolfo
442 4333 551 4399 comiti
576 4331 617 4398 de
640 4332 758 4398 Monte.

435 4440 509 4510 Reg.
529 4442 582 4494 115
596 4453 645 4509 pa.
666 4439 702 4492 ΙΙ
716 4439 741 4509 f.
760 4439 818 4492 169
835 4454 883 4493 ar.
904 4439 994 4493 1958.-
1012 4440 1064 4494 ΒΖ.
1085 4439 1171 4493 1369.

382 4681 507 4748 1936.
541 4682 630 4747 1330
651 4680 784 4767 August
810 4685 839 4745 1.
865 4680 1030 4767 Aoipaoo.

381 4827 548 4893 lohonoeo
583 4825 690 4890 XXII
718 4825 807 4889 tollit
840 4832 870 4889 et
903 4826 1012 4890 abolet
1045 4845 1158 4890 omnes
1188 4845 1295 4912 penos
1325 4833 1355 4892 et
1381 4824 1610 4891 inhabilitatea
