3642 5509
295 391 349 446 666
851 389 922 445 1340
941 389 999 444 Mai
1018 389 1061 444 31.

403 588 532 656 23⁷2.
559 591 646 655 1340
669 591 742 654 Mai
757 593 811 655 31.
839 590 1033 676 (Anipnon.)

403 733 497 796 Anno
522 751 586 814 quo
609 752 706 816 supra
722 731 804 816 [scil.
819 730 1004 816 MCOOXL]
1024 739 1056 796 et
1080 731 1132 796 die
1156 731 1268 796 ultima
1292 731 1410 796 mensis
1434 731 1509 796 maii
1533 749 1629 795 vene·

296 838 408 904 rabilis
442 839 491 903 vir
526 837 672 906 dominus
697 837 856 905 lohannes
886 838 1028 904 decanus
1059 839 1224 904 Belnensis
1254 836 1413 904 Ednensis
1447 836 1530 903 dioc.
1567 837 1632 903 eol·

296 947 398 1012 lector
429 945 625 1011 residuorum
660 946 856 1011 decimarum
889 945 1107 1011 sexennalium
1145 953 1178 1011 et
1207 945 1408 1009 triennalium
1433 965 1471 1010 ae
1495 943 1629 1010 subsidii

297 1060 330 1118 et
363 1054 621 1139 procurationum
656 1072 879 1118 concessarum
918 1052 1023 1119 felieIs
1060 1051 1293 1118 recordationis
1331 1049 1459 1116 domino
1495 1051 1630 1116 Iohanni

297 1179 383 1244 pape
399 1159 498 1223 XXII
522 1161 554 1225 in
577 1159 753 1244 provineIis
769 1159 942 1226 Viennensi
966 1157 1175 1242 lugdunensi
1197 1159 1439 1224 Tarantasiensi
1464 1158 1632 1223 BisuntIna

298 1274 331 1332 et
355 1266 547 1333 Trevereusi
571 1268 764 1332 auctoritate
788 1265 966 1350 apostolica
989 1265 1163 1351 deputatus
1192 1265 1235 1331 de
1259 1265 1398 1351 receptis
1421 1285 1478 1349 per
1501 1285 1572 1330 eum
1597 1265 1631 1328 in

297 1373 474 1458 provinciis
506 1372 659 1459 predictis
688 1393 746 1457 per
772 1393 885 1438 manns
909 1373 1019 1439 Gerini
1044 1371 1085 1439 de
1109 1373 1258 1438 Curresia
1282 1373 1408 1457 nepotis
1431 1374 1479 1437 sui
1503 1391 1632 1436 camere

299 1478 420 1546 domini
444 1500 529 1564 pape
552 1481 730 1564 assignavit
1036 1477 1268 1545 MIXOXXVII
1293 1480 1365 1544 flor.
1390 1479 1431 1544 de
1456 1479 1632 1544 Florentia.

1035 1584 1310 1652 1x⁰xxv1o0r.
1335 1585 1522 1652 Pedemont.

1035 1693 1123 1760 CLX
1147 1693 1246 1777 regal.
1274 1695 1352 1758 auri.

1032 1801 1149 1868 CXLV
1174 1801 1303 1887 pavalh.
1330 1801 1405 1867 boni
1428 1799 1524 1885 pond.

1039 1910 1065 1974 V
1090 1908 1219 1994 pavalh.
1244 1910 1336 1993 parvi
1360 1908 1457 1993 pond.

1038 2013 1217 2081 VII⁰LXII
1241 2015 1367 2082 scudat.
1393 2015 1467 2081 boni
1489 2013 1587 2098 pond.

1036 2122 1149 2187 XLIII
1173 2120 1298 2188 scudat.
1324 2123 1416 2208 parvi
1439 2121 1535 2206 pond.

1037 2230 1092 2295 CV
1116 2231 1199 2295 leon.
1224 2231 1304 2295 auri.

1036 2335 1173 2422 Iparis.
1197 2336 1278 2401 auri.

1038 2445 1069 2508 X
1094 2465 1167 2528 agn.
1193 2443 1273 2510 auri.

462 2572 539 2625 latr.
559 2571 587 2625 et
604 2568 688 2624 rexit.
708 2568 795 2639 ress.
814 2571 867 2633 38,·
888 2567 1001 2624 Kirsch
1016 2584 1069 2640 pq.
1089 2571 1152 2623 156.

407 2873 535 2941 2373.
566 2875 655 2940 1340
677 2875 753 2942 Jeta·
777 2878 807 2939 1.
836 2872 1001 2961 Aoipaoa.

407 3015 604 3083 Benedictus
626 3016 693 3081 XII
716 3017 961 3102 archiepiscopo
986 3015 1179 3082 Coloniensi.

408 3123 616 3191 Intendentes
639 3146 741 3210 nuper
764 3126 900 3191 ecclesie
918 3124 1119 3190 Traieetensi
1144 3126 1212 3190 iure
1236 3124 1471 3208 metropolitico
1497 3125 1637 3191 ecclesie

304 3239 357 3298 tue
381 3231 562 3298 Coloniensi
586 3232 740 3306 subiecta
773 3234 799 3297 si
831 3239 907 3297 tunc
931 3233 1069 3298 vacabat
1093 3232 1144 3297 vel
1169 3252 1241 3298 cum
1264 3232 1368 3315 ipsam
1391 3233 1493 3317 primo
1517 3252 1638 3298 vacare

304 3339 514 3423 contingeret,
533 3387 540 3402 .
559 3389 565 3402 .
585 3389 592 3403 .
616 3337 799 3425 providere,
823 3339 1037 3424 provisionem
1063 3339 1206 3405 eiusdem
1231 3359 1269 3406 ea
1294 3341 1365 3405 vIce
1387 3339 1479 3406 nobis
1581 3339 1637 3408 die

303 3446 456 3512 vicesima
481 3447 591 3528 quinta
623 3447 700 3511 iunii
733 3447 879 3532 proximo
908 3447 1055 3533 preteriti
1079 3446 1228 3513 duximus
1246 3496 1253 3512 .
1272 3494 1305 3514 ..
1330 3445 1636 3514 reservandam...

303 3552 543 3620 Reservationis
578 3561 685 3620 antem
722 3553 912 3620 decretum.
944 3604 951 3618 .
981 3605 987 3619 .
1014 3552 1193 3620 huiusmodi
1229 3553 1271 3620 ad
1304 3560 1391 3619 tuam
1425 3561 1457 3620 et
1490 3554 1636 3639 aliorum,

304 3679 437 3742 quorum
470 3661 603 3726 Interest
635 3662 789 3726 noticiam
821 3668 931 3727 tenore
964 3663 1158 3747 presentium
1195 3660 1402 3746 deducentes,
1438 3663 1636 3729 fraternitati

303 3773 358 3833 tue
377 3815 384 3832 .
403 3817 410 3832 .
429 3816 437 3832 .
453 3767 652 3850 mandamus,
687 3770 836 3851 quatinus
860 3775 972 3834 contre
996 3789 1067 3834 eam
1091 3768 1189 3834 niohil
1214 3775 1386 3855 attemptes
1418 3772 1544 3856 penitus
1575 3791 1638 3838 nec

304 3875 488 3961 permittas,
529 3880 680 3958 quantum
719 3874 761 3939 ad
800 3883 832 3940 te
870 3876 1069 3961 pertinuerit,
1109 3878 1305 3960 attemptari.
1363 3878 1438 3942 Dat.
1472 3884 1506 3943 ut
1538 3899 1637 3964 supra

305 3986 356 4064 (=
372 3983 466 4048 Avin.
491 3982 536 4051 kl.
561 3981 629 4047 iulii
653 4003 682 4047 a.
707 3984 821 4056 sexto).

453 4113 526 4183 Req.
546 4115 602 4169 135
619 4113 644 4183 f.
662 4115 711 4169 53‘
729 4130 777 4168 nr.
796 4115 861 4168 137.

412 4404 538 4472 23⁷4.
565 4407 652 4471 1340
675 4404 807 4493 Aapaat
828 4409 880 4472 16.
905 4406 1070 4494 Aoiprron.

414 4547 608 4614 Benedictus
631 4547 698 4612 XII
730 4547 866 4613 Iohanni
895 4547 1057 4632 Hartnngi
1090 4547 1132 4614 de
1163 4547 1253 4633 Leye
1288 4549 1414 4614 confert
1448 4554 1636 4634 perpetuam

305 4655 459 4721 vicariam
489 4655 601 4720 altaris
629 4654 663 4721 S.
690 4654 861 4721 Catherine
885 4655 918 4720 in
942 4655 1020 4721 eccl.
1046 4655 1271 4741 Limpurgensi
1296 4657 1428 4722 Trever.
1453 4654 1537 4723 dioc.
1567 4656 1637 4722 fun·

307 4759 417 4828 datam
451 4783 509 4847 pro
543 4761 703 4828 defunctis
732 4763 763 4827 in
788 4762 902 4828 eadem
926 4763 1075 4846 ecelesia,
1110 4763 1198 4828 cuius
1223 4764 1342 4830 vicarie
1374 4762 1498 4830 fructus
1522 4764 1637 4848 viginti
