3642 5509
277 391 330 448 552
845 388 915 444 1338
933 387 996 444 Juli
1017 388 1041 443 1.

280 575 397 640 Verum
415 579 523 638 tamen
539 578 598 655 est,
624 569 709 654 quod
732 569 978 637 contradictum
994 568 1206 651 Lndovieum,
1224 619 1232 634 .
1252 618 1259 633 .
1278 570 1448 636 ‚stetimus
1471 575 1504 635 et
1524 575 1611 636 stare

278 679 474 746 intendimus
507 700 565 763 pro
599 677 840 743 conservatione
873 677 1000 742 iusticie
1033 683 1066 742 et
1098 677 1175 742 iuris
1198 677 1342 742 Romane
1375 677 1511 743 ecclesie
1548 698 1610 742 me-

278 793 420 870 morate,
444 786 530 851 unde
554 806 617 851 nou
641 791 752 850 contra
777 782 866 850 dicta
889 804 1021 868 regnum
1039 789 1072 850 et
1087 783 1254 869 imperium
1278 782 1335 849 sed
1360 784 1609 851 contradictum

278 902 505 979 occupatorem
530 895 597 978 egit
621 900 653 958 ct
676 894 746 976 agit
768 892 907 957 ecclesia
940 899 1073 977 propter
1105 893 1222 958 scisma
1252 899 1284 958 et
1313 893 1378 958 alia
1402 899 1553 958 contenta
1576 892 1609 957 in

278 1001 376 1067 dictis
399 1001 568 1086 processis,
602 1020 663 1083 que
688 999 856 1065 commisit.
902 999 945 1064 Et
978 998 1063 1082 qnod
1097 999 1288 1066 munitiones
1321 1008 1353 1065 et
1386 1007 1492 1067 castra
1524 1000 1610 1066 dicte

278 1108 416 1174 ecclesia
444 1108 632 1192 Maguntine
664 1108 696 1170 in
731 1107 873 1173 favorem
905 1106 1049 1172 eiusdem
1083 1107 1219 1172 ecclesie
1249 1115 1281 1172 et
1299 1156 1306 1172 .
1324 1157 1332 1171 .
1350 1155 1357 1170 .
1376 1107 1609 1193 archiepiscopi

277 1215 468 1300 Maguntini,
501 1222 536 1279 ut
567 1234 731 1299 possemus
761 1214 818 1279 illa
841 1212 883 1278 de
907 1233 1003 1278 manu
1027 1213 1131 1280 illiciti
1155 1214 1331 1282 detentoria
1355 1214 1534 1298 extrahere,
1567 1215 1611 1281 ad

278 1342 390 1389 manus
418 1323 605 1388 nunciorum
632 1330 811 1388 nostrorum
838 1321 940 1406 recipi
964 1321 1160 1403 volebamus,
1195 1320 1316 1388 eisdem
1346 1321 1470 1387 nunciis
1493 1323 1611 1390 nostris

278 1429 455 1496 districtius
477 1430 689 1514 iniungentes,
723 1428 820 1512 quod,
853 1448 948 1512 quam
978 1429 1113 1513 primum
1138 1429 1364 1495 interdictum
1388 1430 1610 1514 Magantinum

278 1545 311 1603 et
323 1538 553 1603 Treverensem
569 1537 827 1623 archiepiscopos
848 1544 925 1603 tunc
942 1535 1140 1603 detentorem
1158 1537 1367 1602 munitionum
1383 1543 1416 1602 et
1433 1545 1609 1602 castrorum

277 1644 495 1730 predictorum
519 1644 692 1712 concordia
708 1651 793 1711 esset
809 1644 909 1727 facta,
934 1643 1126 1710 munitiones
1143 1650 1176 1710 et
1193 1652 1300 1709 castra
1316 1651 1483 1728 totumque
1507 1644 1611 1710 archi·

279 1753 499 1838 episcopatum
523 1753 745 1836 Maguutinum
775 1752 974 1818 dimitterent
1003 1751 1107 1817 eidem
1137 1751 1382 1838 archiepiscopo
1410 1753 1610 1838 Maguntiuo.

384 1859 540 1926 Preterea
568 1859 688 1926 eisdem
716 1859 843 1926 nunciis
872 1859 1031 1926 dictorum
1061 1860 1254 1945 prelatorum
1279 1859 1427 1945 diximus,
1460 1860 1545 1943 quod
1570 1880 1611 1925 ex

277 1987 326 2050 eo,
352 1966 437 2052 quod
461 1966 642 2035 huiusmodi
672 1970 836 2052 negotium
866 1967 1136 2034 reconciliationis
1165 1967 1290 2052 prefate
1314 1976 1383 2034 erat
1406 1969 1537 2033 multum
1562 1988 1610 2032 ar-

278 2073 387 2158 duum,
412 2095 475 2140 non
498 2073 753 2158 intendebamus,
779 2075 865 2160 quod
888 2096 985 2161 super
1009 2096 1046 2141 eo
1069 2075 1298 2160 procederetur
1321 2075 1383 2142 nisi
1398 2075 1484 2161 apud
1501 2071 1611 2141 sedem

278 2182 489 2268 apostolicam
513 2203 621 2248 coram
644 2184 736 2249 uobis
759 2191 792 2248 et
815 2182 969 2248 tratribus
992 2183 1131 2248 nostris.
1153 2232 1185 2249 ..

385 2289 535 2355 Diximus
559 2291 656 2355 etiam
681 2288 777 2354 dictis
801 2291 936 2372 nunciis,
970 2289 1055 2372 quod
1087 2310 1183 2374 super
1207 2291 1369 2375 premissis
1393 2288 1541 2356 daremus
1564 2291 1613 2356 eis

278 2396 406 2464 litteras
429 2395 625 2482 apostolicas
649 2397 859 2482 responsales,
883 2403 1070 2462 nontamen
1095 2396 1337 2462 intendebamus
1360 2398 1500 2463 scribere
1523 2396 1612 2462 dicto

278 2503 524 2589 archiepiscopo
547 2505 746 2589 Magantino,
780 2505 855 2587 quia
885 2524 956 2570 euru
986 2504 1183 2570 habebamus
1213 2525 1270 2589 pro
1298 2505 1418 2571 infideli
1442 2505 1554 2571 rebelli
1577 2514 1612 2570 et

279 2613 555 2677 excommunicato
588 2619 720 2698 propter
752 2612 824 2694 illa,
860 2631 922 2695 que
955 2612 1077 2678 fecerat
1111 2610 1269 2678 veniendo
1303 2621 1415 2678 contra
1447 2613 1611 2697 proprium

278 2719 491 2785 iuramentum
515 2727 548 2785 et
575 2719 741 2786 fidelitatis
773 2718 916 2785 debitum
949 2721 981 2784 iu
1016 2718 1263 2785 destructionem
1297 2718 1440 2786 eiusdem
1474 2719 1612 2785 ecclesie

277 2827 465 2911 Maguntine
489 2833 555 2893 tam
579 2846 651 2893 cum
674 2827 762 2893 dieto
786 2827 953 2894 Ludovico
987 2848 1083 2911 qnam
1116 2847 1187 2892 cum
1220 2829 1364 2912 personis
1392 2834 1425 2893 et
1448 2829 1612 2894 canonicis

278 2953 335 3000 seu
358 2955 416 3019 pro
440 2936 604 3001 canonicis
626 2956 662 3002 se
690 2935 877 3020 gerentibus
905 2934 1049 3002 eiusdem
1078 2935 1216 3001 ecclesie
1244 2935 1442 3019 Maguntine,
1475 2942 1508 3000 et
1537 2937 1612 3018 quia

279 3043 376 3107 etiam
400 3063 479 3126 erga
502 3040 624 3109 dictam
647 3043 825 3110 Romanam
849 3043 1018 3109 eeclesiam
1052 3043 1221 3128 plurimum
1254 3027 1327 3108 fuit
1348 3042 1503 3127 ingratus,
1539 3062 1610 3108 cum

279 3168 337 3234 pro
361 3149 471 3216 multis
495 3150 657 3217 beneficiis
685 3170 743 3237 per
772 3171 843 3216 eum
867 3151 909 3217 ab
933 3151 1005 3237 ipsa
1028 3151 1167 3236 receptis
1191 3150 1363 3233 multisque
1392 3150 1556 3216 laboribus
1578 3157 1613 3215 et

279 3256 499 3323 anxietatibus
529 3277 586 3342 per
614 3257 734 3324 dietam
764 3259 935 3325 ecclesiam
958 3279 1016 3344 pro
1040 3259 1111 3343 ipso
1135 3258 1293 3344 susceptis
1317 3264 1382 3323 tam
1406 3264 1518 3322 eontra
1541 3277 1612 3342 pre-

279 3383 350 3430 cum
383 3365 551 3431 instantias
585 3364 663 3430 dieti
697 3366 840 3452 Philippi
863 3366 1001 3432 Francis
1029 3373 1139 3431 et...
1163 3364 1316 3432 Iohannis
1339 3365 1470 3431 Boemie
1500 3384 1611 3449 regum

279 3491 375 3555 quam
411 3480 522 3538 contra
555 3479 714 3558 prefatum
748 3473 1026 3558 archiepiscopum
1052 3473 1282 3539 Treverenscm
1315 3472 1407 3537 nobis
1439 3479 1473 3538 et
1505 3470 1613 3538 eidem

279 3577 425 3644 Romane
449 3578 585 3645 ecclesie
609 3600 666 3665 pro
682 3580 880 3664 gratitudine
903 3600 1043 3647 summas
1066 3579 1313 3665 ingratitudines
1338 3580 1529 3665 repensavit.
1569 3579 1613 3646 Et

278 3685 353 3752 ideo
386 3685 482 3752 dietis
514 3689 640 3753 nunciis
671 3687 904 3771 mandavimus,
940 3687 1026 3772 quod
1060 3686 1166 3754 eidem
1195 3688 1335 3753 Henrico
1368 3687 1612 3773 archiepiscopo

280 3792 482 3859 notificarent
506 3803 661 3880 exparte
686 3803 805 3881 nostra,
831 3795 915 3879 quod
933 3816 991 3862 nos
1007 3815 1117 3862 omnes
1141 3794 1396 3862 confirmationes
1420 3795 1611 3860 electionum

280 3905 313 3965 et
336 3901 536 3985 provisiones
569 3901 760 3987 dignitatum
786 3912 819 3969 et
842 3903 1068 3971 beneficiorum
1092 3902 1134 3970 ad
1165 3902 1301 3970 eundem
1335 3902 1612 3988 archiepiscopum

279 4009 493 4092 spectantium
530 4009 789 4077 duxeramus..
816 4062 823 4076 .
849 4010 1051 4098 dispositioni
1086 4011 1265 4098 apostolice
1297 4010 1481 4097 specialiter
1514 4030 1612 4076 reser-

280 4113 405 4181 vandas
422 4163 429 4176 .
448 4165 456 4181 .
475 4167 483 4182 .
504 4118 640 4202 Insuper
673 4119 794 4185 eisdem
828 4120 953 4186 nunciis
985 4119 1135 4203 diximus,
1171 4119 1257 4203 quod
1289 4125 1396 4185 nostre
1428 4119 1613 4186 intentionis

280 4228 352 4286 erat
374 4242 471 4307 super
494 4225 658 4309 premissis
681 4227 838 4293 universis
862 4226 1115 4311 archiepiscopis
1139 4245 1313 4309 eorumque
1337 4225 1549 4310 suffraganeis
1569 4223 1612 4292 de

280 4329 426 4414 partibus
442 4331 609 4397 Alemanie
632 4333 772 4417 gratiam
789 4340 822 4400 et
839 4335 1091 4400 communionem
1109 4334 1285 4419 apostolice
1309 4331 1396 4398 sedis
1419 4331 1613 4398 habentibus

281 4436 406 4502 litteras
430 4444 556 4506 nostras
578 4441 761 4524 specialiter
785 4440 947 4508 destinare
971 4443 1127 4528 premissa
1143 4442 1190 4507 eis
1209 4462 1266 4528 per
1283 4439 1388 4506 dictas
1410 4440 1535 4506 litteras
1559 4460 1612 4505 ex·

280 4543 447 4629 plicantes.

388 4651 458 4717 Hec
482 4660 589 4719 autem
614 4656 719 4721 omnia
743 4655 951 4741 singulariter
974 4663 1006 4722 et
1030 4654 1181 4723 distincte
1212 4654 1412 4722 universitati
1436 4660 1541 4720 vestre
1564 4673 1613 4719 re·

283 4757 421 4824 ferenda
444 4759 652 4846 providimus,
670 4771 715 4847 ut,
739 4765 766 4830 si
783 4764 866 4830 sorte
881 4764 991 4847 iniqua
1006 4763 1094 4830 labia
1110 4771 1142 4830 et
1157 4765 1267 4850 lingue
1290 4763 1425 4830 fallaces
1448 4759 1613 4828 studerent
