3642 5509
771 423 840 478 1339
859 422 919 478 Mai
938 424 981 478 31.
1473 422 1525 476 561

189 603 341 689 populum
365 625 428 671 non
445 604 601 670 habentes
625 610 657 669 et
681 610 828 671 carentes
844 601 985 689 presidio
1009 601 1228 685 facultatum,
1252 602 1411 668 instabilis
1429 623 1526 686 vaga-

191 711 286 778 tionis
311 717 344 777 et
368 712 585 778 mendicitatis
599 711 781 797 'opprobrio
797 711 1003 777 serenitatem
1026 709 1222 795 pontiticalis
1246 710 1433 775 obnubilant
1457 708 1527 794 dig-

189 819 311 902 nitatis,
330 826 516 886 exercentes
535 819 714 904 improvide
731 820 852 902 absque
877 818 1018 884 locorum
1035 817 1275 884 diocesanorum
1298 817 1439 899 licentia,
1465 836 1527 900 que

189 926 388 1010 pontificalis
415 933 489 993 sunt
512 924 643 1009 ordinis,
676 927 709 991 in
740 926 819 992 locis
850 926 948 991 etiam
981 925 1155 1011 suppositis
1187 924 1408 991 ecclesiastico
1431 925 1525 990 inter·

189 1031 278 1098 dicto
301 1035 333 1098 in
349 1054 500 1118 magnum
524 1033 669 1099 fidelium
686 1033 873 1100 scandalum
897 1039 930 1099 ct
953 1032 1122 1098 multarum
1147 1032 1322 1117 periculum
1339 1033 1525 1097 animarum.

190 1139 274 1218 Quia
312 1144 410 1226 Igitur
448 1143 568 1210 talibus
603 1141 778 1227 prophanis
813 1140 942 1206 ausibus
976 1139 1107 1206 obviare
1144 1141 1280 1225 provisis
1320 1139 1435 1206 mediis
1469 1160 1527 1205 nos

190 1254 326 1333 oportet,
350 1249 543 1317 discretione
567 1258 631 1328 tue,
656 1248 684 1315 si
707 1251 863 1334 premissa
886 1248 1046 1313 inveneris
1069 1246 1206 1313 veritate
1228 1246 1346 1329 fulciri,
1376 1246 1526 1332 capiendi

190 1355 318 1422 eosdem
344 1356 501 1423 Iulianum
525 1364 558 1423 et
584 1357 750 1423 Danielem
775 1360 889 1440 perte
914 1354 966 1420 vel
989 1355 1070 1421 alios
1094 1361 1127 1420 et
1150 1359 1262 1440 captos
1286 1353 1328 1419 ad
1349 1354 1527 1420 Romanam

190 1462 310 1528 curiam
335 1463 517 1530 destinandi
534 1472 566 1531 et
589 1462 772 1547 requirendi
791 1464 932 1530 locorum
949 1462 1137 1542 ordinarios,
1162 1462 1248 1546 quod
1265 1462 1325 1527 tibi
1341 1462 1383 1527 ad
1401 1464 1528 1549 capien-

190 1569 265 1634 dum
289 1578 322 1636 et
345 1569 553 1638 detinendum
577 1570 707 1638 eosdem
738 1578 771 1637 et
801 1578 913 1656 captos
943 1569 1128 1636 addictam
1154 1571 1274 1635 curiam
1304 1567 1527 1636 destinandum

189 1685 332 1763 prestent
356 1679 509 1745 auxilium
535 1685 735 1765 oportunum,
760 1677 967 1744 concedimus
990 1678 1181 1744 auctoritate
1206 1679 1401 1762 presentium
1426 1677 1528 1742 facul-

189 1789 300 1850 tatem.
346 1787 422 1852 Dat.
446 1786 541 1853 Avin.
566 1787 612 1851 VI
635 1786 680 1851 kl.
705 1786 817 1871 aprilis
840 1808 869 1851 a.
894 1786 1015 1868 quinto.

350 1918 423 1988 Rep.
442 1917 498 1972 127
516 1933 564 1972 nr.
583 1917 651 1972 822.

296 2189 426 2256 235⁹.
463 2191 550 2255 1339
573 2189 649 2256 Mai
670 2191 725 2257 31.
750 2187 918 2276 Avipoon.

295 2334 491 2400 Benedictus
514 2333 581 2399 XII
604 2334 745 2399 Henrico
769 2332 857 2399 dicto
870 2332 1071 2417 Goldenagcl
1096 2332 1357 2399 consideracione
1373 2331 1526 2398 Walrami

190 2441 425 2528 archiepiscopi
450 2441 648 2508 coloniensis
675 2461 733 2527 pro
767 2461 805 2506 eo
839 2442 957 2507 clerico
980 2461 1037 2506 suo
1061 2441 1270 2527 supplicantis
1294 2441 1418 2506 confert
1448 2440 1527 2507 eccl.

190 2548 380 2615 Zeilicensis
393 2548 503 2615 Goion.
522 2548 606 2613 dioc.
631 2549 858 2614 canonicatum
874 2554 906 2613 et
929 2548 1126 2634 prebendam
1143 2553 1295 2613 vacantes
1311 2569 1352 2612 ex
1369 2568 1418 2624 co,
1442 2546 1528 2630 quod

190 2677 277 2740 papa
309 2654 427 2720 dudum
462 2654 621 2720 Willelmo
654 2652 696 2720 dc
730 2655 862 2740 Genepe
895 2656 1050 2721 canonico
1075 2654 1257 2722 Coloniensi
1289 2660 1321 2719 et
1354 2653 1527 2720 Zellioensi

190 2763 325 2827 eontulit
348 2764 582 2847 preposituram
607 2761 686 2828 eccl.
710 2761 911 2829 Susaciensis
935 2761 1046 2828 Goion.
1071 2760 1155 2830 dioc.

297 2870 441 2954 Exigunt
464 2877 517 2936 tue
541 2868 735 2934 merita...
782 2870 858 2935 Dat.
882 2870 978 2935 Avin.
1003 2870 1035 2934 II
1058 2869 1103 2937 kl.
1127 2870 1203 2934 iunii
1228 2889 1258 2935 a.
1283 2870 1404 2954 quinto.

298 2979 335 3043 In
366 2997 393 3042 6.
418 2998 460 3042 m.
485 2977 585 3042 ablati
619 2977 804 3042 monasterii
834 2976 868 3042 S.
893 2977 986 3042 Pauli
1011 2977 1151 3042 Traiect.
1186 2985 1218 3043 et
1250 2977 1413 3062 preposito
1446 2975 1527 3048 eccl,

191 3085 226 3151 S.
251 3083 399 3152 Severini
422 3083 532 3150 Oolon.
557 3104 606 3150 ao.
631 3084 756 3150 Thome
779 3083 907 3151 Fastolf
931 3085 1085 3150 canonico
1109 3085 1325 3168 Bangorensis
1348 3083 1427 3149 eccl.

340 3208 413 3279 Req.
432 3207 489 3262 127
506 3223 554 3262 nr.
573 3207 641 3264 529.

296 3481 426 3546 2361).
452 3484 538 3547 1339
562 3481 650 3548 deni
674 3483 726 3546 11.
751 3479 917 3568 Aeipooe.

306 3625 513 3690 Benedictus
537 3625 614 3688 XII
633 3624 736 3690 erere
761 3625 800 3689 de
824 3625 977 3711 (lapario
1000 3625 1142 3690 oriende
1165 3625 1306 3690 moniali
1328 3625 1526 3690 monosterii

193 3731 249 3794 XI
270 3729 408 3796 Milium
430 3733 604 3817 Virpinam
630 3730 743 3799 Colore.
777 3733 909 3817 pretias
942 3733 1011 3818 opit
1043 3733 1083 3798 de
1114 3734 1323 3798 transmissis
1355 3733 1418 3798 sibl
1448 3731 1526 3797 reli-

192 3839 280 3922 quiis
301 3838 337 3903 S.
363 3839 558 3923 Marparete
582 3861 720 3923 eamque
744 3839 955 3922 exhortator,
979 3847 1017 3904 at
1040 3840 1151 3925 iperem
1168 3861 1236 3926 per
1259 3840 1393 3905 litteras
1414 3841 1526 3926 faeiat

191 3946 368 4010 certiorem
392 3945 432 4010 cle
457 3945 579 4012 Sancte
604 3946 780 4011 miracolis
804 3953 834 4011 et
859 3947 899 4011 de
923 3945 1024 4012 Grete
1048 3947 1241 4012 visionibus.

302 4084 509 4170 [Benedictus
532 4087 610 4172 XII]
641 4085 761 4153 dilecte
784 4089 817 4152 in
841 4087 968 4154 Christo
999 4088 1069 4154 11116
1093 4089 1191 4155 Grete
1219 4089 1272 4154 dei
1301 4090 1463 4171 obsequiis
1494 4090 1526 4154 in

189 4192 382 4259 monasterio
407 4192 687 4259 Undecimmilium
713 4195 879 4279 Virginum
907 4203 941 4260 et
964 4195 1130 4260 Martirum
1154 4195 1347 4278 Coloniensi,
1379 4198 1526 4280 quamvis

191 4300 324 4366 oriunde
349 4300 389 4366 de
412 4302 566 4384 Ungaria,
590 4302 759 4367 insistenti.

297 4408 348 4473 Ex
371 4407 496 4474 sincere
520 4407 700 4474 devotionis
723 4409 859 4492 affectu,
883 4429 977 4492 quem
1002 4407 1156 4476 addeum
1179 4431 1219 4477 ac
1242 4431 1299 4476 nos
1324 4419 1356 4476 et
1379 4417 1524 4477 sanctam

191 4515 369 4580 Romanam
385 4516 553 4581 ecclesiam
571 4535 695 4600 gerere,
719 4515 839 4582 dilecta
862 4517 894 4582 in
907 4516 1034 4583 Christo
1050 4517 1131 4599 filia,
1156 4515 1342 4598 dinosceris,
1367 4517 1526 4585 credimus

191 4623 395 4709 processisse,
430 4621 516 4706 quod
549 4622 749 4689 venerandas
781 4625 866 4690 illius
897 4624 1037 4708 gloriose
1060 4625 1194 4709 virginis
1218 4635 1251 4691 et
1281 4625 1421 4692 martiris
1444 4627 1525 4692 llar-

291 4803 321 4870 a)
340 4801 515 4856 facultatem
536 4797 569 4854 in
605 4816 649 4871 eq.

245 4925 363 4972 vatium
372 4925 499 4978 merten
515 4923 546 4972 11.
1329 4912 1364 4967 36
