3642 5509
824 377 894 432 1338
912 376 1083 434 November
1102 378 1144 433 13.

411 592 538 659 2852.
572 596 659 659 1338
682 596 868 660 November
898 598 944 659 13.
972 593 1138 683 Avipooa.

409 757 603 822 Benedictus
625 757 691 822 Xll
724 759 875 843 episcopo
900 758 1072 824 Leodiensi
1096 760 1237 842 nunciat,
1271 758 1355 842 quod
1380 757 1551 824 Eduardus
1576 778 1633 822 rex

305 865 421 947 Anglic
438 884 509 929 cum
527 864 692 930 Ludovico
710 865 751 929 de
764 867 902 930 Bavaria
921 865 1199 932 confederationes
1223 867 1340 934 fecisse
1365 873 1397 931 et
1420 867 1461 932 ah
1486 887 1524 932 eo
1548 867 1634 930 vica·

300 972 402 1037 111111
425 972 570 1037 officium
595 994 651 1058 per
673 979 774 1038 totam
791 973 1012 1038 allemanniam
1036 980 1068 1038 et
1086 974 1289 1040 Germaniam
1314 975 1492 1058 suscepisse
1516 980 1548 1037 et
1572 973 1635 1057 epi-

300 1099 431 1164 scopum
464 1079 683 1165 supradictum
717 1101 842 1146 necnon
868 1081 1036 1146 nonnullos
1063 1081 1143 1147 alios
1175 1083 1314 1166 prelatos
1342 1082 1465 1147 illarum
1496 1081 1634 1165 partium

301 1187 491 1272 compellere
516 1187 632 1252 dicitur
664 1187 705 1252 ad
731 1188 905 1272 parendum
934 1187 1100 1254 Ludovico
1134 1209 1173 1254 ac
1206 1188 1411 1274 prestandum
1445 1187 1549 1253 eidem
1582 1187 1635 1252 vel

299 1293 360 1379 ipsi
395 1293 548 1359 Eduardo
576 1294 734 1360 Ludovici
767 1296 894 1360 nomine
926 1315 984 1381 pro
1018 1295 1111 1361 terris
1143 1297 1235 1362 bonis
1267 1303 1299 1361 11
1332 1297 1462 1377 iuribus,
1498 1314 1559 1377 que
1591 1294 1634 1358 ab

299 1403 432 1487 imperio
470 1408 596 1484 tenent,
629 1403 858 1486 recognitionis
891 1410 923 1468 ct
956 1403 1126 1469 fidelitatis
1161 1406 1380 1470 iuramentum.
1438 1403 1635 1468 Exhortatur

299 1511 484 1595 episcopum
509 1510 657 1591 quatinus
683 1511 810 1592 utrique
837 1530 1039 1593 nequaquam
1064 1518 1187 1596 pareat,
1216 1513 1311 1577 immo
1340 1531 1416 1576 vero
1445 1509 1634 1575 111110111-

299 1619 401 1683 niensi
426 1624 458 1682 et
481 1617 647 1682 Bisantino
671 1616 921 1702 archiepiscopis
945 1627 977 1682 11
1003 1617 1193 1684 virdunensi
1219 1619 1387 1684 Basiliensi
1406 1617 1633 1702 Argentincnsi

299 1725 523 1790 Cameracensi
561 1724 696 1790 Metcnsi
739 1724 881 1790 Trullensi
921 1725 1119 1790 Lausanensi
1155 1725 1325 1791 Bellicensi
1360 1724 1561 1789 Traiectensi
1600 1733 1633 1787 et

298 1832 542 1898 Monasteriensi
571 1833 731 1917 episcopis
760 1831 811 1897 vel
839 1851 910 1897 cum
940 1833 987 1898 eis
1010 1853 1049 1897 ex
1079 1833 1137 1914 his,
1167 1833 1208 1897 de
1238 1831 1352 1914 quihus
1380 1832 1441 1916 ipsi
1472 1830 1634 1896 ridebitur

298 1939 488 2024 expediens,
524 1939 803 2005 confederationes
837 1941 935 2023 ineat,
969 1949 1005 2005 ut
1041 1939 1242 2024 conglobatis
1274 1939 1394 2004 viribus
1426 1959 1461 2004 sc
1494 1937 1632 2002 invicem

297 2047 408 2112 iuvare
432 2048 571 2112 valeant.

404 2154 560 2220 Perduxit
583 2155 709 2219 noviter
732 2175 838 2220 rumor
863 2203 870 2218 .
889 2203 896 2218 .
915 2204 921 2218 .
970 2156 1044 2219 Dat.
1059 2155 1151 2220 Avin.
1170 2155 1241 2221 idus
1258 2154 1438 2220 novembris
1455 2175 1484 2219 a.
1506 2158 1631 2236 quarto.

406 2263 442 2326 ln
467 2282 495 2327 1.
520 2283 559 2328 m.
586 2261 837 2347 archiepiscopis
860 2268 893 2326 et
917 2263 1076 2347 episcopis
1099 2262 1301 2348 supradictis.

447 2405 967 2474 1119.133Ῑ”.124111.383-395;
1000 2405 1038 2474 cf.
1067 2403 1225 2474 Rapoaloi
1248 2404 1382 2458 Annales
1406 2405 1505 2458 eccles.
1532 2403 1575 2457 ud
1601 2419 1630 2457 a.

447 2496 525 2548 1338
546 2499 563 2557 s
582 2496 625 2548 71.

402 2869 530 2938 2853.
558 2871 644 2936 1338
666 2872 853 2938 November
875 2874 928 2936 13.
953 2869 1116 2959 Aoipaoa.

403 3015 598 3082 Benedictus
621 3015 686 3081 XII
719 3017 815 3082 Petro
849 3017 896 3080 tit.
923 3015 956 3081 S.
986 3017 1142 3082 Praxedis
1174 3017 1352 3102 presbitero
1385 3024 1418 3082 11
1451 3015 1627 3082 Bertrando

296 3124 327 3190 S.
349 3123 450 3189 Marie
473 3124 506 3187 in
529 3122 651 3206 Aquiro
675 3123 811 3189 diacono
835 3123 1053 3189 cardinalibus
1076 3125 1253 3208 apostolice
1276 3122 1362 3190 sedis
1385 3124 1510 3208 nunciis
1533 3142 1628 3208 super

295 3233 424 3315 negotio
457 3232 548 3315 pacis
580 3231 662 3295 inter
686 3230 821 3296 Francia
854 3237 886 3294 et
910 3230 1027 3314 Anglie
1059 3250 1152 3314 reges
1185 3230 1325 3306 mandat,
1360 3230 1510 3314 quatinus
1538 3231 1627 3297 Golo-

295 3339 397 3404 niensi
421 3345 452 3403 et
477 3338 644 3404 Blauntino
667 3338 920 3423 archiepiscopis
945 3357 984 3402 ac
1001 3337 1222 3403 Oarneracensi
1241 3336 1413 3404 Leodiensi
1427 3339 1626 3404 Traiecteosi

294 3445 537 3511 Monastcriensi
561 3444 718 3510 Mindensi
743 3444 982 3528 Osnahurgensi
999 3445 1241 3512 Constanciensi
1259 3445 1483 3530 Herhipolensi
1507 3447 1627 3528 Argen·

295 3553 410 3618 tinensi
438 3551 581 3617 Onriensi
606 3552 748 3637 Spirensi
773 3551 965 3618 Virdunensi
991 3553 1184 3636 Augustensi
1211 3553 1347 3618 Metensi
1371 3553 1514 3618 Tullensi
1539 3553 1624 3617 Basi-

293 3661 385 3726 licnsi
399 3659 596 3725 Lausanensi
613 3659 783 3725 Bellicensi
808 3667 840 3725 et
855 3660 927 3726 aliis
951 3661 1110 3744 episcopis
1134 3667 1165 3724 et
1182 3661 1315 3745 prelatis
1338 3659 1464 3726 illarum
1488 3661 1625 3745 partium

294 3777 327 3833 et
349 3769 584 3854 provinciarum
600 3768 658 3832 snb
682 3767 800 3833 virtute
817 3766 1001 3832 obedientie
1018 3787 1056 3832 ac
1072 3769 1240 3834 iuramenti
1256 3774 1289 3833 et
1309 3767 1489 3850 fidelitatis,
1513 3768 1626 3850 quihus

294 3876 437 3941 Romane
461 3875 597 3941 ecclesie
613 3880 759 3940 tenentur
782 3875 916 3958 astricti,
941 3875 1075 3957 aliisque
1103 3877 1320 3960 spiritualibus
1345 3883 1377 3940 11
1397 3876 1625 3960 temporalibus

293 3985 384 4071 penis
407 3983 583 4066 inhibeant,
619 4004 658 4050 ne
682 3982 844 4048 Edwardo
869 3983 937 4066 regi
962 3983 1087 4065 Anglie,
1113 3984 1167 4065 qui
1191 4005 1209 4048 a
1234 3983 1400 4050 Ludovico
1424 3983 1465 4050 de
1488 3984 1626 4049 Bavaria

294 4092 482 4158 vicariatum
506 4091 631 4177 imperii
654 4092 833 4176 suscepisse
857 4090 984 4172 dicitur,
1017 4096 1073 4156 aut
1106 4089 1202 4156 alicui
1235 4091 1289 4156 alii
1323 4089 1363 4157 de
1396 4091 1446 4156 vel
1478 4113 1536 4176 pro
1559 4090 1626 4156 suis

293 4199 521 4285 temporalibus
550 4205 583 4262 et
609 4198 690 4279 aliis,
725 4217 786 4279 que
819 4203 929 4262 tenent
962 4198 1003 4262 ah
1035 4199 1179 4282 imperio,
1213 4198 1273 4264 nisi
1306 4219 1391 4284 pape
1424 4207 1456 4265 11
1489 4199 1626 4266 11111111

292 4307 437 4372 Romane
460 4306 593 4391 imperio
617 4311 763 4388 vacante,
787 4303 871 4370 sicut
894 4324 978 4369 nunc
1003 4312 1107 4386 vacat,
1137 4306 1188 4370 vel
1218 4327 1294 4372 vero
1323 4313 1356 4371 et
1380 4305 1539 4373 catholico
1568 4307 1623 4370 im·

293 4419 433 4499 peratori
457 4413 579 4479 faciant
601 4413 652 4476 vel
675 4418 859 4497 presentent
885 4412 1133 4496 recognitionem
1159 4412 1209 4478 vel
1234 4411 1426 4496 homagium.

399 4519 583 4587 Assertione
611 4521 743 4587 rumoris
766 4517 931 4604 implacidi
1067 4520 1142 4585 Dat.
1166 4520 1261 4586 huin.
1290 4519 1362 4586 idus
1390 4523 1570 4589 novembris
1593 4544 1624 4590 a.

292 4635 417 4712 quarto.

452 4771 525 4841 aeq.
546 4773 602 4824 133
618 4770 642 4839 f.
663 4771 719 4824 125
738 4786 787 4826 ar.
806 4772 879 4838 aaa·
903 4771 956 4826 aa.
975 4770 1059 4825 1114.
