3642 5509
249 401 303 460 414
815 397 977 458 recisum
998 399 1041 458 16.

354 583 484 651 2052.
510 585 596 649 1331
620 585 707 650 Jrror'
732 586 783 648 16.
808 581 973 670 Aoiqooa.

357 728 514 794 Iohannes
538 728 636 792 XXII
669 725 873 792 Theodorico
897 725 938 790 do
962 724 1106 790 Esscnde
1136 723 1263 789 confert
1292 722 1369 788 0001.
1398 722 1432 788 S.
1458 723 1584 789 Andreo

250 837 361 902 Goion.
386 836 585 901 scolastriam
609 841 777 900 vacantem
809 853 866 918 per
895 833 1016 898 obitum
1043 831 1240 916 Heydenrici
1265 829 1305 895 de
1329 829 1474 896 Essendc
1498 829 1585 896 sedis

250 943 426 1028 apostolice
453 944 621 1028 capellani.

357 1050 547 1116 Devotionis
570 1056 624 1115 100
647 1049 891 1116 sinceritas...
926 1049 1001 1113 Dat.
1026 1047 1121 1112 Avin.
1145 1045 1223 1111 XVI
1247 1045 1292 1112 kl.
1317 1046 1385 1110 iulii
1409 1067 1439 1111 a.
1463 1046 1586 1128 quinto·

250 1157 386 1222 decimo.

357 1266 395 1330 In
419 1285 446 1330 0.
472 1287 513 1330 m.
537 1263 701 1350 preponito
725 1265 759 1330 S.
784 1262 956 1329 Kunihcrti
981 1269 1014 1327 01
1038 1262 1162 1328 decano
1186 1259 1219 1326 S.
1241 1261 1387 1326 Severini
1411 1260 1520 1326 Goion.
1545 1281 1585 1326 ao

249 1371 419 1438 scolastico
443 1373 604 1438 'I'ullensin
627 1372 845 1438 ecclesiarum.
1237 1355 1240 1362 ¹

411 1497 483 1566 1109.
504 1497 560 1551 100
577 1511 626 1551 nr.
645 1497 689 1550 10.

355 1755 481 1823 21153.
513 1758 598 1820 1331
622 1757 710 1824 Joai
734 1758 786 1820 16.
815 1753 980 1841 Aviynorr.

357 1899 515 1965 Iohannes
531 1899 631 1963 XXII
655 1897 857 1964 Theoderico
883 1897 923 1962 de
948 1896 1092 1964 Eoscnde
1117 1896 1242 1962 confert
1266 1895 1345 1960 eccl.
1363 1895 1584 1978 Hngardensis

249 2005 351 2071 Lood.
369 2006 454 2072 dioc.
472 2006 696 2071 canonicatum
719 2011 752 2071 01
776 2004 973 2091 prebendam
997 2011 1152 2070 vacantes
1175 2024 1233 2088 por
1249 2003 1369 2068 obitum
1387 2001 1583 2088 Heydcnrioi

254 2113 296 2178 de
320 2112 465 2179 Emende
489 2112 576 2178 sedis
599 2112 776 2197 apostolice
800 2112 969 2196 capellani.

357 2221 457 2286 Grata
487 2227 541 2285 tue
571 2219 752 2286 devotionis
782 2266 790 2284 .
817 2270 824 2283 .
851 2269 857 2284 .
921 2221 994 2284 Dat.
1020 2219 1115 2285 Avin.
1140 2218 1219 2284 XVI
1243 2218 1285 2283 hl.
1314 2217 1383 2283 iulii
1407 2239 1436 2282 a.
1462 2217 1585 2302 quinto·

249 2325 385 2394 decimo.

359 2434 394 2498 In
420 2454 446 2499 e.
470 2456 511 2499 m.
535 2437 699 2520 preposito
723 2436 757 2502 S.
783 2436 953 2502 Knniberti
978 2443 1010 2501 01
1034 2435 1157 2501 decano
1181 2433 1214 2500 S.
1239 2433 1385 2501 Severini
1409 2433 1519 2500 Oolon.
1544 2453 1583 2498 ac

249 2541 420 2608 scolashco
444 2542 605 2609 Tullensis
628 2544 847 2609 ecclesiarum.

397 2669 470 2738 Ray.
491 2669 549 2723 100
567 2684 613 2722 or.
632 2670 659 2722 6.

356 2955 483 3023 21154.
514 2958 600 3021 1331
625 2959 712 3023 Juni
737 2960 788 3021 16.
814 2954 980 3042 1101911011.

355 3081 515 3148 Iohannes
530 3082 630 3146 XXII
654 3080 790 3146 Iohanni
808 3079 848 3146 dc
865 3081 993 3166 Syberg
1018 3082 1143 3146 confert
1167 3082 1245 3148 0001.
1261 3081 1459 3148 Srreaoicneis
1472 3081 1582 3146 Colon.

249 3187 333 3254 dioc.
359 3191 583 3255 canonicatum
617 3196 649 3254 01
681 3189 878 3274 prehendam
903 3196 1057 3254 vacantes
1086 3209 1144 3274 per
1174 3191 1295 3254 obitum
1321 3187 1517 3274 IIcyrIcnrioi
1542 3187 1583 3252 do

249 3295 392 3362 Esncndc
415 3296 503 3362 sedis
526 3297 704 3381 apostolice
728 3296 897 3381 capellani.

355 3405 543 3489 Apostolice
566 3403 653 3470 sedis
677 3404 888 3489 copiosa...
925 3403 1003 3469 Dat.
1020 3405 1115 3470 Avin.
1140 3405 1219 3469 XVI
1244 3404 1286 3468 hl.
1312 3404 1379 3469 iulii
1404 3426 1434 3469 a.
1458 3405 1583 3486 quinto·

248 3509 384 3576 decimo.

356 3619 392 3682 In
417 3638 445 3683 0.
471 3638 511 3681 m.
546 3616 656 3682 abbati
686 3619 870 3683 monasterii
895 3617 1108 3704 Syhergensis
1132 3619 1241 3686 Colon.
1272 3619 1366 3704 dyoc.
1397 3622 1430 3682 01
1459 3618 1582 3684 decano

250 3723 283 3789 S.
301 3725 447 3789 Severini
473 3723 585 3790 Colon.
610 3744 649 3789 ac
673 3724 844 3791 scolastico
869 3726 1030 3792 Tuilcnsis
1055 3725 1274 3792 ecclesiarum.

398 3849 471 3918 1109.
491 3849 548 3903 100
565 3863 612 3901 nr.
633 3849 659 3901 7.

355 4105 483 4174 2⁰55.
518 4111 604 4173 1331
628 4110 716 4175 Jcm·
742 4111 794 4174 16.
818 4107 984 4195 Aoiqnorr.

355 4250 514 4316 Iohannes
541 4251 640 4317 XXII
677 4251 817 4318 Henrico
847 4251 888 4318 de
911 4254 1014 4319 Ocrvo
1044 4253 1169 4319 confert
1197 4253 1275 4319 ecci.
1300 4255 1452 4320 secularis
1475 4255 1583 4320 Assin-

249 4356 357 4424 demis
382 4358 605 4424 canonicatum
631 4365 663 4424 ot
687 4359 882 4444 prehendam
906 4367 1060 4426 vacantes
1089 4381 1147 4446 per
1178 4362 1297 4428 obitum
1322 4361 1517 4446 Heydcnrici
1542 4361 1582 4427 dc

247 4463 392 4531 Emendc
416 4467 594 4550 apostolice
618 4466 705 4533 aedis
729 4467 899 4552 capellani,
935 4468 989 4550 qni
1020 4488 1120 4552 nuper
1143 4473 1236 4533 extra
1260 4468 1382 4533 curiam
1405 4468 1581 4535 Romanam

248 4571 334 4637 diem
358 4572 474 4638 clausit
499 4579 686 4656 extremum,
720 4595 782 4639 non
811 4574 960 4639 obstante
985 4574 1070 4656 quod
1094 4574 1253 4640 Henricus
1276 4573 1509 4659 parrochialem
1533 4596 1583 4641 00·

249 4677 901 4746 0100101118.Μο11111100111Β.Μο110
935 4681 967 4745 in
1001 4681 1154 4766 capitolio
1189 4682 1412 4747 canonicatum
1442 4684 1501 4751 suh
1529 4703 1582 4747 ex-

250 4787 434 4876 pectatione
457 4788 586 4852 maioris
609 4787 772 4873 prehende
796 4807 835 4853 ac
859 4788 892 4852 in
915 4787 948 4854 S.
973 4787 1077 4854 Mario
1101 4788 1142 4853 ad
1168 4787 1289 4874 gradus
1313 4788 1413 4856 Goion
1441 4797 1474 4856 01
1498 4791 1578 4856 Bun.
