3642 5509
726 475 795 531 1327
814 475 984 531 December
1004 476 1045 531 13.

316 656 439 723 1364.
477 659 563 723 1327
586 657 771 722 December
796 659 846 721 13.
877 654 1043 743 Acipnon.

318 800 477 867 Iohannes
502 800 601 866 XXII
637 798 782 866 Gerardo
817 797 905 864 dicto
942 797 1113 883 Hoykinoh
1151 799 1306 864 canonico
1341 798 1375 864 S.
1410 798 1544 882 Georgii

209 908 321 974 Goion.
345 914 491 976 reservat
514 906 702 973 beneficium
727 906 980 972 ecclesiasticum
1007 926 1078 969 enm
1102 924 1179 970 cura
1203 905 1253 971 vel
1278 906 1346 971 sinc
1371 925 1447 971 cura
1471 926 1543 971 con-

208 1020 334 1081 suetum
358 1013 476 1080 abolim
500 1012 626 1079 clericis
649 1013 846 1080 secularibus
869 1012 1038 1097 assignari,
1063 1011 1306 1095 constructus,
1330 1013 1357 1079 si
1381 1014 1451 1081 sine
1467 1032 1544 1079 cura

207 1121 316 1204 inerit,
349 1119 531 1204 quindecim
553 1119 755 1186 marcharum
779 1102 905 1203 argenti
930 1140 955 1184 ι.
977 1124 1000 1183 1.
1022 1117 1053 1183 d.
1078 1119 1220 1184 valorem
1243 1140 1382 1185 annuum
1405 1140 1469 1185 non
1493 1140 1544 1185 ex·

210 1226 340 1311 cedant,
373 1226 416 1292 ad
445 1226 687 1313 dispositionem
721 1226 848 1293 abbatis
872 1233 905 1291 et
929 1232 1104 1291 conventus
1136 1228 1321 1292 monasterii
1345 1226 1380 1291 S.
1404 1226 1544 1293 Pentha-

209 1335 312 1401 leonis
335 1333 444 1401 Gelon.
469 1332 539 1400 ord.
572 1334 606 1398 S.
632 1332 752 1398 Bened.
786 1333 951 1419 pertinens
983 1332 1191 1398 communiter
1223 1333 1274 1398 vel
1307 1332 1445 1419 divisim,
1480 1354 1543 1399 non

208 1442 359 1509 obstante
391 1440 477 1525 quod
509 1442 542 1505 in
576 1440 655 1506 cccl.
688 1440 722 1507 S.
748 1440 878 1523 Georgii
903 1439 1014 1506 Goion.
1044 1440 1266 1506 canonicatum
1291 1448 1324 1507 ct
1347 1440 1543 1527 prebendam

209 1548 347 1615 obtinet.

317 1655 509 1743 Multiplicia
532 1661 588 1722 tue
609 1656 784 1741 probitatis
909 1654 985 1720 Dat.
1002 1654 1097 1720 lirin.
1122 1652 1194 1721 idus
1216 1654 1398 1722 decembris
1421 1676 1450 1721 a.
1468 1654 1544 1722 duo·

209 1762 347 1829 decimo.

316 1871 353 1935 In
377 1890 406 1935 e.
431 1892 471 1935 m.
507 1868 632 1937 decano
665 1878 699 1936 et
730 1870 930 1936 thesaurario
953 1870 986 1936 S.
1013 1868 1159 1935 Severini
1183 1869 1292 1935 colon.
1323 1889 1363 1936 ac
1390 1871 1544 1953 magistro

209 1976 327 2044 Bosolo
350 1976 391 2043 de
415 1978 532 2043 Parma
555 1978 722 2064 capellano
746 1977 856 2063 papuli
880 1978 1035 2043 canonico
1059 1977 1274 2045 'lamacensis
1297 1977 1514 2045 ecclesiarum.

375 2102 447 2172 Rep.
466 2103 504 2157 85
520 2101 545 2172 f.
564 2102 624 2158 220
640 2118 688 2157 nr.
708 2101 774 2156 621.

318 2388 440 2458 loen.
466 2393 553 2456 1327
576 2392 760 2457 December
784 2392 836 2456 13.
861 2388 1026 2478 Avipnon.

319 2533 480 2601 lohannes
492 2534 594 2600 XXII
617 2536 803 2602 Hermanno
820 2534 907 2600 dicto
924 2533 965 2599 dc
983 2534 1016 2599 S.
1030 2534 1171 2617 Georgia
1194 2536 1311 2600 rectori
1336 2533 1545 2620 parrochialis

210 2640 349 2706 ecclesie
377 2641 411 2707 S.
435 2642 602 2708 Laurentii
633 2641 845 2724 Coloniensis,
877 2640 1018 2707 nonduin
1042 2648 1151 2707 tamen
1183 2640 1215 2706 in
1249 2642 1349 2707 sacris
1382 2640 1546 2707 ordinibus

210 2746 396 2831 constituto,
420 2746 577 2833 indulget,
602 2756 637 2816 ut
661 2769 760 2833 nsque
784 2747 827 2813 ad
850 2749 1100 2832 quinquennium
1117 2746 1232 2815 adata
1252 2749 1445 2834 presentiam
1462 2767 1545 2813 eom·

209 2854 388 2940 putandum
412 2876 476 2921 non
500 2861 647 2922 teneatur
670 2875 706 2921 se
729 2857 760 2920 in
786 2856 996 2941 presbiterum
1021 2855 1130 2921 iacere
1154 2856 1344 2939 promoveri,
1374 2854 1545 2921 dnmmodo

209 2981 248 3027 se
270 2961 373 3027 iaciat
404 2961 490 3028 inira
522 2983 650 3045 annum,
685 2962 770 3029 infra
802 2982 896 3046 quern
920 2982 941 3027 a
964 2968 1107 3047 tempore
1135 2963 1294 3029 commissi
1323 2962 1385 3047 ipsi
1408 2962 1545 3028 ecclesie

209 3068 351 3153 predicti
374 3069 541 3153 regiminis
563 3076 597 3135 et
618 3070 840 3155 possessionis,
873 3076 909 3135 ut
933 3070 1057 3152 asserit,
1091 3069 1161 3153 ipse
1190 3068 1296 3134 adhuc
1325 3076 1384 3151 est,
1417 3069 1450 3133 in
1474 3069 1545 3134 sub·

210 3173 382 3241 diaconum
406 3177 535 3242 statutis
558 3196 578 3241 a
600 3177 669 3241 iure
692 3176 888 3261 temporibus
912 3174 1064 3241 ordinari.

319 3281 485 3348 Attribnta
508 3282 567 3349 tibi
590 3283 781 3369 multiplicia
805 3332 813 3348 .
840 3332 847 3348 .
874 3331 881 3350 .
915 3283 989 3349 Dat.
1008 3283 1102 3348 Avin.
1127 3281 1199 3348 idus
1222 3280 1401 3348 decembris
1421 3303 1450 3349 a.
1468 3280 1545 3347 duo·

211 3386 348 3455 decimo.

372 3514 446 3584 Rep.
465 3515 503 3567 86
519 3512 545 3584 f.
564 3515 629 3570 173‘
647 3531 697 3569 nr.
717 3515 798 3570 1461.

319 3792 442 3859 laon.
483 3794 569 3857 1327
592 3791 778 3857 December
800 3794 853 3857 27.
884 3790 1049 3877 Avipnoa.

318 3936 488 4001 Iohannes
521 3934 632 3999 XXII
662 3934 776 4000 1111111
809 3935 1008 4001 monosterii
1037 3934 1257 4021 synemenon
1289 3942 1320 4000 11
1349 3935 1474 3999 danao
1509 3936 1546 3997 in

212 4044 391 4109 Limborclt
422 4063 463 4108 ac
495 4042 626 4108 cantori
661 4040 697 4107 S.
722 4041 886 4107 Iohannis
910 4043 1104 4128 Mupuntiai
1127 4042 1279 4116 mandat,
1312 4042 1472 4126 quatinus
1495 4041 1547 4105 de·

213 4157 353 4215 1111111
386 4149 480 4215 litem
511 4148 601 4214 inter
633 4148 819 4213 Iohannem
853 4148 894 4214 de
922 4146 1031 4214 Olenia
1066 4149 1279 4214 scolasticum
1312 4149 1445 4214 eccleaie
1474 4149 1547 4212 Ma·

213 4258 352 4343 9111111
377 4262 408 4321 11
432 4255 619 4341 capitelam
643 4255 791 4320 eiusdem
814 4255 947 4320 ecclesie
972 4263 1137 4321 coortam.

319 4398 482 4464 Iohannes
498 4397 597 4464 XXll
620 4397 732 4463 abbati
755 4396 941 4463 monasterii
966 4397 1179 4482 Sybcrgensis
1202 4404 1235 4463 et
1258 4397 1382 4464 decano
1406 4399 1439 4463 in
1457 4398 1544 4463 Lirn-

213 4505 312 4572 borch
337 4505 447 4573 Goion.
473 4512 506 4571 et
530 4505 661 4571 Trever.
687 4502 770 4571 dioc.
795 4524 835 4570 ac
859 4505 983 4569 cantori
1007 4504 1041 4571 S.
1066 4504 1218 4571 Iohannis
1242 4504 1385 4589 Magunt.
1410 4505 1488 4571 eccl.
1514 4590 1516 4594 ι

320 4612 440 4679 Oblata
471 4612 565 4678 nobis
596 4633 654 4697 pro
683 4618 776 4696 parte
799 4610 909 4677 dilecti
933 4610 989 4676 lilii
1014 4610 1165 4679 Iohannis
1189 4610 1231 4677 de
1255 4612 1362 4680 Clevis
1384 4612 1546 4678 scolastici

213 4718 350 4785 ecclesie
364 4719 552 4803 Magantine
571 4718 730 4804 capellani
749 4719 848 4784 nostri
871 4719 986 4804 petitio
1003 4719 1197 4802 continebat,
1222 4716 1307 4802 quod
1324 4720 1399 4785 olim
1415 4717 1457 4784 de
1472 4740 1542 4785 sco·

213 4824 327 4892 laatria
348 4826 487 4893 ecclesie
510 4824 656 4912 predicte
679 4831 816 4892 vacante
839 4825 901 4891 fuit
925 4822 1027 4892 cidem
1045 4824 1180 4892 Iohanni
1205 4826 1396 4893 auctoritate
1420 4831 1546 4913 aposto
