3642 5509
749 496 818 551 1327
837 496 1007 551 December
1025 496 1050 551 4.
1495 494 1545 552 101

213 698 276 743 non
299 676 449 743 obstante
471 674 558 759 quod
582 675 815 762 parrochialem
840 676 1010 742 ecclesiam
1034 674 1075 742 de
1094 676 1309 761 Mormesneyt
1333 674 1420 742 dicte
1443 675 1544 742 Lecd.

213 781 298 852 dioc.
323 784 456 850 obtinet.

321 892 508 976 Apostolice
531 892 734 960 liberalitatis
761 892 929 960 dexteram
959 942 966 959 .
998 944 1005 959 .
1036 944 1043 959 .
1092 895 1165 960 1111.
1190 894 1287 961 Avin.
1312 890 1353 960 II‘
1367 914 1468 961 nones
1492 893 1546 960 de-

212 998 351 1064 cembris
373 1020 404 1064 e.
430 998 632 1067 duodecimo.

323 1106 357 1169 ln
380 1126 408 1171 e.
425 1128 467 1171 m.
501 1107 535 1173 S.
559 1108 672 1175 Crucis
694 1108 795 1174 Leod.
820 1115 853 1175 et
876 1109 910 1175 S.
937 1109 1037 1174 blarie
1060 1110 1219 1193 Aquensis
1250 1107 1348 1175 Leod.
1383 1108 1465 1174 dioc.
1491 1108 1546 1174 de·

212 1210 303 1278 cunis
325 1232 366 1278 11
388 1215 543 1299 magistro
566 1215 703 1283 Nicoleo
726 1214 768 1281 de
791 1216 920 1282 Frsctis
944 1218 1100 1283 canonico
1123 1217 1328 1284 Patrscensis
1356 1215 1436 1283 eccl.
1460 1215 1546 1280 litte-

212 1338 322 1383 ramm
346 1322 594 1406 apostolicarum
619 1322 801 1389 correctori.

373 1446 446 1516 Rep.
465 1448 503 1500 88
518 1444 544 1515 f.
568 1450 606 1500 44
624 1460 672 1499 nr.
692 1448 776 1501 3113.

318 1715 440 1782 1354.
467 1719 816 1786 132711111111114.
850 1717 1015 1805 Auipeoo.

319 1859 479 1927 Iohannes
499 1862 599 1927 XXII
624 1861 769 1928 Gerordo
793 1868 870 1927 neto
893 1861 1083 1945 Engelberti
1107 1861 1148 1926 de
1173 1860 1319 1947 Opboum
1344 1859 1544 1946 (Ophovinl)

210 1968 362 2053 armigeri
386 1969 512 2035 confert
534 1969 614 2034 eccl.
639 1969 698 2034 SS.
715 1968 944 2053 Apostolorum
962 1968 1072 2034 Goion.
1091 1968 1323 2050 canonicatum,
1348 1964 1545 2053 prebendam

209 2076 344 2139 veroin
368 2074 482 2141 eedem
506 2074 610 2141 eidem
634 2082 787 2142 reservet.

318 2182 441 2248 Meritis
464 2190 519 2247 tue
542 2182 791 2268 probitatis...
826 2184 902 2248 Dat.
920 2182 1016 2248 Avin.
1041 2183 1072 2247 II
1096 2202 1198 2249 nones
1221 2180 1401 2248 decembris
1424 2202 1454 2247 1.
1471 2181 1545 2249 duo

210 2287 356 2443 doelmln
380 2400 408 2444 e.
435 2400 476 2444 m.
509 2378 545 2445 S.
569 2376 699 2444 Andree
732 2385 764 2444 et
797 2378 831 2445 S.
856 2378 988 2464 Georgii
1012 2376 1122 2445 (lolon.
1155 2376 1288 2445 decenis
1320 2396 1361 2444 11
1390 2378 1545 2461 magifllrss

210 2484 347 2551 Nicolao
371 2484 412 2551 de
436 2486 564 2552 Fractis
588 2486 744 2552 canonico
770 2485 971 2552 Petreccnsis
995 2484 1074 2551 eccl.
1099 2484 1276 2551 litterarum
1297 2485 1543 2570 apostolicorum

211 2592 395 2658 correctori.

359 2717 432 2785 Rey.
451 2716 489 2773 ct
505 2716 530 2787 f.
550 2717 586 2772 74
606 2732 653 2773 nr.
673 2716 757 2772 2198.

317 2979 439 3047 leue.
467 2983 553 3047 1327
576 2983 762 3048 December
782 2985 815 3047 4.
840 2981 1006 3069 [1119111.

314 3122 474 3189 Iobnnnes
497 3124 595 3189 XXII
619 3124 784 3189 Willermo
807 3131 883 3190 nato
907 3122 1047 3190 Conrsdi
1072 3122 1113 3189 de
1137 3122 1392 3208 Anwillompuch
1417 3123 1543 3191 confert

210 3231 288 3295 eccl.
319 3230 355 3295 B.
380 3230 480 3295 llaric
509 3230 672 3313 Aquensis
700 3230 802 3297 Leod.
838 3230 922 3296 dioc.
958 3232 1192 3313 canonicatum,
1228 3228 1427 3316 prebendam
1463 3250 1542 3297 vero

211 3334 315 3402 eidem
339 3344 493 3405 reservat.

316 3444 439 3510 Meritis
463 3450 518 3510 tue
539 3445 735 3530 probitatis.
754 3495 761 3510 .
780 3494 788 3510 .
835 3444 911 3514 Dst.
930 3444 1022 3510 Avin.
1041 3445 1073 3510 II
1097 3464 1199 3510 nones
1221 3440 1401 3509 decembris
1420 3462 1451 3508 1.
1468 3440 1544 3510 dno

210 3548 346 3617 decimo.

315 3658 354 3723 In
370 3678 398 3723 e.
416 3678 457 3723 m.
483 3660 645 3744 preposito
670 3666 702 3725 et
726 3660 851 3724 cantori
875 3660 909 3724 S.
934 3657 1106 3724 Adelberti
1130 3676 1231 3744 prope
1253 3674 1360 3722 muros
1377 3655 1544 3739 Aquenses

210 3763 311 3831 Leod.
341 3763 426 3830 dioc.
461 3784 501 3829 sc
533 3765 687 3850 magistro
712 3766 830 3831 Busolo
854 3764 894 3831 de
918 3766 1035 3830 Parma
1068 3761 1223 3830 canonico
1247 3762 1461 3828 Tomecensis
1494 3782 1543 3828 ec·

210 3872 387 3938 elesiernm.

370 3996 443 4066 nep.
462 3996 501 4051 11
517 3996 542 4067 f.
561 3998 598 4051 11
615 4012 663 4051 nr.
683 3996 767 4051 2278.

316 4268 440 4334 leue.
472 4270 557 4335 1327
581 4270 765 4336 December
786 4272 817 4334 4.
847 4267 1013 4354 Aviprtoo.

315 4411 478 4477 Iohannes
502 4412 601 4477 xxii
633 4411 809 4478 Lauientio
833 4412 1009 4477 Hermenni
1033 4410 1074 4476 de
1097 4410 1200 4495 Aquis
1224 4412 1307 4478 laico
1330 4410 1432 4478 Leod.
1458 4410 1542 4477 dioc.

210 4525 354 4584 reservet
376 4518 571 4604 prebendam
596 4538 651 4585 seu
676 4518 825 4602 officium,
849 4538 1050 4603 quocumque
1073 4518 1200 4584 nomine
1223 4524 1437 4603 nuncupetur,
1472 4538 1545 4585 con·

209 4632 333 4691 suetam
358 4625 409 4690 vel
434 4634 619 4692 consuetum
645 4626 771 4692 clericis
794 4626 975 4709 coniugatis
1003 4624 1054 4690 vel
1087 4624 1180 4692 luicis
1212 4625 1381 4709 assignari,
1414 4625 1457 4691 sd
1481 4624 1543 4693 dis

210 4733 399 4816 positionem
426 4733 582 4819 prepositi
611 4732 728 4799 deceni
762 4739 794 4799 et
824 4733 956 4819 capituli
986 4732 1065 4799 eccl.
1094 4732 1128 4798 S.
1153 4732 1295 4799 Servstii
1326 4734 1544 4800 Treiectensis

208 4837 309 4905 leod.
333 4838 419 4905 dioc.
445 4841 654 4907 communiter
678 4840 729 4906 vel
753 4838 881 4907 divisim
904 4838 1117 4926 pertinentem
1141 4838 1193 4907 vel
1216 4840 1389 4926 pertinens.
