3642 5509
717 487 788 546 1330
804 478 973 547 December
990 491 1016 544 8.
1467 483 1521 546 387

294 667 460 737 Univerais
492 676 554 736 ete.
589 670 767 737 Gashertus
795 720 802 735 .
833 720 840 735 .
870 720 877 735 .
925 671 1001 735 Dat.
1027 669 1122 734 Avin.
1151 668 1203 734 die
1233 669 1378 735 XXVIII
1402 671 1520 738 mensis

186 778 369 844 novembris
392 797 476 843 anno
500 777 566 842 ind.
592 784 624 843 et
647 784 735 862 pout.
760 776 926 862 predictis.
953 779 988 858 (i.
1006 799 1031 842 e.
1051 799 1081 842 a.
1101 777 1211 857 1330).

338 917 434 989 onae.
453 920 482 973 et
499 917 596 974 sorus.
616 918 653 973 12
673 917 754 986 (320)
773 917 798 986 f.
816 919 876 982 ere·
899 921 936 972 13
955 917 1036 986 (aar)
1055 917 1079 986 f.
1099 918 1147 971 eo.

289 1239 411 1306 1⁹97.
441 1241 529 1305 1330
551 1241 735 1307 December
757 1243 789 1306 8.
814 1237 979 1326 Aoipnoa.

292 1382 452 1447 Iohannes
475 1381 576 1447 XXII
611 1381 805 1447 'I'hilmauuo
828 1379 965 1446 Lutardi
994 1379 1035 1445 de
1059 1379 1167 1465 Troye
1197 1380 1323 1446 confert
1353 1381 1434 1448 eccl.
1459 1381 1518 1446 SS.

185 1488 410 1574 Apostolorum
435 1487 545 1554 001011.
571 1489 805 1570 canonicatum,
830 1486 1028 1572 prebendam
1052 1507 1127 1552 vero
1152 1487 1255 1552 eidem
1281 1495 1435 1556 reservat.

291 1579 513 1679 Suffragautia
535 1595 595 1661 tihi
619 1596 734 1660 merita
765 1644 772 1660 .
802 1648 809 1664 .
839 1644 847 1659 .
895 1595 969 1660 Dat.
998 1595 1095 1660 Avin.
1121 1593 1166 1659 VI
1190 1593 1262 1659 idus
1285 1593 1465 1660 decembris
1488 1615 1518 1660 a.

185 1700 434 1785 quintodecimo.

292 1809 329 1872 Iu
353 1828 381 1874 e.
405 1830 447 1874 m.
477 1809 510 1876 S.
537 1809 694 1876 Gereonio
728 1816 762 1875 et
795 1809 828 1875 S.
860 1809 994 1892 Georgii
1018 1809 1128 1874 Colon.
1162 1807 1295 1874 decanis
1327 1828 1366 1874 ac
1397 1808 1519 1874 Iacobo

183 1913 225 1979 de
249 1913 371 1980 Mutina
394 1915 566 1982 scolastico
591 1915 753 1982 'I'ullensis
779 1915 997 1983 ecelesiarum.

344 2055 417 2125 Rep.
435 2056 472 2110 97
489 2071 538 2110 nr.
556 2058 620 2111 440.

287 2337 411 2405 19⁹8.
444 2341 532 2406 1330
552 2339 736 2406 December
766 2342 818 2405 13.
846 2339 1012 2428 Aeiqaon.

291 2479 462 2565 [Iohannes
486 2482 598 2568 XXII]
622 2484 786 2568 preposito
810 2484 889 2549 eccl.
915 2484 949 2549 S.
967 2483 1112 2549 Severini
1138 2483 1248 2550 Goion.

289 2587 418 2654 Dudum
441 2589 499 2654 tibi
524 2595 556 2655 et
579 2587 698 2656 dilecto
717 2637 724 2654 .
742 2638 750 2656 .
769 2638 777 2654 .
795 2589 906 2677 (Cous.
924 2611 976 2655 ar.
995 2591 1080 2656 1842
1097 2598 1128 2656 et
1146 2592 1257 2671 1992.)
1304 2590 1383 2656 Cum
1407 2596 1515 2656 autem

181 2693 288 2760 dictus
311 2694 515 2781 [Walramus]
552 2694 793 2762 commendator
826 2695 950 2780 [domus
979 2696 1149 2783 hospitalis
1177 2697 1213 2762 B.
1241 2697 1341 2762 Marie
1364 2697 1515 2763 Teutoni·

181 2821 289 2866 corum
314 2801 523 2888 Coloniensis]
554 2851 562 2868 .
592 2852 599 2868 .
629 2853 636 2868 .
665 2802 919 2886 quadringentos
942 2804 1076 2887 triginta
1099 2804 1239 2887 quinque
1268 2803 1404 2871 florenos
1434 2807 1515 2890 auri,

181 2927 313 2990 quorum
338 2908 479 2975 valorem
512 2916 577 2974 tam
607 2910 639 2974 iu
663 2930 742 2975 auro
766 2930 862 2993 quam
886 2911 918 2974 in
944 2910 1038 2977 rebus
1061 2911 1133 2977 aliis
1158 2911 1289 2978 edicto
1313 2910 1515 2979 Theoderico

180 3013 233 3098 [de
257 3015 393 3080 Polouia
415 3035 450 3081 se
474 3016 614 3083 faciente
638 3015 814 3082 Iohannem
839 3018 1048 3082 communiter
1077 3018 1243 3101 nominari,
1277 3020 1328 3083 cui
1354 3019 1516 3085 Iohannes

180 3122 351 3207 episcopus
374 3122 597 3190 cracoviensis
632 3143 741 3189 aurum
777 3125 881 3209 ipsum
918 3143 989 3188 cum
1025 3123 1089 3188 alia
1118 3123 1198 3190 certi
1229 3124 1297 3212 auri
1332 3126 1513 3207 quantitate

179 3227 404 3311 assignaverat
436 3229 683 3315 presentandum
718 3249 845 3296 camere
877 3230 1066 3316 apostolice]
1103 3251 1138 3297 se
1170 3229 1307 3297 asseruit
1339 3233 1512 3317 recepisse,

178 3353 281 3419 nuper
304 3334 392 3401 dicte
415 3344 523 3402 nostre
547 3356 674 3403 camere
697 3356 755 3422 per
777 3357 915 3403 manus.
942 3385 950 3401 .
978 3336 1132 3403 Iohannis
1155 3336 1197 3402 de
1220 3337 1443 3405 Porta-Martis
1467 3359 1514 3404 or-

178 3439 263 3508 dinis
293 3440 373 3508 dicti
408 3443 578 3529 hospitalis
611 3445 758 3529 magistri
783 3464 933 3510 censuum
958 3444 1071 3510 fecerit
1095 3444 1252 3528 assignari
1277 3444 1433 3528 nobisque
1457 3444 1514 3511 hu-

179 3548 298 3615 militer
320 3550 507 3636 suppIIcari,
532 3557 579 3634 ut,
603 3571 674 3617 cum
698 3552 768 3636 ipse
792 3572 812 3617 a
835 3550 924 3617 dicto
948 3550 1229 3618 Theoderico...
1251 3551 1514 3637 nichil-pluere-

179 3657 322 3742 ceperit.
342 3706 349 3722 .
366 3657 538 3743 providere
561 3657 623 3723 sibi
647 3677 743 3744 super
766 3659 934 3725 sententiis
951 3665 984 3724 et
1007 3659 1253 3744 processibus..
1273 3706 1280 3722 .
1298 3657 1513 3743 dignaremur.

179 3762 339 3842 Quocirca
362 3761 548 3830 discretioni
571 3770 677 3830 tue..
698 3815 704 3829 .
726 3763 926 3848 mandamus,
951 3763 1125 3847 quatinus.
1144 3816 1151 3832 .
1170 3765 1222 3833 ‚si
1246 3764 1305 3830 tibi
1331 3767 1513 3832 constiterit

179 3868 302 3935 dictum
330 3869 622 3936 commendatorem
740 3893 760 3937 a
784 3872 911 3957 prefato
937 3870 1139 3937 Theoderico
1258 3872 1341 3937 ultre
1370 3873 1512 3940 valorem

179 3975 338 4043 dictorum
363 3973 451 4041 llII⁰
466 3977 596 4043 XXXV
619 3976 808 4044 florenorum
833 3976 902 4043 auri
928 3977 1167 4060 quomodolibet
1189 3979 1384 4064 percepisse,
1408 3981 1512 4065 ipsum

177 4082 221 4149 ad
244 4082 475 4168 assignandum
499 4083 578 4150 iilud
603 4084 805 4170 integraliter
828 4091 918 4151 certo
941 4085 1076 4150 termino
1101 4085 1296 4169 competenti
1321 4086 1383 4152 sibi
1406 4106 1465 4173 per
1480 4095 1512 4153 te

178 4189 366 4277 prefigendo
390 4209 517 4257 camere
540 4191 726 4276 supradicte
748 4193 942 4258 auctoritate
966 4200 1074 4258 nostra
1095 4191 1286 4276 compellas3
1310 4192 1452 4276 alioquin
1468 4194 1512 4261 ad

179 4298 460 4365 denunciationem
484 4298 585 4383 ipsius
609 4304 642 4364 et
664 4297 908 4366 arrestationem
933 4299 1092 4364 fructuum
1117 4297 1203 4364 dicte
1227 4297 1339 4366 domus
1357 4349 1364 4364 .
1383 4350 1389 4365 .
1409 4350 1416 4365 .
1439 4322 1511 4385 pro·

176 4404 295 4471 cedere
322 4424 387 4470 nou
416 4405 555 4470 omittas.
603 4406 738 4472 sivero
856 4426 920 4471 non
949 4407 1106 4491 repereris
1130 4406 1420 4474 commendatorem

176 4512 218 4579 de
242 4531 320 4579 auro
344 4512 395 4579 vei
420 4512 515 4578 rebus
538 4512 695 4598 predictis
723 4514 808 4580 ultra
831 4512 919 4579 dicte
941 4511 1131 4579 florenorum
1156 4513 1345 4596 quantitatis
1368 4515 1509 4582 valorem

176 4619 299 4704 aliquid
325 4620 497 4704 recepisse,
521 4619 625 4704 ipsum
643 4669 651 4686 .
670 4669 677 4685 .
696 4669 703 4686 .
721 4621 871 4687 absolvas
886 4621 927 4686 ab
945 4620 1261 4688 eeommunieationis
1284 4623 1509 4692 sententia...

174 4730 252 4794 Dat.
278 4727 371 4793 Aviu.
396 4724 469 4793 idus
493 4724 672 4794 decembris
695 4749 726 4794 a.
749 4728 822 4793 XV.

336 4872 409 4941 Rep.
438 4870 493 4924 116
519 4883 566 4937 pa.
596 4871 615 4924 Ι
637 4869 662 4940 s.
681 4872 720 4925 67
739 4885 788 4925 ar.
806 4872 878 4936 3185
899 4871 951 4926 Ra.
971 4872 1050 4925 1416.
