3642 5509
801 433 870 488 1327
888 432 1010 504 August
1030 433 1055 488 5.

375 612 495 678 1244.
531 614 615 678 1327
640 612 773 699 Asperat
795 615 827 678 5.
856 610 1023 701 Aoipaoa.

375 753 545 838 [lohannes
569 754 681 838 XXII]
707 755 845 820 Henrico
870 755 910 820 de
935 756 1058 822 Iuliaco
1082 756 1237 822 canonico
1261 757 1397 823 ecclesie
1422 759 1599 824 Bunnensis

269 860 467 927 coloniensis
491 860 637 927 diocesis.

375 969 509 1034 Sincere
539 969 719 1034 devotionis
742 969 877 1035 affectus
891 1019 897 1033 .
913 1018 943 1034 ..
979 969 1065 1036 Sane
1089 969 1209 1035 dudum
1224 1021 1230 1035 .
1246 1021 1274 1035 ..
1300 972 1525 1037 canonicatum
1549 992 1598 1037 ec-

269 1076 365 1141 clesie
391 1076 568 1141 Bunnensis
669 1075 728 1141 tibi
752 1063 944 1142 contulimus
971 1097 1011 1143 ae
1038 1075 1233 1163 prebendam
1258 1078 1485 1144 reservandam
1508 1077 1599 1144 duxi·

268 1203 337 1248 mus
454 1203 494 1248 ac
526 1182 726 1268 postmodum
761 1182 802 1249 de
834 1185 1037 1269 prepositura
1067 1185 1203 1250 ecclesie
1227 1183 1260 1250 S.
1287 1185 1389 1250 Marie
1412 1183 1454 1250 ad
1478 1184 1599 1269 gradus

269 1290 468 1356 Coloniensis
498 1296 583 1372 tuno,
608 1299 644 1355 nt
669 1289 845 1372 dicebatur,
879 1298 1068 1357 vacante..
1087 1341 1095 1356 .
1111 1290 1334 1357 mandavimus
1357 1291 1545 1377 provideri.
1564 1342 1598 1358 ..

269 1397 385 1462 Verum
411 1399 494 1480 quia,
532 1399 614 1463 sicut
645 1404 701 1463 tua
728 1398 819 1464 nobis
849 1398 958 1464 oblata
981 1399 1096 1483 petitio
1120 1399 1315 1481 continebat,
1341 1400 1372 1463 in
1396 1399 1526 1484 prefata
1548 1419 1599 1465 ee·

269 1504 367 1570 alesia
390 1505 551 1570 Bunnensi
576 1525 615 1569 ex
640 1511 761 1570 statuto
785 1525 842 1571 seu
866 1504 1097 1571 consuetudine
1122 1504 1240 1570 dieitur
1263 1525 1334 1571 esse
1357 1512 1496 1588 cautum,
1513 1505 1599 1588 quod

267 1611 372 1677 nullus
395 1612 566 1678 canonicus
589 1612 690 1696 ipsius
714 1612 851 1678 ecclesie
874 1612 1052 1678 Bunnensis
1075 1610 1267 1697 dignitatem
1282 1613 1316 1677 in
1332 1613 1441 1695 aliqua
1463 1611 1599 1678 aliarum

268 1719 473 1785 ecelesiarum
498 1717 640 1785 civitatis
665 1719 714 1784 vel
739 1718 878 1785 diocesis
894 1719 1094 1785 Coloniensis
1117 1719 1266 1785 obtinens
1289 1718 1412 1784 fruetus
1435 1718 1598 1804 prebende

267 1847 323 1894 sue
347 1827 484 1894 ecclesie
507 1825 687 1893 Bunnensis
717 1825 861 1911 predicte
890 1828 1056 1912 percipere
1085 1825 1204 1893 debeat
1227 1826 1276 1891 vel
1302 1826 1431 1902 babere,
1461 1845 1520 1892 nos
1537 1875 1545 1890 .
1563 1875 1597 1891 ..

268 1936 337 2014 tibi,
361 1941 406 2017 ut,
431 1943 599 2019 postquam
624 1933 664 1998 de
689 1935 889 2019 prepositura
911 1932 1060 2019 predicta
1082 1934 1142 2000 tibi
1166 1934 1326 2018 provisum
1347 1933 1445 1997 fuerit
1467 1939 1501 1998 et
1527 1953 1598 1998 eam

267 2042 402 2127 pacifice
425 2041 610 2124 obtinueris,
634 2041 759 2106 fructus
778 2090 785 2105 .
801 2090 808 2106 .
824 2090 830 2105 .
847 2039 1022 2126 prebende,
1051 2061 1145 2125 quam
1169 2041 1201 2106 in
1226 2038 1339 2105 eadem
1363 2040 1526 2105 Bunnensi
1549 2059 1598 2105 ee·

268 2150 366 2216 elesis
395 2198 428 2214 ..
456 2156 619 2234 expectaa,
656 2148 822 2232 percipere
849 2147 970 2230 valeas,
1006 2168 1078 2213 eum
1102 2167 1173 2213 eam
1197 2146 1296 2213 fueris
1319 2152 1495 2230 assecutus,
1531 2166 1598 2231 pre

267 2256 372 2323 missis
395 2261 516 2322 statuto
540 2263 572 2321 et
596 2254 826 2321 consuetudine
854 2275 1055 2338 nequaquam
1079 2255 1310 2321 obstantibus.
1334 2252 1598 2338 ..indulgemus

367 2364 443 2430 Dat.
468 2363 561 2428 Avin.
586 2382 687 2428 nonas
710 2362 838 2446 augusti
861 2383 892 2428 a.
917 2361 1096 2429 undecimo.

427 2491 499 2559 Ray.
519 2490 558 2544 84
575 2488 600 2559 f.
619 2489 677 2544 359
694 2503 742 2543 ur.
762 2485 851 2543 2929.

373 2771 495 2840 1245.
521 2775 606 2838 1327
631 2772 762 2858 Aapast
784 2774 816 2838 5.
840 2770 1007 2858 Aoipacu.

373 2916 540 2981 lebannes
564 2915 672 2980 XXII
701 2916 810 2980 tribus
833 2917 1068 2981 assectatoribus
1090 2916 1242 2997 mandet,
1267 2916 1426 3000 quatinus
1449 2913 1596 2978 Hearieo

267 3026 308 3090 de
332 3025 463 3089 luliaco
488 3024 666 3109 conseruat
685 3023 943 3107 preposituram
966 3022 1100 3088 ecclesie
1125 3021 1160 3087 S.
1184 3023 1296 3087 Maria
1320 3023 1367 3086 ad
1389 3021 1517 3107 predas
1540 3015 1598 3084 Co

267 3132 428 3197 douleusis
450 3152 473 3196 a
496 3131 644 3215 Reperto
668 3131 709 3194 cle
733 3131 920 3216 Virncburp
943 3131 1066 3195 iniuste
1088 3136 1264 3196 retentam.

375 3301 546 3386 [Iohannes
575 3298 686 3384 XXll]
722 3298 901 3365 Bunnensis
934 3298 1044 3364 Golon.
1068 3297 1152 3363 dioc.
1182 3304 1215 3363 et
1243 3297 1277 3363 S.
1306 3296 1454 3364 Severini
1486 3294 1596 3360 Colon.

266 3409 437 3495 prepositis
460 3427 499 3474 sc
523 3402 722 3474 thesaurario
746 3405 888 3472 eiusdem
913 3406 1092 3472 Bunnensis
1115 3405 1333 3471 eeclesiarum.

374 3515 489 3580 Merita
513 3515 706 3600 probitatis.
725 3513 882 3578 .Henriei
906 3511 948 3577 de
971 3511 1094 3579 luliaco
1118 3510 1265 3578 canonici
1289 3510 1426 3576 ecclesie
1447 3509 1480 3574 S.
1497 3509 1598 3575 illarie

267 3621 310 3689 ad
338 3621 459 3706 gradus
483 3620 683 3687 Coloniensis
705 3668 712 3684 .
731 3669 764 3685 ..
796 3621 875 3686 Cum
903 3618 1024 3702 itaque,
1057 3619 1141 3685 sicut
1168 3621 1363 3704 accepimus,
1396 3617 1598 3704 prepositura

267 3728 409 3795 eiusdem
435 3728 571 3795 ecclesie
595 3748 634 3793 ex
658 3727 697 3793 eo
721 3747 838 3793 vacare
861 3733 1012 3792 noscatur
1035 3726 1077 3792 ad
1100 3745 1242 3812 presens,
1267 3725 1353 3810 quod
1370 3775 1404 3790 ..
1437 3725 1598 3811 Repertus

268 3836 308 3902 de
339 3835 577 3902 Vernemburch
613 3836 786 3901 canonicus
819 3835 1036 3915 Treverensis,
1072 3833 1147 3898 dum
1181 3840 1265 3898 esset
1297 3834 1329 3897 in
1363 3834 1476 3898 minori
1510 3837 1598 3896 etate

267 3943 468 4025 constitutus,
504 3943 662 4027 prefatam
692 3943 925 4028 preposituram
949 3948 1025 4006 tunc
1048 3948 1216 4007 vacantem
1240 3941 1299 4006 tuit
1322 3939 1460 4026 adeptus
1482 3941 1597 4024 ipsam-

268 4070 329 4133 que
353 4070 393 4115 ex
418 4058 493 4115 tunc
518 4051 620 4115 terruit
644 4056 676 4114 et
699 4048 806 4116 adhuc
831 4055 919 4114 tenet
942 4047 983 4113 de
1006 4049 1095 4114 facto
1119 4047 1359 4133 dispensatione
1379 4096 1386 4112 .
1405 4097 1412 4110 .
1431 4097 1438 4110 .
1456 4067 1520 4111 non
1543 4046 1597 4112 ob-

267 4163 366 4238 tenta,
391 4157 467 4222 licet
491 4155 632 4222 dudum.
651 4206 658 4222 .
677 4206 684 4220 .
702 4156 923 4222 canonicatum
948 4155 1085 4221 ecclesie
1101 4157 1310 4221 Treverensis
1334 4153 1439 4219 eidem
1455 4154 1597 4237 Roperto

267 4264 493 4330 contulerimus
516 4284 556 4330 ae
579 4261 776 4349 prebendam
800 4269 833 4328 et
855 4261 1047 4348 dignitatem
1071 4271 1275 4347 personatum
1299 4262 1350 4327 vel
1375 4261 1513 4326 officium

267 4372 299 4437 in
332 4369 445 4437 eadem
479 4370 617 4437 ecelesia
732 4374 934 4436 reservantes
967 4368 1167 4450 voluerimus,
1201 4366 1286 4451 quod
1319 4367 1404 4433 idem
1438 4367 1598 4451 Repertus

267 4480 499 4565 preposituram
523 4477 651 4543 omnino
675 4476 875 4543 dimitteret.
894 4527 901 4542 .
921 4527 928 4541 .
945 4497 1003 4542 nos
1019 4526 1027 4540 .
1046 4475 1282 4542 ..discretioni
1309 4481 1437 4541 vestre.
1456 4522 1463 4538 .
1483 4523 1490 4540 .
1511 4492 1597 4538 man·

267 4585 389 4668 damus,
415 4586 587 4668 quatinus.
607 4635 614 4649 .
633 4634 640 4650 .
657 4584 791 4650 eandem
816 4586 1050 4669 preposituram
1074 4583 1200 4668 pretato
1223 4582 1384 4648 Henrico.
1403 4631 1410 4646 .
1429 4631 1437 4647 .
1454 4580 1598 4646 conferre

267 4699 299 4758 et
322 4692 488 4775 assignare
520 4693 637 4758 curetis
666 4741 724 4757 ...
753 4691 1042 4757 nonobstantibus
1071 4737 1130 4755 ...
1159 4689 1246 4774 quod
1275 4689 1360 4754 idem
1385 4689 1542 4753 Henrieus
1564 4688 1597 4752 in

268 4797 381 4869 eedem
405 4799 439 4866 S.
466 4799 566 4866 Maris
595 4800 818 4866 canonicatum
843 4807 875 4864 et
898 4796 1094 4884 prebendam
1117 4803 1151 4864 et
1172 4798 1206 4862 in
1228 4796 1471 4863 Monasteriensi
1496 4793 1598 4861 eccle·
