3642 5509
778 435 849 494 1327
868 430 1047 508 September
1066 433 1108 492 13.

383 621 419 684 ln
443 638 472 684 e.
496 640 537 684 m.
561 619 840 684 Treverenaibua.
861 665 894 682 ..

425 743 496 813 1169.
517 744 634 810 1111116.
653 742 689 795 H
702 742 728 812 s'.
748 743 802 795 177
819 757 867 795 ar.
888 741 970 806 1722·
992 742 1043 796 liz.
1063 743 1129 796 908.

383 867 474 933 Idem
498 867 612 934 eadem
636 867 689 933 die
713 867 856 952 Ruperto
879 867 990 933 comiti
1015 865 1055 930 de
1079 865 1300 948 Wernenbnrg
1324 863 1465 929 destinat
1487 860 1608 927 similes

275 976 409 1059 litteras,
435 974 550 1058 quihus
573 994 645 1039 eum
669 975 836 1041 certiorem
859 974 940 1040 facit
962 993 997 1038 se
1020 972 1200 1039 destinasse
1223 969 1265 1036 de
1288 969 1402 1035 eadem
1425 989 1461 1035 re
1484 968 1609 1033 litteras

276 1083 468 1166 Coloniensi,
504 1082 691 1165 llluguntino
726 1089 759 1147 et
783 1080 974 1148 Treverensi
1009 1078 1261 1164 archiepiscopis
1293 1085 1326 1142 et
1359 1079 1430 1142 aliis
1465 1075 1607 1161 prelatis,

275 1190 435 1256 nobilibus
458 1195 491 1254 61
515 1187 806 1256 communitatibus.

382 1295 461 1362 Cum
485 1315 581 1382 super
604 1296 842 1362 amotione...
875 1294 951 1361 Dat.
974 1301 1010 1359 ut
1033 1314 1140 1377 supra.

434 1416 552 1476 Ibidem
569 1420 594 1490 f.
613 1419 676 1474 177¹
694 1435 741 1473 nr.
761 1418 849 1484 1723,·
871 1419 923 1474 Rs.
941 1419 999 1474 908
1016 1434 1047 1472 61.
1066 1420 1091 1471 1.

383 1651 506 1719 1262.
546 1653 630 1717 1327
658 1651 852 1738 September
876 1653 929 1716 13.
953 1649 1117 1736 1161116611.

383 1797 551 1862 1616111166
574 1797 685 1861 XXII
709 1798 817 1863 tribua
839 1798 1072 1862 euecutorihua
1092 1797 1244 1879 mundat,
1276 1796 1436 1880 1116111166
1463 1791 1608 1857 Hearico

277 1904 421 1970 Gilberti
445 1905 623 1990 conserant
647 1905 820 1970 eeclesiam
837 1905 1093 1990 parrochialem
1114 1905 1152 1969 ira
1175 1905 1304 1969 Kecclre
1333 1903 1467 1968 116666.
1490 1901 1573 1967 dioc.

382 2028 552 2112 [lohannes
577 2029 688 2114 XXII]
719 2028 938 2095 Wetslariensi
970 2036 1003 2094 et
1027 2028 1262 2111 Weilburgensi
1287 2028 1418 2093 Trever.
1448 2025 1530 2090 dioc.
1556 2023 1609 2089 de-

276 2135 366 2202 canis
390 2155 429 2200 ac
452 2134 622 2202 scolastico
648 2134 791 2201 eiusdem
817 2135 1053 2201 Wetslariensis
1076 2135 1223 2202 ecclesie.

383 2241 558 2309 Probitatis
586 2243 710 2325 merita,
743 2262 840 2327 snper
869 2243 985 2326 quihus
1014 2240 1151 2308 dilectus
1179 2242 1263 2308 lilius
1292 2242 1449 2307 Henricus
1473 2239 1608 2306 Gilberti

276 2349 457 2416 Sclrouhals
479 2349 589 2414 militis
613 2348 748 2415 clericus
771 2349 971 2415 Coloniensis
1000 2349 1138 2414 diocesis
1162 2348 1248 2434 apud
1272 2370 1330 2414 nos
1352 2347 1416 2412 lide
1440 2346 1608 2431 dignorum

276 2455 460 2522 testimonio
493 2453 743 2539 commendatur,
779 2476 838 2523 nos
861 2455 1007 2521 excitant
1038 2464 1071 2522 et
1093 2455 1258 2538 inducunt,
1294 2462 1329 2520 ut
1352 2455 1413 2521 sibi
1438 2453 1609 2520 reddamur

276 2563 319 2630 ad
352 2564 489 2646 gratiam
519 2562 677 2629 liberales.
725 2563 811 2630 Sane
838 2563 952 2649 petitio
979 2584 1038 2649 pro
1066 2570 1158 2650 parte
1182 2562 1262 2629 dicti
1286 2561 1418 2628 Henriei
1440 2563 1533 2628 nohis
1556 2581 1609 2626 ex·

278 2670 382 2735 hibita
405 2669 600 2752 continebat,
625 2668 711 2752 quod
738 2719 745 2734 .
771 2720 778 2735 .
806 2671 923 2736 nobilis
946 2672 995 2737 vir
1018 2670 1203 2736 Salentinae
1226 2669 1373 2736 dominus
1396 2669 1437 2734 de
1462 2669 1609 2751 lsinhnrg

278 2778 486 2843 Treverensis
519 2775 657 2842 diocesis
689 2777 922 2862 parrochialem
955 2778 1124 2843 eeclesiam
1153 2779 1186 2842 in
1210 2776 1342 2842 Keeche
1365 2775 1511 2862 predicte
1535 2775 1609 2839 Tre-

279 2885 422 2950 verensis
446 2882 583 2949 diocesis
606 2883 649 2948 ad
673 2885 776 2969 ipsum
800 2883 869 2950 iure
891 2890 1081 2970 patronatus
1105 2891 1362 2970 spectantem..
1388 2883 1510 2950 Sifn'do
1533 2889 1609 2947 nato

277 3011 335 3057 suo
360 2998 435 3056 tunc
460 2990 544 3056 infra
567 2992 765 3076 septennium
791 2992 964 3057 constituto
988 3012 1028 3056 ac
1056 2991 1199 3058 clericali
1223 3000 1388 3057 caractere
1412 2991 1541 3055 minime
1564 2990 1610 3054 in-

277 3099 397 3183 signito
422 3096 463 3163 de
487 3097 573 3164 sacto
597 3097 741 3182 contulit,
775 3097 924 3181 idemque
948 3097 1088 3164 Silridus
1116 3099 1287 3165 ecclesiam
1315 3100 1418 3184 ipsam
1442 3119 1500 3183 per
1522 3099 1610 3180 quin-

278 3225 340 3289 que
363 3205 532 3270 66666661
556 3205 959 3271 616661666116116116166
983 3225 1024 3270 ex
1040 3226 1080 3272 ea
1103 3207 1260 3291 percepit,
1284 3205 1326 3270 ad
1349 3226 1458 3271 sacros
1482 3203 1610 3270 ordines

278 3333 341 3378 non
364 3319 538 3397 promotus,
564 3311 803 3397 dispensatione
827 3312 936 3395 aliqua
960 3331 1055 3397 super
1079 3312 1140 3377 hoc
1163 3312 1308 3396 legitime
1330 3333 1393 3376 non
1417 3314 1560 3394 obtenta,
1579 3321 1611 3376 et

279 3418 365 3501 qnod
400 3426 530 3502 propter
565 3418 627 3484 hoc
662 3419 801 3486 ecclesia
835 3419 907 3502 ipsa
936 3427 1027 3484 tanto
1061 3429 1203 3503 tempore
1228 3419 1367 3494 6666611,
1402 3418 1488 3501 quod
1512 3418 1611 3503 ipsius

279 3525 407 3589 collatio
440 3534 490 3590 est
521 3523 564 3590 ad
593 3525 705 3591 sedem
733 3525 945 3611 apostolicam
975 3527 1065 3591 iuxta
1088 3526 1315 3591 Lateranensis
1338 3532 1461 3591 statuta
1484 3525 1610 3591 concilii

279 3633 421 3714 legitime
446 3630 606 3698 devoluta.
653 3633 721 3700 Nos
743 3633 867 3717 igitur.
889 3681 897 3698 .
921 3682 929 3697 .
957 3632 1144 3698 discretioni
1169 3640 1273 3698 vestre
1302 3682 1309 3697 .
1340 3681 1346 3695 .
1376 3681 1384 3696 .
1409 3633 1610 3716 mandamus,

278 3738 428 3822 quatinus
454 3787 513 3803 ...
538 3740 565 3804 si
594 3745 643 3805 est
671 3740 718 3804 ita
748 3746 781 3804 et
805 3749 948 3825 tempore
971 3738 1048 3804 date
1071 3740 1266 3825 presentium
1290 3759 1353 3804 non
1375 3739 1418 3806 sit
1440 3741 1473 3804 in
1497 3739 1610 3806 eadem

278 3845 416 3910 ecclesia
441 3844 536 3911 alicui
561 3844 655 3910 alteri
679 3845 821 3931 speciale
844 3847 893 3912 166
917 3848 1086 3929 quesitum,
1116 3846 1273 3932 prefatam
1298 3845 1529 3931 parrochialem
1563 3868 1612 3913 ec·

278 3949 408 4016 alesiam
442 3951 546 4018 eidem
570 3952 710 4019 Henrico
742 3954 794 4018 vel
827 3955 1026 4038 procuratori
1059 3973 1116 4018 suo
1135 4003 1142 4018 .
1160 4001 1194 4018 ..
1219 3953 1366 4019 conferre
1390 3961 1424 4019 61
1446 3954 1612 4038 assignare

278 4057 407 4142 curctis,
440 4057 629 4126 inducentes
661 4078 733 4126 eum
767 4060 817 4127 vel
852 4059 972 4125 dictum
1002 4067 1243 4145 procuratorem
1267 4082 1326 4145 pro
1350 4061 1420 4145 ipso
1444 4061 1477 4126 in
1501 4081 1612 4146 corpo·

278 4164 377 4228 ralem
402 4167 635 4250 possessionem
652 4217 660 4232 .
679 4215 712 4234 ..
760 4167 836 4232 Dat.
853 4165 949 4231 Avin.
967 4167 1039 4233 idus
1062 4167 1254 4254 septembris
1276 4189 1306 4232 a.
1332 4166 1532 4233 duodecimo.

439 4273 512 4344 1169.
532 4275 570 4327 85
588 4273 612 4342 f.
631 4273 660 4327 δ’
677 4289 725 4327 ar.
744 4275 787 4327 10.

386 4537 508 4604 1263.
534 4541 619 4605 1327
644 4538 838 4625 September
863 4542 915 4605 13.
944 4538 1109 4628 Arippara.

388 4681 547 4746 lohannes
576 4681 675 4747 XXll
711 4682 894 4748 Hermanno
930 4681 1091 4765 quondam
1126 4681 1301 4748 Hermanni
1337 4681 1379 4746 de
1414 4679 1612 4747 Medebcekc

280 4787 1026 4870 666166166616616866616661606166.(1166,
1059 4790 1091 4854 16
1125 4809 1189 4872 qua
1216 4794 1291 4854 6661
1314 4788 1451 4872 quedam
1474 4789 1612 4854 maiores
