3642 5509
318 440 373 495 ΜΞ
885 441 956 496 1333
974 440 1058 511 ΔρηΊ
1077 441 1114 496 ὅ

423 620 545 687 21⁸4.
571 624 659 686 1333
676 622 777 706 spru
799 624 854 687 25.
878 620 1044 707 Ariaiton.

425 765 631 830 Baldewinus
654 765 864 829 Treverensis
887 764 1151 849 archiepiscopus
1175 778 1207 829 et
1232 765 1486 848 llogunlineusis
1509 764 1597 831 sedis
1619 772 1648 829 et

316 873 479 957 Spirensis
501 872 639 936 ecclesie
662 874 808 956 provisor
831 885 940 935 notum
966 872 1057 953 iacit,
1082 872 1167 953 qnod
1187 873 1366 937 ll'alramus
1389 872 1651 958 archiepiscopus

317 980 517 1045 Coloniensis
540 981 640 1062 ipsius
663 981 920 1061 consanguineus
944 980 974 1042 ei
998 981 1153 1063 promisit.
1184 1000 1219 1043 se
1250 1000 1420 1063 processus
1444 980 1580 1065 papales
1601 1000 1650 1043 oe-

315 1089 446 1153 casloim
468 1085 767 1170 archiepiscopatus
778 1086 955 1169 llaguntini
982 1087 1032 1150 vel
1056 1106 1095 1149 ex
1120 1087 1185 1150 alia
1209 1108 1307 1150 causa
1331 1106 1523 1169 quacunque
1546 1087 1650 1152 factos

316 1198 407 1261 iuxta
422 1213 518 1279 posse
542 1195 573 1257 in
589 1214 745 1277 suspenso
767 1214 839 1258 esse
862 1204 1022 1257 tenturum
1046 1203 1079 1258 et
1103 1205 1250 1257 coactum
1266 1216 1286 1257 a
1302 1194 1381 1259 sede
1404 1195 1584 1279 apostolica
1608 1193 1649 1259 ad

316 1300 545 1389 publicandum
561 1300 692 1365 eosdem
703 1320 738 1365 se
750 1320 821 1365 esse
833 1302 924 1365 iuxta
937 1321 1030 1385 pome
1047 1301 1252 1385 palliatorum
1269 1301 1407 1366 eundem
1420 1301 1650 1377 Baldewinum

316 1410 468 1493 quodque
502 1408 683 1473 Walramus
716 1408 850 1489 eiusque
886 1428 1059 1489 germanus
1094 1407 1283 1472 wilhelmus
1316 1428 1424 1473 comes
1463 1410 1652 1475 Iuliacensis

315 1518 530 1603 promiserunt
553 1515 741 1579 Baldevviuo
763 1535 800 1579 se
822 1514 909 1579 infra
932 1514 1182 1597 quinquennium
1208 1516 1326 1579 virtute
1350 1536 1557 1600 processuum
1581 1537 1652 1602 pre·

315 1625 476 1691 dictorum
503 1633 560 1687 aut
588 1624 759 1687 occasione
788 1620 1086 1706 archiepiscopatus
1114 1623 1367 1705 lloguntiueusis
1394 1632 1509 1688 contra
1538 1622 1651 1688 Balde-

315 1734 433 1797 wicum
457 1732 591 1813 eiusque
613 1728 761 1794 subditos
784 1730 828 1792 nil
853 1750 924 1793 esse
949 1737 1208 1813 attemptaturos.

421 1840 490 1904 Nos
514 1836 720 1901 Baldewiuus
743 1834 796 1900 dei
820 1836 926 1918 gratia
945 1886 952 1899 .
970 1886 1005 1900 ..
1054 1837 1126 1900 Dat.
1148 1858 1178 1900 a.
1196 1836 1227 1899 d.
1253 1836 1517 1903 dcccxxxllr
1542 1840 1574 1901 in
1600 1838 1652 1901 die

318 1947 353 2012 B.
374 1946 473 2011 llarei
497 1944 707 2027 evangeliste.

475 2050 649 2103 Lccomhld
667 2049 720 2102 III
734 2066 782 2103 ar.
801 2049 869 2103 2⁶8.

419 2256 543 2323 21⁶5.
577 2259 665 2321 1333
688 2254 791 2340 April
812 2257 868 2319 30.
897 2252 1090 2340 (deipnos.)

425 2401 591 2465 Iohannes
619 2400 730 2463 XXII
763 2398 950 2463 Geroldum
980 2400 1021 2463 de
1049 2398 1205 2463 Btaarre
1233 2402 1393 2464 acacium
1422 2422 1519 2465 saum
1549 2403 1652 2467 aeittit

314 2508 362 2573 cd
384 2508 624 2572 Baldewiaum
652 2507 941 2590 archiepiscopum
971 2508 1114 2587 Trecer.‚
1148 2514 1185 2570 at
1208 2528 1283 2571 cam
1307 2516 1510 2572 commoveat
1534 2510 1582 2573 ad
1605 2510 1652 2573 di·
1775 2546 1776 2563 r

313 2616 515 2679 mittendam
540 2616 686 2679 Hearico
709 2614 961 2697 archiepiscopo
983 2616 1181 2698 ⁴lla-qualine
1205 2615 1376 2678 ecclesiam
1403 2616 1651 2699 ,lluyuatiaam

422 2756 595 2841 [lohannes
625 2755 735 2840 XXII]
770 2756 926 2839 magistro
951 2754 1092 2820 Geraldo
1121 2755 1162 2819 de
1188 2755 1329 2822 Bisturre
1360 2756 1484 2821 decano
1515 2758 1652 2825 ecclesie

314 2864 562 2947 andegavensis
584 2863 754 2948 capellano
776 2870 897 2928 nostro.

420 2971 524 3049 Quam
559 2973 601 3036 sit
637 2970 812 3035 venerabili
841 2970 935 3034 fratri
962 2976 1074 3035 nostro
1109 2969 1267 3034 Balduiuo
1299 2970 1547 3057 archiepiscopo
1572 2973 1650 3037 Tre-

315 3080 440 3143 verensi
478 3076 633 3142 indecens
667 3077 811 3141 detentio
846 3076 984 3141 ecclesie
1020 3076 1206 3160 llaguutine
1239 3097 1399 3160 quamque
1429 3082 1573 3159 graviter
1611 3101 1650 3143 ex

314 3186 376 3251 hoc
400 3186 509 3250 divine
533 3184 712 3249 maiestatis
740 3182 884 3249 offendat
913 3184 1023 3247 oculos
1053 3191 1085 3247 et
1113 3195 1177 3248 tam
1208 3186 1420 3249 irreverenter·
1444 3193 1652 3271 contempnat
1773 3226 1774 3249 r

314 3293 485 3358 ecclesiam
510 3299 727 3373 quantumque
751 3291 870 3355 existat
898 3289 1092 3373 iniuri[os]us
1116 3292 1292 3355 venerabili
1317 3292 1409 3356 fratri
1432 3300 1541 3357 nostro
1567 3294 1651 3357 Hen-

313 3400 381 3465 rico
404 3397 650 3483 archiepiscopo
673 3405 707 3462 et
730 3398 919 3481 Magantine
944 3396 1090 3477 ecclesie,
1115 3396 1319 3463 attendentes
1342 3401 1563 3484 premissaque
1587 3420 1651 3465 mo-

313 3508 393 3571 leste
425 3506 568 3570 lerentes
597 3526 636 3569 ac
664 3506 840 3588 cupientes,
874 3512 910 3567 ut
938 3505 1021 3568 inter
1044 3504 1188 3588 prelatos
1211 3505 1472 3590 archiepiscopos
1496 3507 1651 3571 tollatur·a

312 3615 415 3679 omnis
438 3611 647 3677 dissensionis
671 3612 798 3676 occasio
822 3618 854 3674 et
878 3611 988 3693 rigeat
1012 3612 1207 3675 sinceritatis
1235 3614 1413 3695 integritas
1438 3615 1522 3679 sicut
1544 3613 1650 3693 decet,

314 3718 477 3803 ...quod
502 3718 545 3783 ad
571 3718 726 3802 premissa
748 3770 756 3782 .
775 3767 782 3781 ·
801 3768 808 3780 ·
830 3717 1034 3802 procuranda
1057 3726 1090 3782 et
1114 3719 1304 3799 exequenda
1328 3727 1474 3805 prompte
1499 3728 1553 3786 tue
1575 3722 1651 3785 soli·

313 3826 465 3892 citudinis
497 3823 639 3889 studium
671 3821 890 3909 interponam,
922 3831 954 3888 te
979 3824 1018 3889 ad
1045 3844 1100 3888 eas
1124 3832 1232 3908 partes
1256 3834 1428 3910 propterea
1451 3826 1651 3911 providimus

311 3933 497 4019 specialiter
520 3930 755 3997 destinandum.
802 3931 961 4010 Quocirca
986 3930 1171 3996 discretioni
1195 3938 1249 3996 tue
1267 3981 1275 3996 .
1293 3980 1302 3997 .
1320 3982 1327 3995 .
1345 3931 1544 4015 mandamus,
1570 3954 1650 4017 qua·

311 4043 397 4107 tinus
419 4040 463 4105 ad
486 4038 617 4105 easdem
640 4046 750 4124 partes
773 4046 806 4103 te
829 4039 1041 4124 personaliter
1074 4038 1251 4120 conterens,
1282 4038 1324 4103 ad
1354 4039 1648 4125 presciudeudamc

313 4168 438 4215 curnem
471 4146 632 4212 discordie
663 4147 831 4210 materiam
864 4146 947 4210 inter
980 4144 1240 4230 archiepiscopos
1270 4153 1463 4212 memoratos
1497 4149 1649 4233 ipsosque

313 4258 346 4321 in
375 4256 511 4319 caritate
544 4261 654 4318 mentua
688 4252 874 4318 solidandos
909 4273 1033 4317 necnon
1069 4252 1284 4317 inducendum
1319 4262 1351 4318 et
1384 4254 1649 4320 commovendum

313 4360 451 4429 eundem
463 4360 696 4426 Treverensem
712 4360 988 4445 archiepiscopum
1004 4358 1220 4443 [pertinentia]
1237 4359 1277 4424 ad
1296 4360 1415 4426 dictam
1427 4361 1648 4444 Maguntinam

313 4468 483 4534 ecelesiam
496 4467 566 4532 iura
578 4476 610 4531 et
622 4469 708 4532 hona
719 4468 819 4551 ipsius
832 4468 991 4551 prelibato
1000 4466 1187 4548 llagurrtino
1199 4466 1443 4552 archiepiscopo
1456 4467 1649 4535 dimittenda

313 4577 517 4660 interponere
540 4574 611 4638 vice
635 4579 745 4639 nostra
767 4573 900 4640 studeas
923 4571 1136 4637 solicitudinis
1159 4579 1213 4637 tue
1233 4581 1349 4658 partes.
1382 4574 1424 4638 Et
1441 4581 1475 4639 ut
1491 4578 1649 4659 premissa

313 4688 419 4768 perte
434 4681 548 4747 melius
566 4731 573 4747 .
591 4730 598 4746 .
618 4731 625 4746 .
643 4682 793 4747 valeant.
811 4734 819 4749 .
836 4730 844 4746 .
862 4680 905 4746 ad
921 4681 1071 4745 ellectum
1088 4678 1231 4763 perduci,
1248 4701 1464 4763 quascumque
1480 4683 1649 4767 pactiones

316 4791 530 4802 ————-

413 4826 443 4896 a)
463 4825 574 4879 colatur
592 4824 627 4879 ia
645 4839 708 4893 rep.
782 4824 813 4891 b)
831 4825 1008 4893 interpones
1027 4820 1062 4876 ia
1083 4838 1142 4892 rep.
1233 4829 1260 4888 c)
1280 4824 1511 4893 presindcndam
1531 4822 1566 4879 ia
1585 4840 1648 4895 rep.
