3642 5509
776 417 845 472 1337
863 415 938 472 Junt
957 417 998 471 17.
1495 415 1550 471 519

213 597 278 662 filia
302 596 509 682 Couegundis
532 597 574 662 de
596 597 706 663 Monte
739 596 812 662 olim
846 596 1014 663 abbatissa
1045 595 1199 662 secularis
1233 597 1369 662 ecclesie
1394 593 1550 662 Asinden·

213 705 258 770 sis
280 704 323 770 ad
341 705 516 770 Romanam
542 704 712 770 ecclesiam
737 703 822 769 nullo
846 703 953 769 medio
976 703 1168 788 pertinentis
1184 703 1383 770 Coloniensis
1399 702 1548 786 diocesis,

213 813 245 876 in
269 831 333 894 qua
349 811 478 895 quidem
502 810 641 878 ecelesia
657 811 812 878 canonice
836 817 868 876 et
886 811 1032 877 canonici
1048 811 1210 878 seculares
1227 812 1368 876 existunt
1391 811 1551 876 facientes

211 919 338 985 insimul
375 919 550 1004 capitulum
584 921 616 984 in
648 917 761 985 eadem
797 919 978 1002 attendens,
1014 918 1101 1002 quod
1135 925 1267 1004 propter
1294 917 1493 984 debilitatem
1518 923 1552 982 et

211 1026 466 1093 imbecillitatem
501 1045 558 1092 sue
593 1046 728 1112 persone
770 1046 809 1091 ac
851 1025 966 1092 virium
1002 1046 1129 1092 suarum
1165 1024 1269 1090 eidem
1306 1024 1453 1109 ecclesie,
1489 1044 1552 1108 que

212 1154 360 1219 magnam
385 1134 656 1219 temporalitatem
680 1131 799 1198 habere
823 1131 953 1216 dicitur,
991 1152 1130 1218 preesse,
1167 1139 1201 1197 ut
1227 1131 1433 1218 expediebat,
1467 1133 1551 1198 sicut

213 1248 423 1306 consueverat
455 1241 622 1322 hactenus,
658 1246 691 1305 et
725 1239 879 1325 prodesse
914 1239 1035 1305 utiliter
1069 1260 1133 1305 non
1169 1239 1311 1321 valebat,
1347 1239 1490 1323 regimen
1519 1245 1552 1304 et

212 1347 375 1413 abbatiam
400 1347 487 1413 dicte
510 1347 646 1413 ecclesio
670 1347 704 1412 in
729 1347 877 1413 manibus
902 1396 909 1411 .
937 1395 945 1411 .
971 1396 978 1412 .
1015 1346 1103 1412 Petri
1128 1346 1271 1433 episcopi
1295 1346 1552 1412 Penestrinensis

211 1474 270 1540 per
292 1461 530 1540 procuratorem
555 1474 667 1520 suurn.
693 1503 700 1520 .
727 1504 733 1519 .
759 1453 846 1538 apud
869 1453 978 1520 sedern
1004 1454 1215 1539 apostolicam
1240 1453 1341 1519 libere
1364 1453 1551 1537 resignavit,

212 1560 361 1645 idemque
396 1563 567 1648 episcopus
603 1581 644 1627 ex
680 1561 904 1627 commissione
939 1568 1080 1627 nostra.
1107 1559 1266 1626 ..duxit
1300 1561 1551 1645 resignationem

213 1667 393 1735 huiusmodi
426 1667 670 1752 admittendam,
706 1678 739 1735 et
774 1669 1005 1752 subsequenter
1037 1719 1043 1733 .
1071 1719 1078 1734 .
1103 1669 1268 1754 preposita
1293 1717 1300 1733 .
1326 1715 1333 1729 .
1359 1667 1517 1733 decana.
1543 1717 1550 1733 .

211 1777 385 1842 scolastica
409 1823 444 1843 ..
469 1777 637 1843 celleraria
660 1796 699 1842 ac
725 1825 867 1841 .....
893 1775 1036 1842 decanus
1059 1783 1092 1840 et
1117 1825 1150 1840 ..
1175 1775 1364 1842 scolasticus
1386 1781 1552 1858 totumque

212 1884 388 1970 capitulum
419 1885 646 1950 canonicarum
679 1892 711 1950 et
736 1883 962 1950 canonicorum
998 1883 1135 1950 ecclesie
1169 1889 1344 1948 memorate
1377 1881 1470 1948 nobis
1493 1902 1552 1967 per

211 2012 320 2058 eorum
344 1998 495 2077 patentes
518 1991 644 2058 litteras
666 1992 898 2077 supplicarunt,
922 1997 968 2074 nt,
1003 2010 1074 2056 curn
1097 1989 1187 2057 dicta
1210 1990 1348 2056 ecelesia
1371 1989 1492 2076 potenti
1518 1996 1552 2055 et

211 2098 310 2165 nobili
334 2118 473 2183 persona
489 2098 687 2184 preficiendo
709 2098 743 2163 in
760 2097 958 2164 abbatissam
982 2098 1083 2184 ipsius
1103 2104 1235 2184 propter
1251 2097 1449 2163 uicinitatem
1472 2098 1550 2162 mul·

211 2213 314 2272 torum
337 2207 489 2272 nobilium
523 2213 555 2271 et
579 2211 775 2290 magnatum,
808 2205 1000 2290 inquorum
1029 2204 1136 2273 medio
1172 2202 1285 2270 eadem
1318 2202 1456 2270 ecclesia
1480 2203 1550 2269 fore

210 2314 354 2379 noscitur
377 2314 560 2397 constituta,
584 2311 732 2396 indigere
755 2320 907 2378 noscatur
930 2332 969 2378 ac
987 2361 995 2377 .
1013 2363 1047 2379 ..
1083 2312 1234 2379 Caterina
1258 2310 1298 2377 de
1322 2311 1432 2377 llarca
1455 2331 1550 2377 cano

211 2421 285 2486 nica
308 2427 340 2486 et
363 2420 564 2487 thesauraria
582 2419 726 2486 eiusdem
749 2420 885 2486 ecclesie
909 2421 943 2485 in
966 2441 1049 2486 anno
1066 2421 1163 2485 etatis
1186 2439 1243 2486 sue
1259 2419 1550 2503 vicesimoseptimo

211 2525 389 2611 dumtaxat,
414 2529 497 2594 sicut
521 2528 683 2612 asseritur,
708 2527 893 2611 constituta,
926 2549 988 2612 que
1011 2527 1052 2593 de
1075 2527 1236 2594 nobilibus
1259 2529 1358 2592 traxit
1381 2526 1549 2610 originem,

211 2643 349 2720 propter
365 2637 433 2701 eius
456 2636 680 2702 sufficientiam
705 2642 738 2700 et
762 2636 947 2718 bonitatem,
973 2655 1035 2718 que
1059 2636 1121 2701 sibi
1137 2634 1308 2718 suffragari
1325 2633 1484 2717 dicuntur,
1508 2655 1549 2700 ac

211 2760 300 2806 suam
325 2746 358 2806 et
380 2761 507 2807 snorum
533 2742 711 2828 potentiam
739 2741 781 2807 ad
805 2743 965 2808 salubrem
989 2741 1254 2827 gubernationem
1288 2742 1388 2826 ipsius
1412 2740 1549 2807 ecclesie

211 2853 243 2912 et
266 2847 486 2915 defensionem
510 2851 624 2914 inrium
649 2854 682 2916 et
704 2851 857 2916 bonoram
881 2851 983 2934 ipsius
1005 2857 1153 2935 speretur
1176 2849 1345 2934 plurimum
1369 2849 1548 2934 profutura,

210 2953 251 3019 de
275 2974 411 3040 persona
443 2957 542 3042 ipsius
566 2954 671 3022 eidem
707 2957 844 3026 ecclesie
868 2955 1042 3042 providere
1065 2958 1233 3042 ipsamque
1257 2954 1361 3021 eidem
1394 2955 1427 3020 in
1451 2955 1549 3021 abba-

209 3062 319 3130 tissam
343 3061 496 3149 preficere
521 3062 738 3148 dignaremur.
787 3061 870 3142 Quia
904 3064 1004 3147 igitur
1040 3061 1081 3128 de
1113 3062 1276 3148 premissis
1310 3063 1463 3129 noticiam
1485 3083 1549 3129 non

210 3169 364 3236 babemus
388 3219 448 3236 ...
472 3170 666 3237 fraternitati
689 3178 743 3236 tue
768 3218 829 3235 ...
856 3171 1085 3236 committimus
1108 3178 1141 3236 et
1164 3169 1362 3252 mandamus,
1387 3170 1548 3255 quatinus,

209 3278 236 3344 si
260 3277 380 3344 dictam
398 3277 580 3344 Oaterinam
596 3277 758 3363 ydoneam
784 3297 855 3344 esse
875 3279 1035 3363 repereris
1058 3277 1101 3343 ad
1118 3279 1261 3362 regimen
1278 3276 1416 3344 ecclesie
1431 3296 1548 3343 memo-

209 3391 289 3468 rate,
314 3403 410 3471 super
432 3383 579 3470 predicto
603 3384 744 3467 defectu,
771 3403 876 3468 quem,
903 3391 940 3450 nt
964 3386 1169 3470 premittitur,
1194 3385 1315 3470 patitur
1337 3385 1371 3449 in
1394 3388 1491 3466 etate,
1514 3391 1550 3450 nt

209 3511 248 3557 ea
273 3541 280 3557 .
304 3513 367 3558 non
390 3493 538 3558 obstante
562 3491 650 3558 licite
672 3493 774 3576 possit
792 3493 910 3557 assumi
938 3493 970 3556 in
988 3493 1185 3559 abbatissam
1202 3491 1339 3558 ecclesie
1362 3497 1548 3574 memorate,

210 3618 281 3665 enm
306 3619 345 3665 ea
368 3599 546 3685 apostolica
577 3599 770 3665 anctoritate
806 3597 973 3684 dispenses
1008 3620 1048 3665 ac
1072 3598 1189 3666 deinde
1213 3598 1255 3665 de
1276 3617 1413 3685 persona
1448 3599 1549 3684 ipsius

210 3705 271 3772 hac
294 3707 365 3773 vioe
398 3705 503 3773 eidem
536 3705 674 3772 ecclesie
697 3705 892 3772 auctoritate
929 3705 1077 3793 predicta
1111 3705 1244 3772 studeas
1278 3704 1448 3792 providere
1472 3755 1480 3771 .
1506 3756 1547 3772 ..

208 3814 297 3898 prius
320 3821 427 3878 tamen
460 3814 501 3879 ab
534 3813 606 3898 ipsa
636 3813 816 3878 iuramento
840 3820 985 3898 recepto,
1021 3811 1106 3897 quod
1131 3834 1151 3878 a
1175 3820 1343 3880 contractu
1365 3814 1548 3898 nuptiarum

208 3925 363 4006 perpetuo
387 3919 506 3986 debeat
528 3920 690 3986 abstinere
714 3969 721 3985 .
746 3967 754 3981 .
781 3968 788 3985 .
826 3921 889 3986 Per
913 3920 975 3987 hoc
998 3927 1107 3986 tamen
1129 3919 1303 3986 earundem
1327 3921 1491 3987 abbatisse
1514 3927 1548 3987 et

208 4028 400 4094 secularium
436 4027 661 4094 canonicarum
695 4033 814 4094 statum
851 4026 995 4094 ordinem
1034 4047 1091 4095 sen
1126 4028 1270 4112 regulam
1305 4027 1450 4094 nolumus
1485 4047 1546 4094 nec

208 4133 402 4203 intendimus
425 4134 615 4221 approbare.
662 4135 738 4200 Dat.
764 4133 858 4200 Asin.
884 4135 948 4201 XV
971 4135 1015 4201 kl.
1039 4135 1109 4200 iulii
1132 4157 1164 4220 p.
1188 4156 1219 4201 n.
1244 4156 1274 4200 a.
1299 4135 1404 4201 tertio.

371 4295 421 4350 Or.
440 4295 563 4351 membr.
583 4309 653 4351 cum
671 4294 796 4363 pambo
814 4295 905 4364 pond.
933 4294 998 4352 Sub
1012 4293 1099 4365 plica
1117 4295 1160 4350 ad
1178 4292 1315 4351 einum·
1333 4294 1366 4350 B.
1381 4294 1545 4389 dovigalh.

727 4454 781 4509 R„
1456 4395 1492 4487 3}

369 4492 408 4546 Ira
427 4489 510 4560 plica
529 4491 571 4546 ad
590 4491 708 4546 decta:
726 4524 762 4580 ΑΙ
783 4527 821 4583 de
841 4525 907 4584 seo·
921 4527 1028 4582 mon
1049 4493 1087 4547 In
1100 4492 1210 4548 dorso.-
1229 4490 1380 4548 Menrlcus
1399 4491 1495 4546 Hane
1511 4520 1546 4530 -

368 4603 565 4687 Dttaaeldor'f.
595 4615 683 4671 Arcb.
712 4630 775 4687 req.
804 4614 881 4687 sript
908 4618 1008 4672 Esses
1034 4633 1083 4672 ar.
1111 4617 1178 4672 206.
1209 4647 1242 4656 -
1279 4617 1353 4688 Ray.
1378 4616 1437 4671 123
1461 4615 1487 4687 f.
1511 4617 1547 4671 17

369 4721 417 4761 ar.
436 4709 481 4761 14.
