3642 5509
760 450 830 506 1332
848 447 967 507 Ianuar
986 449 1029 508 30.
1504 455 1554 512 431

328 627 407 694 Cum
431 649 533 715 nuper
557 629 812 697 Coloniensi...
839 633 913 698 Dat.
940 633 1033 698 Avin.
1059 635 1126 699 llll
1151 634 1194 699 kl.
1220 634 1372 701 februarii
1398 659 1425 702 a.
1452 644 1556 704 sexto·

221 733 357 801 decimo.

381 845 454 915 Ray.
474 847 527 901 101
545 861 593 899 ur.
613 848 678 901 385.

325 1110 455 1176 24190.
494 1113 580 1175 1332
604 1113 743 1177 10111101
765 1111 820 1174 30.
845 1107 1009 1195 Acipuou.

328 1234 516 1301 Guillelmus
549 1255 656 1302 comes
688 1234 878 1300 Iuliaceusis
909 1235 942 1297 iu
974 1234 1094 1318 palatio
1126 1231 1234 1317 papali
1260 1235 1292 1297 in
1320 1235 1483 1319 presentia
1507 1235 1556 1299 lo·

221 1341 335 1408 hannis
357 1342 457 1406 XXII
481 1362 520 1407 ac
543 1342 695 1409 Anibaldi
719 1343 768 1407 tit.
793 1342 825 1407 S.
851 1340 1017 1405 Laurentii
1051 1341 1083 1404 in
1113 1338 1237 1404 Lucina
1271 1348 1303 1405 et
1335 1341 1422 1405 Petri
1447 1341 1495 1406 tit.
1521 1341 1554 1406 S.

220 1449 377 1535 Stephani
409 1450 443 1514 in
476 1450 675 1516 Ccliomonte
708 1451 970 1535 presbiteriorum
1004 1447 1215 1514 cardinalium
1252 1468 1376 1513 necnon
1407 1447 1555 1513 Gasberti

221 1557 420 1622 Arelatensis
449 1557 684 1643 archiepiscopi
715 1556 883 1623 camerarii
913 1556 1039 1642 papalis
1063 1560 1096 1620 et
1120 1555 1154 1620 B.
1181 1555 1338 1640 Stephani
1362 1555 1478 1621 notarii
1503 1577 1556 1642 pa·

220 1665 304 1749 palis
327 1664 486 1750 promittit
509 1670 542 1730 et
565 1665 666 1730 iurat:

330 1775 358 1837 1.
384 1771 470 1854 quod
494 1771 645 1854 quamdiu
663 1771 791 1854 vixerit,
815 1771 920 1836 fidelis
936 1773 997 1836 crit
1014 1790 1098 1856 pape
1115 1775 1147 1835 et
1163 1770 1307 1836 Romane
1324 1771 1461 1838 ecclesie
1477 1777 1555 1852 etc.;

327 1881 359 1943 2.
384 1877 469 1962 quod
493 1877 661 1945 Ludovioo
685 1877 726 1944 de
751 1878 891 1944 Bavaria
914 1898 972 1944 sen
995 1877 1068 1943 aliis
1093 1877 1345 1961 quibuscumque
1374 1897 1433 1963 per
1456 1879 1555 1944 eccle·

221 1985 302 2050 siam
326 1987 489 2051 annotatis
513 1986 563 2051 vel
596 1986 801 2070 imposterum
825 1984 1019 2051 annotandis
1042 2005 1104 2050 non
1129 1985 1220 2051 dabit
1243 2005 1301 2070 per
1324 2005 1360 2051 se
1384 1985 1435 2051 vel
1459 1985 1555 2050 alium

155 2107 160 2117 ’
221 2093 374 2158 auxilium
400 2093 566 2158 consilium
590 2094 641 2158 vel
665 2093 810 2159 favorem
833 2114 893 2158 nee
917 2094 957 2158 ab
983 2093 1054 2158 aliis
1078 2092 1148 2158 dari
1174 2094 1352 2178 permittet;

328 2201 358 2264 3.
393 2199 480 2282 qnod
514 2201 699 2284 procurabit
737 2201 823 2284 quod
859 2201 1041 2266 Walramus
1081 2201 1202 2266 electus
1237 2201 1435 2267 Coloniensis
1471 2201 1556 2266 inira

221 2307 343 2392 pascha
366 2308 524 2393 prestabit
547 2308 651 2373 simile
675 2310 906 2389 iuramentum;

329 2419 361 2478 4.
398 2414 483 2496 quod
517 2422 634 2480 statum
668 2415 834 2481 libertates
861 2415 1100 2483 iurisdictiones
1127 2423 1159 2481 et
1185 2416 1255 2481 iura
1280 2417 1479 2483 coloniensis
1502 2437 1555 2483 ec-

223 2521 331 2604 clesie,
356 2520 507 2604 quamdiu
531 2521 616 2588 idem
642 2523 764 2588 electus
787 2543 960 2608 germanus
975 2523 1076 2608 ipsius
1092 2522 1198 2589 eidem
1215 2525 1350 2590 ecclesie
1368 2524 1556 2610 prcsidebit,

223 2648 280 2712 pro
308 2649 403 2713 posse
435 2630 577 2695 servabit
609 2651 669 2696 nec
702 2651 741 2696 ea
771 2629 1011 2713 quomodolibet
1038 2631 1205 2716 usurpabit
1233 2651 1292 2698 nee
1322 2633 1487 2718 permittet
1514 2633 1555 2697 ab

223 2735 305 2815 aliis,
330 2743 482 2818 quantum
506 2737 599 2802 inse
624 2737 730 2819 fuerit,
755 2737 913 2823 usurpari.

329 2843 367 2906 In
399 2843 527 2908 nomine
559 2842 679 2908 domini
712 2863 816 2910 amen.
872 2845 965 2909 Anno
996 2843 1211 2911 anativitatc
1240 2895 1247 2910 .
1276 2894 1283 2909 .
1316 2847 1556 2913 ‚instrumento

222 2950 351 3034 publico
375 2948 610 3034 apponendum.

382 3073 475 3128 Iastr.
498 3070 583 3128 miae.
608 3073 730 3128 Armar.
749 3075 892 3130 XXXIV.
911 3075 932 3128 2
949 3077 973 3146 f.
994 3078 1048 3141 83;
1081 3075 1176 3130 Eubcl
1200 3075 1243 3131 im
1265 3075 1381 3132 Histor.
1401 3078 1556 3134 Jahrbucb

383 3162 467 3216 XIX.
488 3164 570 3218 1898.
585 3179 639 3233 pq.
659 3163 723 3218 469.

332 3403 457 3471 2091.
483 3408 569 3471 1332
593 3405 732 3473 Juuuor
755 3407 809 3473 30.
834 3405 1029 3494 (Aoipaou.)

326 3530 485 3598 lohannes
510 3531 610 3597 XXII
643 3532 817 3598 Hemieum
850 3533 1129 3619 archiepiscopum
1154 3533 1376 3617 Mogontinum
1408 3541 1500 3620 rogat
1525 3545 1557 3601 ot

222 3635 377 3720 bortatur,
403 3640 553 3720 quatinus
569 3639 732 3705 Walramo
756 3641 860 3706 electo
885 3641 996 3706 Colon.
1020 3641 1214 3706 munitiones
1238 3647 1271 3706 et
1294 3649 1401 3708 castra
1425 3663 1464 3707 ac
1487 3645 1557 3708 iura

222 3752 255 3810 et
287 3744 524 3812 iurisdictIones
557 3747 599 3812 ad
633 3747 849 3813 1101001011.
884 3749 1089 3834 pertinentia,
1124 3769 1185 3831 que
1217 3769 1276 3834 per
1300 3749 1472 3815 Henricum
1500 3771 1555 3816 scu

222 3851 303 3918 alios
326 3852 456 3918 Henrici
491 3853 618 3919 nomine
651 3853 805 3919 custodiri
839 3854 1000 3937 dicuntur,
1035 3855 1197 3920 Walramo
1226 3855 1359 3922 indilate
1389 3857 1555 3923 restituere

222 3965 256 4024 et
278 3957 434 4026 adhibere
457 3960 586 4026 studeat
609 3959 822 4045 diligentiam,
847 3969 881 4028 ut
906 3962 1087 4028 Walramus
1111 3961 1253 4028 eiusdem
1278 3963 1388 4029 Golon.
1413 3964 1492 4031 eccl.
1517 3986 1556 4031 ac

223 4073 399 4132 castrorum
427 4075 460 4133 et
491 4067 704 4151 quorumlibet
738 4069 853 4134 iurium
883 4068 926 4135 ad
956 4089 1027 4135 cam
1062 4071 1288 4155 pertinentium
1323 4073 1555 4156 possessionem

221 4172 391 4258 pacificam
414 4174 552 4260 adipisci
577 4181 609 4241 et
634 4175 771 4241 retinere
795 4177 913 4243 valeat.

330 4280 408 4347 (lum
432 4302 533 4367 nuper
556 4281 816 4349 Coloniensi...
846 4285 923 4349 Dat.
948 4285 998 4349 Ill
1022 4285 1067 4349 kl.
1091 4284 1246 4350 februarii
1270 4306 1300 4351 a.
1324 4286 1554 4354 sextodecimo.

329 4389 367 4452 ln
391 4409 419 4454 e.
445 4411 486 4454 m.
520 4389 628 4456 verbis
660 4391 917 4476 competentibus
950 4392 1080 4458 mutatis
1114 4390 1249 4457 Iohanni
1282 4395 1445 4478 preposito
1475 4396 1553 4461 eccl.

222 4495 384 4562 Xanoton.
402 4497 436 4577 (l)
461 4495 572 4562 Colon.
596 4496 692 4581 dioc,
717 4498 852 4564 Iohanni
876 4498 1000 4565 decano
1024 4499 1102 4566 eccl.
1128 4500 1306 4566 Bonnensis
1331 4501 1441 4570 Oolon.
1459 4501 1553 4586 dioc,

221 4603 364 4688 Roperto
397 4604 506 4671 comiti
538 4603 580 4670 de
603 4603 858 4691 Wemenbourg,
889 4605 1078 4672 Everhardo
1107 4605 1147 4672 de
1171 4607 1402 4692 Vemeubourg
1434 4609 1554 4676 ordinis

223 4711 259 4776 B.
277 4711 378 4777 Maria
401 4711 683 4784 Theotonicorum.

393 4836 465 4908 1119.
485 4838 540 4890 116
556 4837 581 4907 f.
601 4837 658 4892 261
676 4854 724 4894 ar.
744 4840 906 4904 13585122.
927 4841 1008 4894 1513.
