3642 5509
312 452 347 511 32
832 452 902 509 1327
921 449 1093 509 November
1111 448 1137 507 3.

314 636 437 704 feronio
462 636 566 703 eidem
590 642 745 717 reservat,
778 655 839 702 non
873 634 1023 702 obstante
1047 634 1131 719 quod
1160 631 1392 722 parrochialem
1422 629 1590 699 eeclesiam
1614 629 1648 694 in

314 746 417 832 Velpe
435 745 654 812 Traieotensis
677 744 762 810 dieo.
786 744 910 810 obtinet
935 743 1086 829 quodque
1110 744 1139 809 ei
1164 742 1205 809 de
1229 744 1422 811 canonicatu
1445 743 1525 809 eooI.
1547 744 1580 810 S.
1599 743 1648 809 Ιο-

313 852 428 920 hannis
451 853 592 919 Traieot
617 853 676 919 snb
700 850 919 918 reservatione
941 849 1105 937 prehende
1129 872 1149 917 a
1172 872 1259 939 papa
1282 858 1332 919 est
1356 851 1526 937 provisum.

418 960 472 1028 Ad
496 961 621 1027 iliorum
645 961 859 1046 provisionem
882 1008 944 1026 ...
991 959 1069 1027 Dat.
1093 959 1190 1026 Avin.
1214 961 1264 1027 111
1287 979 1388 1027 nonas
1411 959 1593 1027 novembris
1616 981 1646 1029 a.

314 1068 515 1136 duodecimo.

472 1204 545 1275 Rep.
563 1206 600 1261 87
622 1203 648 1276 f.
668 1204 707 1259 46
724 1217 772 1259 ar.
791 1202 872 1259 2124.

420 1498 542 1567 1327.
568 1503 654 1566 1327
677 1499 865 1566 November
884 1500 917 1565 3.
945 1496 1110 1583 Aoa'pnon.

419 1648 580 1715 Iohannes
606 1649 707 1715 XXII
731 1648 891 1732 Volqnino
915 1646 957 1713 de
980 1646 1087 1733 Eyszh
1112 1646 1230 1714 elerico
1255 1648 1365 1715 Oolon.
1390 1643 1475 1713 dine.
1499 1647 1644 1709 reservat

311 1756 501 1825 beneficium
536 1758 791 1826 ecelesiasticam
826 1777 898 1824 oum
932 1776 1011 1823 nura
1033 1756 1084 1823 vel
1118 1757 1186 1825 sine
1219 1776 1296 1823 nura
1325 1756 1368 1823 ad
1401 1752 1644 1843 dispositionem

313 1866 504 1935 thesaurarii
537 1872 571 1932 et
604 1866 739 1952 capituli
774 1864 853 1932 eool,
878 1864 990 1933 colon.
1023 1864 1198 1952 pertinens,
1236 1865 1325 1931 onius
1357 1866 1492 1947 fruetus,
1527 1866 1645 1935 nisiae

313 1995 390 2042 onra
424 1976 532 2059 fuerit,
568 1973 751 2060 quindeoim
784 1973 987 2041 marcharum
1022 1972 1149 2058 argenti
1172 1993 1197 2040 s.
1224 1979 1247 2040 t.
1273 1971 1305 2039 d.
1329 1971 1471 2040 valorem
1505 1994 1644 2041 annuum

312 2103 376 2149 non
400 2082 570 2150 excedant.

418 2188 640 2274 suffragantia
662 2189 721 2254 tihi
743 2189 858 2255 merita
886 2236 948 2254 ...
995 2189 1072 2255 Dat.
1097 2188 1190 2255 Avia.
1215 2189 1266 2254 III
1288 2207 1389 2255 nonas
1411 2186 1592 2255 novemoris
1613 2209 1643 2255 a.

312 2294 567 2471 dwdesshmgm
591 2405 754 2490 preposito
777 2402 811 2469 S.
828 2404 930 2471 Maria
954 2402 995 2471 ad
1020 2402 1140 2487 gradus
1160 2403 1272 2469 Color.
1296 2408 1329 2469 et
1352 2401 1476 2469 decano
1499 2403 1534 2469 S.
1551 2403 1643 2471 Onni-

310 2512 393 2579 berti
417 2510 526 2579 Colon.
549 2531 590 2577 ae
611 2512 765 2596 magistro
788 2512 908 2578 Iacobo
933 2510 974 2577 de
997 2509 1121 2577 Mutina
1145 2510 1313 2597 capellano
1337 2510 1447 2597 papali
1470 2510 1642 2580 seolastieo

311 2619 472 2687 Tuliensis
495 2618 712 2686 ecelesiarum.

460 2762 535 2833 Rep.
553 2764 593 2816 85
610 2761 633 2832 f.
655 2764 710 2817 147
727 2776 775 2817 nr.
794 2761 859 2816 404.

418 3030 540 3097 1328.
573 3032 660 3095 1327
683 3031 870 3097 November
891 3033 924 3097 8.
944 3029 1111 3119 Aoipnon.
1188 2990 1226 3025 m

415 3173 575 3239 Iohannes
598 3172 698 3238 XXII
732 3170 914 3257 Amelungo
938 3172 979 3239 de
1003 3172 1188 3240 Temesohe
1212 3174 1330 3240 alerIoo
1354 3172 1465 3241 Goion.
1489 3172 1572 3240 dine.
1596 3194 1643 3241 re

311 3287 419 3348 servat
441 3278 629 3348 heneficium
655 3279 909 3346 eeclesiasticam
933 3299 1005 3345 oum
1030 3300 1108 3348 eura
1123 3281 1175 3348 vel
1198 3282 1268 3349 sine
1285 3301 1372 3362 nura,
1397 3282 1488 3347 onius
1510 3282 1642 3365 fruetus,

310 3389 337 3455 si
362 3408 434 3455 onm
457 3407 544 3471 aura,
579 3387 705 3472 viginti,
738 3387 766 3455 si
790 3407 866 3453 vero
895 3388 965 3453 sine
989 3407 1066 3455 eura
1094 3388 1200 3471 fuerit,
1236 3387 1417 3473 quindecim
1441 3388 1643 3456 marcharum

311 3495 437 3579 argenti
459 3516 485 3561 s.
503 3503 527 3560 t.
544 3494 576 3561 d.
600 3495 742 3561 valorem
775 3495 915 3561 omnium
947 3516 1011 3561 non
1045 3494 1218 3579 excedant,
1252 3502 1403 3581 spectans
1435 3495 1477 3561 ad
1510 3495 1643 3582 disposi-

311 3601 429 3667 tionem
458 3602 603 3686 episcopi
630 3609 664 3668 et
691 3600 807 3668 decani
830 3602 986 3689 prepositi
1009 3608 1043 3668 et
1066 3602 1199 3688 capituli
1223 3603 1484 3671 MonasteriensIs
1505 3624 1643 3670 commn-

310 3707 395 3775 niter
417 3710 469 3775 vel
492 3707 630 3776 divinim.

417 3816 640 3901 Suffragantia
662 3816 721 3882 tibi
749 3817 864 3883 merita
891 3864 899 3880 .
930 3866 938 3884 .
968 3868 975 3884 .
1023 3818 1097 3885 Dat.
1128 3818 1217 3885 thn.
1241 3818 1287 3885 VI
1310 3816 1384 3886 idus
1406 3818 1588 3886 novembris
1611 3840 1641 3885 a.

312 3922 512 3990 duodecimo.

418 4033 455 4097 In
479 4052 507 4098 e.
532 4053 574 4098 m.
610 4031 855 4119 archiepiscopo
878 4031 1102 4101 Ebrednnensi
1132 4040 1165 4099 et
1193 4034 1356 4119 preposito
1380 4032 1414 4100 S.
1430 4032 1577 4100 Severini
1604 4054 1644 4099 ao

310 4138 481 4206 scolastico
504 4139 538 4206 S.
556 4140 688 4225 Georgii
712 4141 822 4207 Calon.
847 4140 1065 4207 eeclesiarum.

458 4282 531 4351 Ray.
550 4282 590 4336 85
605 4280 631 4351 s.
650 4283 715 4336 15⁵¹
734 4297 781 4337 nr.
800 4284 867 4339 434.

413 4586 534 4655 laea.
557 4591 643 4654 1327
666 4590 853 4658 November
867 4592 900 4656 9.
925 4589 1090 4677 Aoo'pnoo.

417 4729 577 4799 Iohannes
600 4731 700 4798 XXII
734 4730 871 4800 Iohanni
905 4739 983 4800 nato
1018 4734 1135 4802 nobilis
1169 4735 1228 4800 viri
1259 4732 1384 4801 Ioffridi
1416 4733 1458 4801 de
1485 4730 1644 4818 hinengis

309 4836 436 4906 confert
458 4836 714 4906 consideratione
737 4839 890 4908 Iohannis
910 4842 999 4927 regis
1022 4840 1152 4909 Boemie
1180 4861 1238 4928 pro
1262 4862 1301 4909 eo
1324 4842 1561 4931 consanguineo
1584 4860 1643 4908 sno
