3642 5509
256 420 293 489 82
795 423 865 489 latr
883 422 1015 490 October
1033 424 1059 486 t.

257 612 385 698 genitos
408 619 441 680 et
463 614 586 696 soluta3
609 633 705 699 snper
729 633 791 697 qno
815 612 945 699 quidem
970 611 1109 688 defectu,
1135 618 1169 677 nt
1193 610 1337 696 prefatos
1367 610 1590 677 canonicatum

257 728 292 787 et
314 720 511 808 prebendam
540 718 619 788 eccl.
644 721 823 787 Bonnensis
854 720 954 786 libere
984 721 1128 805 recipere
1151 725 1185 784 et
1207 739 1273 785 nna
1297 738 1367 785 enm
1398 717 1592 804 parrochiali

258 829 337 895 eccl.
367 835 400 895 et
428 829 670 895 canonicatibus
701 836 733 894 et
756 826 929 913 prebendis
953 825 1025 891 aliis
1048 824 1243 911 supradietis
1267 826 1355 892 licite
1378 826 1517 892 retinere
1540 846 1593 892 va·

257 936 336 1020 leat,
359 957 447 1022 papa
470 955 543 1002 cnm
566 935 680 1003 eodem
704 935 881 1020 dispensat.

366 1042 442 1109 Vite
469 1041 511 1108 ad
541 1062 661 1109 morum
685 1042 837 1108 honestas
865 1090 872 1105 .
903 1090 911 1107 .
943 1089 950 1104 .
1000 1042 1076 1106 Dat.
1100 1041 1195 1106 Avin.
1219 1041 1252 1105 II
1276 1060 1376 1107 nonas
1400 1042 1540 1108 octobris
1563 1062 1593 1106 a.

259 1148 461 1220 duodecimo.

366 1258 405 1322 In
429 1276 457 1323 e.
481 1279 523 1324 m.
558 1257 593 1323 S.
620 1256 741 1323 Florini
764 1258 798 1322 in
822 1255 1024 1323 Continentia
1048 1256 1179 1322 Trever.
1205 1254 1289 1321 dioc.
1314 1262 1346 1321 et
1370 1256 1404 1323 S.
1426 1254 1528 1322 Mario
1551 1255 1594 1322 ad

259 1361 380 1447 gradus
405 1363 516 1430 Colon.
550 1363 633 1431 dioc.
668 1364 841 1450 prepositis
869 1384 909 1429 ao
934 1364 1051 1431 Bosolo
1080 1362 1121 1429 de
1146 1364 1261 1429 Parma
1291 1362 1446 1429 canonico
1474 1364 1595 1429 Toma-

260 1471 366 1538 oensis
389 1471 469 1537 eccl.
493 1471 662 1558 capellano
684 1472 805 1558 papali.

420 1596 493 1667 Rep.
513 1597 551 1651 86
570 1595 594 1666 f.
613 1595 681 1651 249¹
701 1612 749 1651 rar.
769 1597 836 1651 703.

368 1851 496 1954 lael.
514 1855 600 1918 1327
624 1854 765 1921 October
788 1856 820 1918 6.
841 1851 1008 1940 Aoiqoort.

309 2010 314 2018 ·
370 1994 531 2062 Iohannes
554 1995 653 2061 XXII
688 1996 829 2062 Henrico
853 1997 939 2081 Beyr
967 2002 1044 2061 nato
1068 1995 1200 2061 Henrici
1225 1995 1310 2080 Beyr
1337 1994 1447 2061 militis
1471 1993 1596 2060 confert

262 2101 342 2169 ecel.
367 2102 499 2167 Trever.
535 2102 770 2185 canonicatum,
802 2103 1001 2189 prebendam
1025 2122 1101 2168 vero
1130 2099 1234 2168 eIdem
1263 2107 1416 2184 reservat,
1450 2121 1514 2167 non
1543 2102 1596 2167 ob·

263 2215 370 2273 stante
395 2207 480 2292 quod
504 2210 538 2274 in
554 2208 588 2275 S.
606 2208 698 2275 Pauli
714 2207 816 2276 Leod.
841 2211 1064 2276 canonicatum
1088 2218 1121 2275 et
1143 2208 1339 2295 prebendam
1363 2208 1487 2274 obtinet
1510 2214 1543 2274 et
1563 2208 1595 2273 in

262 2314 297 2381 S.
323 2314 471 2398 Gengulfi
498 2315 642 2381 Tollensi
667 2324 700 2382 et
723 2316 758 2383 S.
781 2315 913 2382 Martini
935 2317 1160 2383 Wormatiensi
1185 2316 1262 2383 eccl.
1288 2314 1347 2383 snb
1370 2316 1596 2401 expectatione

261 2421 497 2507 prebendarum
512 2424 705 2489 anctoritate
721 2424 901 2509 apostolica
916 2424 950 2490 in
968 2425 1155 2491 canonicum
1180 2431 1328 2510 receptus
1352 2428 1402 2489 est
1418 2429 1451 2488 et
1466 2421 1507 2488 de
1524 2441 1592 2507 pre·

262 2530 408 2613 positura
430 2530 573 2597 eiusdem
597 2531 677 2597 eccl.
701 2531 733 2598 S.
752 2531 881 2597 Martini
903 2531 1021 2616 litigat.

370 2632 531 2701 Nobilitas
554 2635 692 2719 generis,
715 2654 837 2700 mornm
860 2633 1032 2700 decor...
1057 2635 1133 2701 Dat.
1157 2635 1252 2702 Avin.
1276 2635 1309 2700 II
1331 2652 1432 2702 nonas
1454 2632 1596 2699 octobris

265 2760 295 2805 a.
320 2736 522 2806 duodecimo.

371 2846 409 2912 In
433 2866 460 2915 e.
477 2868 518 2911 m.
543 2848 654 2915 abbati
678 2850 861 2915 monasterii
881 2849 915 2915 S.
934 2848 1054 2915 Mathie
1078 2854 1170 2915 extra
1193 2868 1300 2915 moros
1316 2850 1448 2914 Trever.
1472 2856 1505 2913 et
1527 2867 1596 2933 pre·

264 2955 369 3039 posIto
385 2954 419 3020 S.
435 2954 537 3020 llario
560 2955 603 3021 ad
626 2955 746 3040 gradus
762 2956 874 3023 colon.
890 2976 930 3022 ac
947 2956 1089 3022 Oliverio
1113 2955 1155 3022 de
1178 2956 1310 3022 Oerzeto
1334 2957 1490 3021 canonico
1513 2954 1597 3020 Edu·

265 3062 350 3128 ensis
373 3062 590 3129 ecclesiarum.

425 3186 498 3257 Req.
517 3189 556 3241 85
573 3186 598 3257 f.
618 3187 682 3242 198‘
700 3202 749 3241 nr.
766 3188 829 3243 657.

369 3437 490 3507 13⁰2.
520 3437 606 3505 1327
630 3438 770 3505 October
796 3441 828 3504 6.
853 3435 1018 3524 Aoiprtorr.

372 3581 533 3647 Iohannes
548 3580 648 3647 XXII
672 3581 884 3647 Constantino
908 3582 1022 3648 Alardi
1046 3581 1173 3648 confert
1196 3582 1275 3650 eccl.
1300 3582 1359 3650 SS.
1372 3582 1598 3669 Apostolorum

267 3685 377 3754 Goion.
414 3687 648 3771 canonicatum,
684 3687 882 3773 prebendam
915 3708 991 3756 vero
1026 3689 1130 3755 eidem
1163 3696 1316 3768 reservat,
1351 3709 1414 3754 non
1449 3689 1598 3755 obstante

266 3794 353 3879 qnod
384 3793 545 3878 quandam
574 3801 763 3881 perpetuam
787 3795 999 3882 capellaniam
1024 3795 1057 3862 in
1080 3797 1198 3865 Nussia
1221 3796 1330 3862 Colon.
1356 3795 1440 3862 dioc.
1464 3796 1597 3861 obtinet.

373 3901 426 3968 Ad
448 3902 575 3968 illomm
599 3901 879 3987 provisionem...
915 3904 982 3969 Dat
1005 3903 1102 3970 Avin.
1127 3904 1160 3969 ΙΙ
1183 3924 1283 3971 nonas
1307 3903 1447 3970 octobris
1469 3923 1500 3968 a.
1524 3901 1599 3969 dno

267 4008 403 4076 decimo.

374 4117 412 4182 In
435 4136 464 4183 e.
492 4138 533 4184 m.
567 4116 678 4184 abbati
709 4118 896 4184 monasterii
920 4117 1095 4185 Tuitiensis
1119 4118 1229 4185 Colon.
1254 4118 1339 4185 dioc.
1372 4124 1405 4184 et
1436 4118 1598 4205 preposito

266 4224 301 4291 S.
324 4223 429 4291 Maria
452 4224 494 4290 ad
517 4223 639 4310 gradus
662 4224 773 4291 Goion.
806 4245 846 4290 ac
875 4224 1029 4309 magistro
1054 4223 1195 4292 Oliverio
1220 4223 1261 4292 do
1285 4226 1420 4293 Corneto
1444 4223 1599 4291 canonico

267 4330 425 4399 Ednensis
448 4331 527 4398 eccl.
552 4332 720 4416 capellano
743 4332 863 4419 papali.

426 4456 500 4526 Ber.
519 4456 557 4511 86
575 4455 600 4526 f.
620 4456 675 4511 197
691 4472 740 4511 nr.
758 4456 824 4511 663.

375 4649 501 4720 18⁰8.
528 4655 614 4720 1327
638 4654 779 4723 October
801 4658 833 4722 6.
861 4654 1028 4743 Aoiprroo.

375 4794 546 4884 [Iohannes
574 4797 687 4887 XXII]
720 4798 856 4867 Iohanni
885 4799 928 4866 de
951 4798 1176 4887 Vimenburgh
1205 4798 1403 4869 Coloniensis
1432 4798 1600 4893 capellano
