3642 5509
668 482 672 487 ,
736 429 806 486 1000
825 427 1001 500 September
1020 429 1079 484 11
1512 417 1564 486 sot

230 607 323 676 uobis
357 609 505 692 asseruit,
543 629 615 675 cum
651 631 671 675 a
705 615 738 674 te
771 610 930 693 discessit,
968 616 1042 694 post
1076 609 1144 676 eius
1176 629 1337 676 recessum
1374 610 1415 676 ad
1455 617 1564 697 partes

232 718 326 783 ltalie
349 718 564 784 transmisisti.
601 716 662 794 Qui
687 717 913 801 pervenientes
930 717 1145 783 Mediolanum
1171 719 1271 783 Azoni
1296 738 1472 803 exposuere
1493 740 1562 804 pre-

230 824 329 906 dicto,
354 823 439 907 quod
463 831 497 889 tu
522 829 715 908 potestatem
740 824 883 890 habebas
907 823 1011 910 ipsum
1028 825 1168 889 11100001
1193 831 1226 890 01
1249 845 1323 890 0000
1347 825 1563 891 concordandi
1647 893 1651 900 ,

230 951 302 997 0010
327 931 464 1012 Bavaro,
499 930 584 1014 quod
618 931 754 996 libenter·
782 951 877 1016 super
907 930 970 997 boc
1000 951 1086 997 esses
1117 933 1149 995 in
1173 931 1331 1014 colloquio
1355 952 1425 997 curn
1450 931 1563 997 eodem

230 1037 379 1121 quodque
402 1039 490 1122 ipsos
513 1039 648 1104 nuncios
671 1040 804 1104 miseras
828 1037 869 1103 de
893 1038 966 1123 ipsa
990 1038 1163 1105 concordia
1189 1044 1394 1104 tractaturos.
1441 1038 1564 1116 Quibus

229 1146 292 1209 fuit
315 1166 373 1230 pro
397 1151 489 1229 parte
513 1144 592 1210 dieti
608 1145 727 1212 Azouis
750 1165 947 1230 responsum,
972 1145 1057 1228 quod
1082 1147 1235 1230 ipserlzo
1257 1152 1367 1212 10000
1392 1153 1564 1230 rogaverat

230 1251 271 1316 de
294 1251 468 1318 concordia
491 1251 638 1338 predicta
660 1251 843 1335 tractanda,
872 1253 947 1335 quia
977 1272 1048 1318 cum
1072 1253 1198 1319 Bavaro
1222 1254 1291 1338 ipse
1315 1258 1348 1318 et
1372 1254 1420 1319 sui
1444 1253 1563 1318 nullam

229 1359 381 1426 volebant
405 1358 621 1442 concordiam,
657 1380 729 1425 curu
761 1358 803 1426 de
826 1361 897 1444 ipso
923 1358 1083 1425 confidere
1106 1361 1138 1425 in
1163 1367 1353 1446 perpetuum
1376 1362 1562 1425 00010100-

230 1465 318 1532 dant.
366 1465 509 1549 Cumque
533 1466 649 1551 prefati
673 1466 781 1532 nuncii
805 1466 938 1532 ulterius
961 1466 1174 1551 procedentes
1199 1466 1354 1550 dicerent,
1379 1465 1465 1550 quod
1490 1487 1563 1533 con·

230 1572 341 1640 cordia
373 1573 482 1638 taliter
509 1572 611 1655 lieret,
645 1573 731 1656 quod
755 1575 901 1639 Bararus
933 1593 993 1638 uec
1017 1580 1135 1639 terram
1166 1575 1300 1639 intraret
1332 1593 1392 1639 nec
1416 1573 1459 1640 ad
1492 1595 1562 1640 0001

229 1680 367 1765 aliquem
384 1681 534 1762 mitteret,
558 1678 616 1745 sed
633 1679 718 1761 quod
742 1681 804 1746 sibi
820 1679 951 1745 daretur
975 1679 1097 1763 aliquid
1113 1682 1287 1764 annuatim,
1312 1680 1374 1745 fuit
1397 1701 1454 1765 pro
1471 1687 1562 1766 parte

229 1788 347 1854 Azouis
370 1807 567 1872 responsum,
592 1787 677 1870 quod
693 1807 754 1853 nec
776 1789 809 1852 10
833 1787 894 1854 hoc
911 1787 1006 1854 modo
1030 1787 1137 1870 aliquo
1155 1789 1378 1854 consentirent.
1419 1788 1563 1871 Cumque

228 1895 458 1979 subiungercnt
483 1895 589 1960 nuncii
614 1894 781 1975 antedicti,
806 1895 860 1977 qui
885 1895 945 1979 ipsi
971 1894 1052 1960 bene
1075 1895 1230 1977 sciebant,
1259 1895 1344 1978 quod
1369 1894 1562 1962 1100100010

228 2003 408 2084 recusabat,
433 2003 509 2085 quia
525 2007 698 2067 tractatum
714 2003 805 2087 pacis
821 2002 986 2067 nobiscum
1002 2000 1153 2084 habebat,
1178 2002 1240 2067 fuit
1255 2023 1312 2088 pro
1336 2010 1429 2087 parte
1445 2003 1562 2069 Azouis

228 2129 426 2195 responsum,
444 2107 528 2191 quod
546 2108 711 2175 uobiscum
728 2129 824 2194 super
840 2128 922 2193 pace
938 2129 1000 2173 000
1017 2108 1159 2174 babebat
1176 2115 1346 2174 tractatum
1364 2109 1420 2176 sed
1438 2129 1562 2194 pacem,

228 2216 304 2298 quia
316 2221 474 2282 tractatus
491 2217 580 2301 pacis
593 2215 677 2280 iuter
692 2235 750 2281 uos
766 2223 798 2280 et
814 2217 917 2300 ipsum
931 2216 994 2280 1010
1011 2215 1115 2280 fuerat
1128 2222 1374 2281 consummatus.
1399 2216 1560 2299 Profecto,

227 2321 274 2387 fili
297 2322 471 2405 carissime,
496 2343 560 2387 000
583 2322 757 2389 sufficimus
780 2321 944 2404 admirari,
969 2322 1072 2405 quite
1096 2321 1139 2387 ad
1163 2322 1224 2388 hoe
1247 2322 1466 2406 fascinaverit,
1491 2321 1562 2406 quis

227 2436 260 2495 te
283 2431 434 2512 moverit,
471 2429 557 2514 quod
590 2431 637 2496 sic
670 2436 803 2496 matrem
837 2436 925 2495 tuam
959 2436 1103 2495 sanctam
1136 2428 1190 2495 dei
1223 2429 1392 2496 ecclesiam
1422 2429 1561 2513 undique

227 2538 442 2623 persequaris,
465 2539 513 2604 sic
536 2536 685 2604 intendas
709 2535 820 2602 sedule
844 2536 979 2603 devotos
1003 2556 1077 2603 suos
1102 2557 1122 2601 a
1146 2535 1319 2603 devotione
1342 2536 1505 2603 retrahere
1530 2543 1562 2602 et

229 2643 344 2709 ditioni
361 2644 452 2710 istius
471 2644 607 2710 heretici
622 2644 805 2728 subiugare.
838 2644 874 2709 Si
898 2644 983 2708 00101
1000 2643 1239 2710 consideranter
1254 2643 1448 2726 attenderes,
1466 2663 1561 2726 quarn

229 2752 282 2836 pie
312 2772 391 2836 erga
418 2752 598 2835 genitorem
627 2760 714 2816 tuum
801 2752 1012 2837 predecessor
1038 2758 1147 2818 noster
1175 2771 1209 2819 se
1239 2751 1387 2836 gesserit,
1419 2751 1561 2836 reperies

229 2860 350 2942 utique,
380 2858 465 2942 quod
490 2859 559 2926 eius
582 2860 695 2924 favore
718 2865 751 2924 et
774 2859 928 2943 suffragio
958 2858 1001 2924 ad
1025 2858 1188 2942 fastigium
1212 2858 1388 2944 imperialis
1412 2878 1561 2925 conscen-

230 2965 314 3032 derit
338 2965 518 3051 dignitatis.
554 2967 629 3050 Ipse
654 2965 783 3050 quidem
800 2967 932 3031 fratrem
949 2985 1040 3032 suum
1057 2972 1210 3048 tuumque
1233 2972 1392 3050 patruum,
1418 2967 1470 3031 cui
1494 2971 1564 3030 etas

229 3080 262 3138 et
285 3072 434 3139 defectus
464 3073 599 3139 scientie
629 3073 863 3159 repugnabant,
896 3073 930 3137 in
955 3073 1184 3139 Trevereusem
1219 3073 1378 3158 promovit
1406 3071 1562 3157 archiepi-

230 3199 372 3265 scopum,
398 3180 452 3263 qui
476 3200 556 3246 unus
580 3187 629 3245 est
653 3180 694 3246 de
717 3179 789 3260 hiis,
819 3179 861 3245 ad
887 3199 966 3262 quos
990 3181 1076 3263 regis
1099 3179 1314 3245 Romanorum
1339 3179 1453 3248 electio
1477 3198 1563 3244 assu·

230 3286 337 3352 mendi
372 3289 404 3352 in
438 3289 662 3372 imperatorem
694 3288 835 3353 noscitur
868 3287 1039 3372 pertinere,
1078 3287 1132 3369 qui
1167 3286 1295 3369 quidem
1327 3286 1475 3351 electioni
1506 3305 1563 3351 sue

229 3393 372 3460 favorem
401 3415 465 3458 non
493 3394 652 3460 modicum
684 3401 716 3459 et
744 3395 933 3478 suffragium
957 3393 1109 3479 prestitit.
1157 3392 1260 3470 Quam
1285 3399 1431 3478 prompte
1456 3399 1562 3458 autem

230 3502 298 3566 eius
330 3501 520 3567 electionem
553 3501 721 3567 admiserit
744 3508 777 3565 et
799 3499 1030 3586 approbaverit
1059 3499 1268 3585 predecessor
1296 3507 1413 3582 noster,
1444 3507 1477 3565 te
1500 3520 1563 3566 nou

230 3607 391 3675 eredimus
420 3609 579 3692 ignorare.
627 3608 663 3673 Si
693 3609 776 3673 enim
810 3607 999 3674 electionem
1029 3608 1122 3674 unius
1151 3606 1294 3692 episcopi
1329 3608 1375 3672 sie
1405 3613 1561 3692 prompte,

232 3714 280 3779 sic
303 3714 445 3780 faciliter
469 3715 664 3799 expedisset,
695 3715 804 3797 utique
828 3715 908 3780 salis
933 3721 1028 3798 esset,
1053 3721 1085 3780 et
1109 3714 1191 3780 sicut
1215 3736 1236 3779 a
1259 3715 1385 3798 magnis
1409 3714 1486 3780 viris
1509 3734 1562 3779 au-

229 3820 378 3905 divimus,
403 3823 457 3904 qui
480 3820 542 3888 boe
565 3824 648 3888 scire
672 3827 832 3907 poteraut,
856 3822 883 3887 si
908 3841 965 3906 per
988 3841 1168 3906 perpaucos
1192 3820 1262 3887 dies
1286 3820 1513 3888 admissionem
1530 3826 1563 3886 et

229 3930 495 4014 approbationem
529 3929 696 3994 electionis
732 3927 913 3995 huiusmodi
947 3927 1134 4012 distulisset,
1172 3933 1264 3994 erant
1297 3928 1413 4012 parati,
1449 3929 1562 4011 quise

229 4035 379 4102 volebant
403 4055 576 4120 opponere,
610 4036 663 4119 qui
692 4035 801 4102 forsan
831 4036 1019 4101 electionem
1055 4036 1158 4119 ipsam
1182 4035 1274 4100 annis
1297 4034 1440 4119 pluribus
1463 4033 1561 4120 impe·

230 4141 361 4209 dissent.
409 4141 557 4225 Quinque
589 4162 715 4225 quoque
748 4143 781 4207 iu
809 4161 900 4208 suum
925 4142 1069 4207 favorem
1094 4141 1275 4207 cardinales
1299 4140 1340 4206 ad
1366 4161 1438 4206 eum
1462 4161 1562 4224 usque

229 4250 363 4316 Romam
398 4249 623 4316 associandum
657 4249 789 4331 eiusque
823 4248 894 4314 vice
918 4248 1136 4332 inungendum
1162 4254 1194 4313 et
1218 4247 1436 4313 coronandum
1461 4255 1562 4314 traus-

229 4359 356 4424 mitteie
379 4378 443 4423 000
475 4358 592 4423 0101011.
641 4355 834 4423 Civitatibus
858 4375 985 4439 quoque
1010 4355 1205 4421 Lumbardie
1230 4377 1269 4422 00
1293 4357 1412 4422 Το0010
1440 4376 1498 4441 pro
1523 4375 1561 4421 00

229 4485 287 4531 000
310 4464 456 4532 efficacia
486 4466 606 4549 scripta
630 4463 814 4530 transmisit.
859 4463 911 4528 Ex
936 4464 1051 4547 quibus
1075 4469 1196 4546 quanta
1226 4462 1284 4528 tibi
1313 4460 1485 4546 domuique
1508 4469 1563 4528 tue

228 4571 345 4638 nedum
370 4570 478 4656 quoad
500 4591 633 4655 reguum
657 4571 799 4653 Boemie,
833 4569 889 4636 sed
922 4569 1027 4652 quoad
1057 4569 1122 4635 0110
1150 4591 1213 4636 000
1242 4569 1341 4636 100110
1364 4570 1562 4636 numeranda

229 4680 433 4764 provenerint
457 4678 593 4744 11000100
617 4684 649 4742 01
673 4677 851 4761 commoda,
880 4679 907 4743 si
939 4677 1110 4760 diligenter
1133 4677 1327 4759 attenderes,
1356 4677 1502 4762 profecto
1526 4682 1561 4742 tu

229 4796 261 4853 et
284 4787 430 4874 prefatus
453 4787 716 4871 archiepiscopus
739 4805 810 4851 eam
833 4806 897 4850 uon
921 4787 1070 4871 persequi
1099 4783 1157 4851 sed
1187 4785 1339 4871 prosequi
1362 4784 1487 4870 sibique
1511 4805 1560 4856 00·
