3642 5509
250 443 305 501 334
820 441 891 498 1330
908 437 969 498 Mal
989 439 1034 498 28.

356 624 505 691 Secundo
529 623 614 707 quod
639 624 766 709 penitus
788 623 920 689 recedet
942 623 983 688 ab
1008 622 1239 709 appellacione.

357 731 474 797 Tercio
498 731 583 814 quod
613 732 728 813 omnia,
762 751 824 813 que
856 730 935 795 fecit
966 749 1022 796 seu
1055 731 1260 813 attemptavit
1293 734 1405 794 contra
1436 733 1581 794 sanctam

250 859 419 925 personam
454 838 574 902 domini
607 839 705 903 nostri
738 857 823 923 pape
853 838 1089 920 ecclesiamque
1111 857 1286 938 romanam,
1319 835 1485 900 revocabit
1509 855 1581 899 cnm

251 946 378 1012 ellectu.

358 1052 478 1131 Quarto
502 1051 588 1134 quod
612 1059 823 1135 recognoscet
846 1071 881 1117 se
905 1052 1084 1117 excessisse
1108 1057 1140 1115 et
1164 1051 1344 1116 sentencias
1368 1050 1582 1115 excommuni-

251 1160 387 1224 cationis
409 1160 513 1244 ipsum
535 1160 665 1242 ligasse.

357 1265 476 1344 Quinto
509 1265 595 1349 quod
627 1267 733 1348 gratie
766 1264 885 1329 domini
919 1266 1018 1330 nostri
1053 1283 1137 1350 pape
1169 1283 1204 1328 se
1238 1264 1352 1331 offeret
1384 1265 1425 1329 ad
1462 1265 1582 1330 miseri·

251 1373 404 1438 cordiam.

357 1480 400 1544 Et
425 1481 452 1546 si
476 1481 620 1545 Bararus
644 1478 732 1544 dicta
757 1479 847 1544 facta
870 1485 1011 1544 tractata
1035 1485 1066 1544 et
1090 1478 1238 1544 ordinata
1262 1479 1371 1544 facere
1395 1501 1456 1544 non
1474 1479 1581 1562 vellet,

250 1587 333 1653 sciat
356 1587 451 1653 sedes
483 1587 672 1671 apostolica,
707 1585 793 1667 quod
826 1585 932 1650 dictus
957 1585 1100 1650 Bararus
1133 1585 1314 1650 antedictos
1348 1585 1492 1651 dominos
1521 1606 1581 1649 non

250 1693 409 1759 modicum
443 1694 656 1759 commovebit
681 1699 713 1757 et
736 1713 757 1757 a
780 1693 922 1756 consiliis
955 1711 1063 1756 eorum
1099 1691 1228 1757 recedet
1252 1701 1284 1756 et
1313 1699 1506 1776 potestatem
1536 1693 1582 1757 eis

251 1821 437 1865 concessam
470 1801 624 1883 infringet
656 1802 688 1864 in
712 1807 847 1880 tantum,
882 1798 967 1881 quod
992 1799 1171 1864 huiusmodi
1198 1799 1318 1864 lactum
1343 1799 1580 1884 preordinatum

251 1927 308 1991 per
333 1909 500 1988 Bonorum,
534 1913 640 1972 tamen
673 1926 736 1971 non
769 1905 810 1970 ad
844 1906 1020 1991 impletum,
1054 1905 1155 1990 possit
1188 1906 1343 1972 resultare
1371 1906 1403 1970 in
1431 1927 1581 1990 stagnum

250 2013 401 2079 honorem
425 2023 457 2079 et
480 2013 650 2078 utilitatem
675 2012 811 2078 ecclesie
834 2013 989 2078 Romane.

356 2123 425 2186 Hec
458 2121 565 2185 omnia
596 2121 643 2184 sic
676 2119 908 2202 intelligantur,
944 2117 1030 2202 quod
1063 2119 1207 2184 Bararus
1241 2119 1273 2182 in
1306 2119 1424 2184 honore
1457 2127 1490 2184 ct
1525 2140 1581 2185 suo

249 2233 336 2293 statu
359 2233 534 2305 remaneat,
557 2227 681 2291 scilicet
704 2227 738 2291 in
760 2245 860 2308 regno
876 2233 910 2291 et
932 2224 1096 2312 imperio.“

410 2372 462 2424 Em
488 2368 571 2425 birris
598 2368 709 2424 littores
732 2386 751 2423 α
774 2369 837 2424 Iob.
855 2368 953 2424 XXII
972 2369 1000 2423 d.
1021 2372 1065 2423 31.
1087 2370 1143 2423 lul.
1163 2372 1191 2422 et
1209 2371 1254 2424 21.
1274 2369 1346 2440 Sept
1374 2375 1451 2426 1330
1479 2371 1583 2439 datis;

408 2461 481 2529 Reg.
501 2462 555 2512 115
575 2474 624 2528 pa.
644 2459 679 2511 H
693 2458 718 2528 f.
738 2461 791 2512 171
810 2475 858 2512 ar.
877 2459 951 2512 1971
970 2462 997 2513 et
1023 2457 1118 2528 116f.
1139 2459 1176 2512 72
1194 2476 1242 2513 nr.
1264 2462 1320 2527 33;
1357 2461 1394 2513 cl.
1424 2458 1582 2530 cognatur·

407 2549 511 2602 annal.
530 2548 597 2603 eccl.
617 2564 645 2602 a.
664 2549 742 2601 1330
760 2553 778 2611 0
796 2548 893 2614 3409,·
912 2549 963 2601 Ra.
984 2549 1060 2601 1367
1078 2550 1105 2602 el
1125 2549 1205 2602 1386.

350 2890 476 2958 lece.
513 2891 600 2956 1330
621 2891 694 2956 Mai
717 2894 770 2955 28.
806 2888 972 2976 Aoiprroo.

353 3035 513 3100 Iohannes
537 3033 636 3098 XXII
666 3033 876 3099 Constantino
900 3031 942 3096 de
966 3030 1193 3098 LIsInlrircben
1222 3035 1347 3100 confert
1372 3034 1448 3100 eccl.
1474 3033 1578 3099 Xanc·

247 3143 346 3208 tensis
362 3141 472 3207 Colon.
497 3140 580 3206 dioc.
606 3141 840 3223 canonicatum,
864 3139 1060 3224 prebendam
1086 3159 1161 3206 voro
1186 3161 1226 3206 ac
1250 3140 1406 3206 ferculum
1430 3161 1487 3207 seu
1510 3162 1581 3226 snp-

246 3250 440 3335 plemcntum
464 3248 565 3333 ipsius
588 3247 752 3332 prebende
775 3249 808 3311 in
832 3246 922 3311 dicta
945 3247 1024 3312 eccl.
1042 3246 1147 3312 cidem
1170 3255 1323 3329 reservat,
1348 3249 1581 3314 nonobstante

246 3355 332 3440 quod
355 3357 388 3420 in
412 3355 491 3422 eccl.
517 3355 550 3420 S.
569 3354 697 3420 Andree
721 3353 832 3419 Golon.
857 3354 1079 3418 canonIcatum
1105 3360 1136 3418 ct
1161 3353 1356 3438 prebendam
1381 3355 1513 3420 obtinet.

352 3462 548 3528 Litterarum
572 3462 717 3543 scientia,
742 3480 863 3524 morum
887 3458 1062 3525 decor...
1110 3461 1185 3526 Dat.
1211 3460 1305 3526 Arin.
1329 3461 1356 3526 V
1382 3460 1425 3526 kl.
1449 3463 1528 3527 iunii
1551 3484 1581 3528 a.

247 3568 502 3653 quartodecimo.

351 3677 389 3740 In
413 3694 442 3740 e.
466 3697 508 3739 m.
533 3672 656 3738 decano
681 3672 714 3737 S.
738 3672 870 3756 Georgii
894 3680 927 3737 et
951 3671 1135 3739 subdecano
1162 3675 1293 3741 maioris
1316 3674 1427 3740 Golon.
1451 3696 1491 3741 ac
1514 3695 1582 3741 sco·

243 3782 358 3848 lastico
383 3780 544 3847 Tnllensis
570 3779 789 3845 ecclesiarum.

393 3906 466 3975 Bag.
486 3905 524 3957 95
543 3920 591 3958 ar.
610 3905 676 3958 671.

348 4247 468 4314 1010.
500 4247 587 4313 1330
609 4249 683 4314 Mat
706 4248 760 4312 29.
784 4245 952 4334 Aolprrorr.

349 4390 509 4457 Iohannes
531 4390 631 4457 XXII
666 4390 840 4456 Waltelino
869 4390 957 4456 (iloto
981 4391 1140 4458 Monacbo
1173 4392 1256 4459 laico
1291 4391 1401 4460 Oolon.
1438 4404 1581 4462 reservat

241 4505 429 4583 perpetuum
453 4498 591 4564 officium
616 4504 802 4563 consuetum
827 4497 918 4562 laicis
947 4499 1103 4582 assignari
1127 4497 1169 4564 ad
1193 4499 1436 4584 dispositionem
1461 4501 1577 4568 decani

241 4604 431 4671 thesaurarii
456 4611 489 4670 et
513 4605 646 4690 capituli
670 4604 750 4670 eccl.
774 4603 885 4670 Colon.
911 4607 1122 4671 communIter
1145 4607 1195 4671 rel
1220 4606 1350 4674 divisim
1373 4616 1535 4694 spectans.

347 4710 527 4777 Laudabile
551 4712 777 4794 testimoninm,
802 4710 889 4793 quod
907 4760 915 4775 .
933 4759 967 4778 ..
1004 4713 1079 4778 Dat.
1098 4713 1192 4780 Arin.
1211 4715 1237 4780 V
1262 4715 1307 4781 kl.
1331 4715 1411 4782 iunii
1435 4737 1465 4782 a.
1487 4736 1581 4801 quar·

241 4818 414 4885 todecimo.
