<?xml version="1.0" encoding="UTF-8"?>
<!DOCTYPE html PUBLIC "-//W3C//DTD XHTML 1.0 Transitional//EN"
    "http://www.w3.org/TR/xhtml1/DTD/xhtml1-transitional.dtd">
<html xmlns="http://www.w3.org/1999/xhtml" xml:lang="en" lang="en">
 <head>
  <title>
</title>
<meta http-equiv="Content-Type" content="text/html;charset=utf-8" />
  <meta name='ocr-system' content='tesseract 3.04.00' />
  <meta name='ocr-capabilities' content='ocr_page ocr_carea ocr_par ocr_line ocrx_word'/>
</head>
<body>
  <div class='ocr_page' id='page_1' title='image "./urkundenundrege00thimgoog_0147.png"; bbox 0 0 3642 5509; ppageno 0'>
   <div class='ocr_carea' id='block_1_1' title="bbox 209 454 1011 513">
    <p class='ocr_par' dir='ltr' id='par_1_1' title="bbox 209 454 1011 513">
     <span class='ocr_line' id='line_1_1' title="bbox 209 454 1011 513; baseline -0.002 -2"><span class='ocrx_word' id='word_1_1' title='bbox 209 458 262 513; x_wconf 71' lang='lat'>11⁸</span> <span class='ocrx_word' id='word_1_2' title='bbox 744 454 813 511; x_wconf 74' lang='lat'>1³28</span> <span class='ocrx_word' id='word_1_3' title='bbox 831 454 949 509; x_wconf 87' lang='lat' dir='ltr'>Januar</span> <span class='ocrx_word' id='word_1_4' title='bbox 968 454 1011 509; x_wconf 79' lang='lat'>23.</span> 
     </span>
    </p>
   </div>
   <div class='ocr_carea' id='block_1_2' title="bbox 208 634 1547 4019">
    <p class='ocr_par' dir='ltr' id='par_1_2' title="bbox 208 634 1547 4019">
     <span class='ocr_line' id='line_1_2' title="bbox 208 634 1539 719; baseline -0.008 -15"><span class='ocrx_word' id='word_1_5' title='bbox 208 658 244 704; x_wconf 89' lang='lat' dir='ltr'>se</span> <span class='ocrx_word' id='word_1_6' title='bbox 266 637 346 704; x_wconf 88' lang='lat' dir='ltr'>fecit</span> <span class='ocrx_word' id='word_1_7' title='bbox 369 637 444 702; x_wconf 91' lang='lat' dir='ltr'>licet</span> <span class='ocrx_word' id='word_1_8' title='bbox 467 636 585 701; x_wconf 90' lang='lat' dir='ltr'>invitus</span> <span class='ocrx_word' id='word_1_9' title='bbox 608 636 640 699; x_wconf 92' lang='lat' dir='ltr'>in</span> <span class='ocrx_word' id='word_1_10' title='bbox 664 634 893 701; x_wconf 80' lang='lat' dir='ltr'>subdiaconum</span> <span class='ocrx_word' id='word_1_11' title='bbox 919 634 1109 719; x_wconf 90' lang='lat' dir='ltr'>promoveri,</span> <span class='ocrx_word' id='word_1_12' title='bbox 1143 652 1301 715; x_wconf 90' lang='lat' dir='ltr'>nunquam</span> <span class='ocrx_word' id='word_1_13' title='bbox 1332 640 1438 697; x_wconf 88' lang='lat' dir='ltr'>tamen</span> <span class='ocrx_word' id='word_1_14' title='bbox 1463 634 1539 695; x_wconf 88' lang='lat' dir='ltr'>aute</span> 
     </span>
     <span class='ocr_line' id='line_1_3' title="bbox 209 738 1540 830; baseline -0.007 -20"><span class='ocrx_word' id='word_1_15' title='bbox 209 746 261 810; x_wconf 90' lang='lat' dir='ltr'>vel</span> <span class='ocrx_word' id='word_1_16' title='bbox 284 751 357 830; x_wconf 87' lang='lat' dir='ltr'>post</span> <span class='ocrx_word' id='word_1_17' title='bbox 380 745 596 829; x_wconf 83' lang='lat' dir='ltr'>receptionem</span> <span class='ocrx_word' id='word_1_18' title='bbox 626 741 706 808; x_wconf 90' lang='lat' dir='ltr'>dicti</span> <span class='ocrx_word' id='word_1_19' title='bbox 735 742 856 808; x_wconf 81' lang='lat' dir='ltr'>ordinis</span> <span class='ocrx_word' id='word_1_20' title='bbox 884 739 1135 808; x_wconf 82' lang='lat' dir='ltr'><strong>subdiaconatus</strong></span> <span class='ocrx_word' id='word_1_21' title='bbox 1159 760 1216 824; x_wconf 92' lang='lat' dir='ltr'>pro</span> <span class='ocrx_word' id='word_1_22' title='bbox 1241 739 1358 805; x_wconf 90' lang='lat' dir='ltr'>clerico</span> <span class='ocrx_word' id='word_1_23' title='bbox 1382 759 1418 804; x_wconf 90' lang='lat' dir='ltr'>se</span> <span class='ocrx_word' id='word_1_24' title='bbox 1441 738 1540 823; x_wconf 81' lang='lat' dir='ltr'>gessit</span> 
     </span>
     <span class='ocr_line' id='line_1_4' title="bbox 209 848 1541 931; baseline -0.005 -14"><span class='ocrx_word' id='word_1_25' title='bbox 209 872 269 917; x_wconf 89' lang='lat' dir='ltr'>uec</span> <span class='ocrx_word' id='word_1_26' title='bbox 292 860 454 917; x_wconf 82' lang='lat' dir='ltr'>tonsuram</span> <span class='ocrx_word' id='word_1_27' title='bbox 477 870 537 916; x_wconf 92' lang='lat' dir='ltr'>nec</span> <span class='ocrx_word' id='word_1_28' title='bbox 561 857 667 916; x_wconf 90' lang='lat' dir='ltr'>vestes</span> <span class='ocrx_word' id='word_1_29' title='bbox 690 849 807 914; x_wconf 89' lang='lat' dir='ltr'>detulit</span> <span class='ocrx_word' id='word_1_30' title='bbox 831 849 1007 931; x_wconf 86' lang='lat' dir='ltr'>clericales,</span> <span class='ocrx_word' id='word_1_31' title='bbox 1040 848 1100 913; x_wconf 89' lang='lat' dir='ltr'>nisi</span> <span class='ocrx_word' id='word_1_32' title='bbox 1125 848 1211 912; x_wconf 86' lang='lat' dir='ltr'>cirea</span> <span class='ocrx_word' id='word_1_33' title='bbox 1241 854 1375 931; x_wconf 89' lang='lat' dir='ltr'>tempus,</span> <span class='ocrx_word' id='word_1_34' title='bbox 1409 866 1471 928; x_wconf 88' lang='lat' dir='ltr'>quo</span> <span class='ocrx_word' id='word_1_35' title='bbox 1495 866 1541 910; x_wconf 91' lang='lat' dir='ltr'>re·</span> 
     </span>
     <span class='ocr_line' id='line_1_5' title="bbox 211 955 1541 1043; baseline -0.002 -22"><span class='ocrx_word' id='word_1_36' title='bbox 211 960 298 1043; x_wconf 92' lang='lat' dir='ltr'>cepit</span> <span class='ocrx_word' id='word_1_37' title='bbox 326 959 469 1024; x_wconf 88' lang='lat' dir='ltr'>ordinem</span> <span class='ocrx_word' id='word_1_38' title='bbox 500 958 729 1043; x_wconf 90' lang='lat' dir='ltr'>supradictum,</span> <span class='ocrx_word' id='word_1_39' title='bbox 762 979 823 1023; x_wconf 93' lang='lat' dir='ltr'>uec</span> <span class='ocrx_word' id='word_1_40' title='bbox 847 959 879 1022; x_wconf 93' lang='lat' dir='ltr'>in</span> <span class='ocrx_word' id='word_1_41' title='bbox 903 958 973 1042; x_wconf 87' lang='lat' dir='ltr'>ipso</span> <span class='ocrx_word' id='word_1_42' title='bbox 997 956 1109 1021; x_wconf 89' lang='lat' dir='ltr'>ordine</span> <span class='ocrx_word' id='word_1_43' title='bbox 1134 955 1335 1037; x_wconf 87' lang='lat' dir='ltr'>ministravit,</span> <span class='ocrx_word' id='word_1_44' title='bbox 1369 955 1445 1019; x_wconf 88' lang='lat' dir='ltr'>licet</span> <span class='ocrx_word' id='word_1_45' title='bbox 1468 958 1541 1037; x_wconf 91' lang='lat' dir='ltr'>post</span> 
     </span>
     <span class='ocr_line' id='line_1_6' title="bbox 210 1059 1540 1150; baseline -0.003 -22"><span class='ocrx_word' id='word_1_46' title='bbox 210 1066 426 1150; x_wconf 85' lang='lat' dir='ltr'>receptionem</span> <span class='ocrx_word' id='word_1_47' title='bbox 459 1065 537 1131; x_wconf 87' lang='lat' dir='ltr'>dicti</span> <span class='ocrx_word' id='word_1_48' title='bbox 570 1065 692 1131; x_wconf 84' lang='lat' dir='ltr'>ordinis</span> <span class='ocrx_word' id='word_1_49' title='bbox 726 1073 857 1130; x_wconf 87' lang='lat' dir='ltr'>coactus</span> <span class='ocrx_word' id='word_1_50' title='bbox 889 1065 986 1130; x_wconf 84' lang='lat' dir='ltr'>fuerit</span> <span class='ocrx_word' id='word_1_51' title='bbox 1017 1064 1185 1148; x_wconf 87' lang='lat' dir='ltr'>epistolam</span> <span class='ocrx_word' id='word_1_52' title='bbox 1216 1062 1333 1146; x_wconf 88' lang='lat' dir='ltr'>legere,</span> <span class='ocrx_word' id='word_1_53' title='bbox 1370 1059 1540 1144; x_wconf 83' lang='lat' dir='ltr'>quamdam</span> 
     </span>
     <span class='ocr_line' id='line_1_7' title="bbox 210 1165 1541 1258; baseline -0.003 -23"><span class='ocrx_word' id='word_1_54' title='bbox 210 1170 318 1254; x_wconf 89' lang='lat' dir='ltr'>legere</span> <span class='ocrx_word' id='word_1_55' title='bbox 341 1173 524 1258; x_wconf 84' lang='lat' dir='ltr'>incepisset,</span> <span class='ocrx_word' id='word_1_56' title='bbox 547 1173 681 1238; x_wconf 90' lang='lat' dir='ltr'>ulterius</span> <span class='ocrx_word' id='word_1_57' title='bbox 704 1171 841 1255; x_wconf 89' lang='lat' dir='ltr'>legendo</span> <span class='ocrx_word' id='word_1_58' title='bbox 866 1180 899 1237; x_wconf 90' lang='lat' dir='ltr'>et</span> <span class='ocrx_word' id='word_1_59' title='bbox 923 1170 1084 1237; x_wconf 85' lang='lat' dir='ltr'>cantando</span> <span class='ocrx_word' id='word_1_60' title='bbox 1107 1168 1284 1256; x_wconf 90' lang='lat' dir='ltr'>procedere</span> <span class='ocrx_word' id='word_1_61' title='bbox 1309 1167 1454 1250; x_wconf 90' lang='lat' dir='ltr'>nescivit,</span> <span class='ocrx_word' id='word_1_62' title='bbox 1484 1165 1541 1232; x_wconf 90' lang='lat' dir='ltr'>sed</span> 
     </span>
     <span class='ocr_line' id='line_1_8' title="bbox 211 1275 1541 1364; baseline -0.002 -22"><span class='ocrx_word' id='word_1_63' title='bbox 211 1296 282 1343; x_wconf 89' lang='lat' dir='ltr'>eam</span> <span class='ocrx_word' id='word_1_64' title='bbox 310 1278 471 1364; x_wconf 90' lang='lat' dir='ltr'>inceptam</span> <span class='ocrx_word' id='word_1_65' title='bbox 496 1278 617 1344; x_wconf 86' lang='lat' dir='ltr'>dimisit</span> <span class='ocrx_word' id='word_1_66' title='bbox 649 1277 804 1345; x_wconf 87' lang='lat' dir='ltr'>recedens</span> <span class='ocrx_word' id='word_1_67' title='bbox 836 1299 906 1344; x_wconf 90' lang='lat' dir='ltr'>cum</span> <span class='ocrx_word' id='word_1_68' title='bbox 936 1280 1050 1344; x_wconf 91' lang='lat' dir='ltr'>rubore</span> <span class='ocrx_word' id='word_1_69' title='bbox 1079 1286 1111 1343; x_wconf 90' lang='lat' dir='ltr'>et</span> <span class='ocrx_word' id='word_1_70' title='bbox 1140 1278 1221 1342; x_wconf 89' lang='lat' dir='ltr'>alius</span> <span class='ocrx_word' id='word_1_71' title='bbox 1252 1276 1354 1342; x_wconf 92' lang='lat' dir='ltr'>locum</span> <span class='ocrx_word' id='word_1_72' title='bbox 1379 1275 1447 1341; x_wconf 90' lang='lat' dir='ltr'>eius</span> <span class='ocrx_word' id='word_1_73' title='bbox 1470 1276 1541 1340; x_wconf 91' lang='lat' dir='ltr'>sub·</span> 
     </span>
     <span class='ocr_line' id='line_1_9' title="bbox 210 1381 1541 1471; baseline -0.002 -23"><span class='ocrx_word' id='word_1_74' title='bbox 210 1383 344 1451; x_wconf 87' lang='lat' dir='ltr'>intravit</span> <span class='ocrx_word' id='word_1_75' title='bbox 368 1384 487 1451; x_wconf 90' lang='lat' dir='ltr'>dictam</span> <span class='ocrx_word' id='word_1_76' title='bbox 511 1386 678 1471; x_wconf 89' lang='lat' dir='ltr'>epistolam</span> <span class='ocrx_word' id='word_1_77' title='bbox 704 1384 909 1471; x_wconf 89' lang='lat' dir='ltr'>prelegeudo,</span> <span class='ocrx_word' id='word_1_78' title='bbox 935 1392 967 1451; x_wconf 90' lang='lat' dir='ltr'>et</span> <span class='ocrx_word' id='word_1_79' title='bbox 983 1384 1100 1452; x_wconf 90' lang='lat' dir='ltr'>deinde</span> <span class='ocrx_word' id='word_1_80' title='bbox 1117 1384 1200 1449; x_wconf 86' lang='lat' dir='ltr'>inira</span> <span class='ocrx_word' id='word_1_81' title='bbox 1224 1381 1402 1448; x_wconf 92' lang='lat' dir='ltr'>dimiduum</span> <span class='ocrx_word' id='word_1_82' title='bbox 1425 1401 1541 1447; x_wconf 91' lang='lat' dir='ltr'>anuum</span> 
     </span>
     <span class='ocr_line' id='line_1_10' title="bbox 211 1488 1542 1574; baseline -0.002 -17"><span class='ocrx_word' id='word_1_83' title='bbox 211 1491 263 1557; x_wconf 91' lang='lat' dir='ltr'>vel</span> <span class='ocrx_word' id='word_1_84' title='bbox 287 1492 374 1558; x_wconf 90' lang='lat' dir='ltr'>circa</span> <span class='ocrx_word' id='word_1_85' title='bbox 405 1494 533 1559; x_wconf 90' lang='lat' dir='ltr'>omniuo</span> <span class='ocrx_word' id='word_1_86' title='bbox 565 1492 686 1558; x_wconf 93' lang='lat' dir='ltr'>dimisit</span> <span class='ocrx_word' id='word_1_87' title='bbox 719 1499 849 1574; x_wconf 89' lang='lat' dir='ltr'>statum,</span> <span class='ocrx_word' id='word_1_88' title='bbox 883 1499 1045 1558; x_wconf 82' lang='lat' dir='ltr'>tonsuram</span> <span class='ocrx_word' id='word_1_89' title='bbox 1069 1498 1101 1557; x_wconf 90' lang='lat' dir='ltr'>et</span> <span class='ocrx_word' id='word_1_90' title='bbox 1125 1498 1232 1557; x_wconf 89' lang='lat' dir='ltr'>vestes</span> <span class='ocrx_word' id='word_1_91' title='bbox 1256 1491 1351 1556; x_wconf 90' lang='lat' dir='ltr'>etiam</span> <span class='ocrx_word' id='word_1_92' title='bbox 1377 1488 1542 1556; x_wconf 86' lang='lat' dir='ltr'>clericales</span> 
     </span>
     <span class='ocr_line' id='line_1_11' title="bbox 211 1595 1542 1684; baseline -0.003 -21"><span class='ocrx_word' id='word_1_93' title='bbox 211 1618 252 1664; x_wconf 85' lang='lat' dir='ltr'>aa</span> <span class='ocrx_word' id='word_1_94' title='bbox 275 1600 498 1665; x_wconf 90' lang='lat' dir='ltr'>canonicatum</span> <span class='ocrx_word' id='word_1_95' title='bbox 522 1606 555 1664; x_wconf 91' lang='lat' dir='ltr'>et</span> <span class='ocrx_word' id='word_1_96' title='bbox 579 1598 786 1684; x_wconf 87' lang='lat' dir='ltr'>prebendam,</span> <span class='ocrx_word' id='word_1_97' title='bbox 821 1617 901 1682; x_wconf 92' lang='lat' dir='ltr'>quos</span> <span class='ocrx_word' id='word_1_98' title='bbox 934 1600 1099 1665; x_wconf 87' lang='lat' dir='ltr'>obtinebat</span> <span class='ocrx_word' id='word_1_99' title='bbox 1132 1600 1165 1664; x_wconf 92' lang='lat' dir='ltr'>in</span> <span class='ocrx_word' id='word_1_100' title='bbox 1188 1596 1361 1664; x_wconf 86' lang='lat' dir='ltr'>Leodieusi</span> <span class='ocrx_word' id='word_1_101' title='bbox 1394 1595 1542 1677; x_wconf 87' lang='lat' dir='ltr'>eeclesia,</span> 
     </span>
     <span class='ocr_line' id='line_1_12' title="bbox 212 1704 1545 1791; baseline -0.001 -22"><span class='ocrx_word' id='word_1_102' title='bbox 212 1706 389 1790; x_wconf 82' lang='lat' dir='ltr'>resignavit</span> <span class='ocrx_word' id='word_1_103' title='bbox 412 1712 445 1772; x_wconf 90' lang='lat' dir='ltr'>et</span> <span class='ocrx_word' id='word_1_104' title='bbox 468 1706 640 1791; x_wconf 86' lang='lat' dir='ltr'>assumpsit</span> <span class='ocrx_word' id='word_1_105' title='bbox 662 1705 823 1790; x_wconf 90' lang='lat' dir='ltr'>singulum</span> <span class='ocrx_word' id='word_1_106' title='bbox 850 1708 884 1787; x_wconf 85' lang='lat' dir='ltr'>(l)</span> <span class='ocrx_word' id='word_1_107' title='bbox 907 1706 1054 1788; x_wconf 90' lang='lat' dir='ltr'>militare,</span> <span class='ocrx_word' id='word_1_108' title='bbox 1088 1713 1205 1771; x_wconf 88' lang='lat' dir='ltr'>extunc</span> <span class='ocrx_word' id='word_1_109' title='bbox 1239 1726 1296 1790; x_wconf 94' lang='lat' dir='ltr'>pro</span> <span class='ocrx_word' id='word_1_110' title='bbox 1324 1704 1408 1769; x_wconf 90' lang='lat' dir='ltr'>laico</span> <span class='ocrx_word' id='word_1_111' title='bbox 1431 1722 1466 1770; x_wconf 85' lang='lat' dir='ltr'>se</span> <span class='ocrx_word' id='word_1_112' title='bbox 1489 1722 1545 1787; x_wconf 91' lang='lat' dir='ltr'>ge·</span> 
     </span>
     <span class='ocr_line' id='line_1_13' title="bbox 212 1811 1542 1900; baseline -0.002 -23"><span class='ocrx_word' id='word_1_113' title='bbox 212 1812 322 1896; x_wconf 89' lang='lat' dir='ltr'>rende,</span> <span class='ocrx_word' id='word_1_114' title='bbox 347 1820 379 1879; x_wconf 90' lang='lat' dir='ltr'>et</span> <span class='ocrx_word' id='word_1_115' title='bbox 403 1812 487 1897; x_wconf 92' lang='lat' dir='ltr'>quod</span> <span class='ocrx_word' id='word_1_116' title='bbox 510 1811 722 1900; x_wconf 89' lang='lat' dir='ltr'>postmodum,</span> <span class='ocrx_word' id='word_1_117' title='bbox 746 1814 829 1879; x_wconf 88' lang='lat' dir='ltr'>sicut</span> <span class='ocrx_word' id='word_1_118' title='bbox 853 1812 981 1879; x_wconf 91' lang='lat' dir='ltr'>domino</span> <span class='ocrx_word' id='word_1_119' title='bbox 1005 1813 1138 1898; x_wconf 86' lang='lat' dir='ltr'>placuit,</span> <span class='ocrx_word' id='word_1_120' title='bbox 1168 1812 1323 1878; x_wconf 86' lang='lat' dir='ltr'>fratribus</span> <span class='ocrx_word' id='word_1_121' title='bbox 1346 1812 1412 1877; x_wconf 90' lang='lat' dir='ltr'>suis</span> <span class='ocrx_word' id='word_1_122' title='bbox 1435 1816 1542 1896; x_wconf 88' lang='lat' dir='ltr'>prater</span> 
     </span>
     <span class='ocr_line' id='line_1_14' title="bbox 211 1917 1543 2005; baseline 0 -22"><span class='ocrx_word' id='word_1_123' title='bbox 211 1937 307 1984; x_wconf 93' lang='lat' dir='ltr'>unum</span> <span class='ocrx_word' id='word_1_124' title='bbox 332 1920 497 2005; x_wconf 89' lang='lat' dir='ltr'>parvulum</span> <span class='ocrx_word' id='word_1_125' title='bbox 520 1921 606 1985; x_wconf 87' lang='lat' dir='ltr'>viam</span> <span class='ocrx_word' id='word_1_126' title='bbox 636 1921 783 1986; x_wconf 90' lang='lat' dir='ltr'>universe</span> <span class='ocrx_word' id='word_1_127' title='bbox 813 1920 919 1986; x_wconf 90' lang='lat' dir='ltr'>earnis</span> <span class='ocrx_word' id='word_1_128' title='bbox 947 1920 1110 2003; x_wconf 82' lang='lat' dir='ltr'>ingressis,</span> <span class='ocrx_word' id='word_1_129' title='bbox 1140 1919 1233 1984; x_wconf 90' lang='lat' dir='ltr'>nullis</span> <span class='ocrx_word' id='word_1_130' title='bbox 1256 1917 1423 1985; x_wconf 89' lang='lat' dir='ltr'>masculini</span> <span class='ocrx_word' id='word_1_131' title='bbox 1448 1937 1543 1983; x_wconf 88' lang='lat' dir='ltr'>sexus</span> 
     </span>
     <span class='ocr_line' id='line_1_15' title="bbox 212 2024 1541 2112; baseline -0.002 -22"><span class='ocrx_word' id='word_1_132' title='bbox 212 2032 319 2111; x_wconf 87' lang='lat' dir='ltr'>preter</span> <span class='ocrx_word' id='word_1_133' title='bbox 351 2025 472 2092; x_wconf 91' lang='lat' dir='ltr'>dictum</span> <span class='ocrx_word' id='word_1_134' title='bbox 505 2027 671 2112; x_wconf 90' lang='lat' dir='ltr'>parvulum</span> <span class='ocrx_word' id='word_1_135' title='bbox 696 2025 869 2108; x_wconf 88' lang='lat' dir='ltr'>derelictis,</span> <span class='ocrx_word' id='word_1_136' title='bbox 898 2026 982 2091; x_wconf 91' lang='lat' dir='ltr'>idem</span> <span class='ocrx_word' id='word_1_137' title='bbox 1008 2026 1163 2092; x_wconf 83' lang='lat' dir='ltr'>Gerlacus</span> <span class='ocrx_word' id='word_1_138' title='bbox 1186 2027 1307 2108; x_wconf 88' lang='lat' dir='ltr'>nolens,</span> <span class='ocrx_word' id='word_1_139' title='bbox 1339 2024 1424 2108; x_wconf 90' lang='lat' dir='ltr'>quod</span> <span class='ocrx_word' id='word_1_140' title='bbox 1449 2024 1541 2090; x_wconf 89' lang='lat' dir='ltr'>comi-</span> 
     </span>
     <span class='ocr_line' id='line_1_16' title="bbox 212 2133 1543 2218; baseline -0.002 -20"><span class='ocrx_word' id='word_1_141' title='bbox 212 2139 299 2199; x_wconf 88' lang='lat' dir='ltr'>tatus</span> <span class='ocrx_word' id='word_1_142' title='bbox 322 2143 475 2218; x_wconf 89' lang='lat' dir='ltr'>patemus</span> <span class='ocrx_word' id='word_1_143' title='bbox 498 2135 531 2198; x_wconf 93' lang='lat' dir='ltr'>in</span> <span class='ocrx_word' id='word_1_144' title='bbox 555 2134 636 2199; x_wconf 88' lang='lat' dir='ltr'>alios</span> <span class='ocrx_word' id='word_1_145' title='bbox 659 2134 896 2216; x_wconf 88' lang='lat' dir='ltr'>transferretur,</span> <span class='ocrx_word' id='word_1_146' title='bbox 930 2133 1059 2200; x_wconf 89' lang='lat' dir='ltr'>hortatu</span> <span class='ocrx_word' id='word_1_147' title='bbox 1084 2140 1117 2199; x_wconf 91' lang='lat' dir='ltr'>ct</span> <span class='ocrx_word' id='word_1_148' title='bbox 1140 2134 1274 2199; x_wconf 89' lang='lat' dir='ltr'>oonsilio</span> <span class='ocrx_word' id='word_1_149' title='bbox 1298 2133 1467 2198; x_wconf 90' lang='lat' dir='ltr'>multorum</span> <span class='ocrx_word' id='word_1_150' title='bbox 1491 2152 1543 2195; x_wconf 93' lang='lat' dir='ltr'>no·</span> 
     </span>
     <span class='ocr_line' id='line_1_17' title="bbox 212 2238 1543 2327; baseline -0.003 -21"><span class='ocrx_word' id='word_1_151' title='bbox 212 2238 324 2306; x_wconf 92' lang='lat' dir='ltr'>bilium</span> <span class='ocrx_word' id='word_1_152' title='bbox 348 2242 407 2306; x_wconf 89' lang='lat' dir='ltr'>sub</span> <span class='ocrx_word' id='word_1_153' title='bbox 430 2261 488 2325; x_wconf 92' lang='lat' dir='ltr'>spe</span> <span class='ocrx_word' id='word_1_154' title='bbox 511 2240 761 2326; x_wconf 88' lang='lat' dir='ltr'>dispensationis</span> <span class='ocrx_word' id='word_1_155' title='bbox 785 2241 961 2327; x_wconf 92' lang='lat' dir='ltr'>apostolice</span> <span class='ocrx_word' id='word_1_156' title='bbox 985 2292 991 2305; x_wconf 91' lang='lat'>.</span> <span class='ocrx_word' id='word_1_157' title='bbox 1011 2290 1043 2306; x_wconf 93' lang='lat'>..</span> <span class='ocrx_word' id='word_1_158' title='bbox 1068 2240 1160 2306; x_wconf 83' lang='lat' dir='ltr'>duxit</span> <span class='ocrx_word' id='word_1_159' title='bbox 1190 2260 1259 2305; x_wconf 80' lang='lat' dir='ltr'>curm</span> <span class='ocrx_word' id='word_1_160' title='bbox 1285 2238 1422 2323; x_wconf 88' lang='lat' dir='ltr'>quadam</span> <span class='ocrx_word' id='word_1_161' title='bbox 1447 2239 1543 2303; x_wconf 93' lang='lat' dir='ltr'>nobili</span> 
     </span>
     <span class='ocr_line' id='line_1_18' title="bbox 213 2346 1543 2433; baseline -0.001 -22"><span class='ocrx_word' id='word_1_162' title='bbox 213 2346 345 2412; x_wconf 90' lang='lat' dir='ltr'>muliere</span> <span class='ocrx_word' id='word_1_163' title='bbox 369 2348 602 2413; x_wconf 89' lang='lat' dir='ltr'>matrimonium</span> <span class='ocrx_word' id='word_1_164' title='bbox 626 2347 878 2413; x_wconf 88' lang='lat' dir='ltr'>contrahendum</span> <span class='ocrx_word' id='word_1_165' title='bbox 901 2354 933 2413; x_wconf 87' lang='lat' dir='ltr'>et</span> <span class='ocrx_word' id='word_1_166' title='bbox 957 2355 1083 2432; x_wconf 89' lang='lat' dir='ltr'>gratam</span> <span class='ocrx_word' id='word_1_167' title='bbox 1107 2347 1226 2433; x_wconf 91' lang='lat' dir='ltr'>prolem</span> <span class='ocrx_word' id='word_1_168' title='bbox 1250 2346 1456 2432; x_wconf 77' lang='lat' dir='ltr'>suscepitur</span> <span class='ocrx_word' id='word_1_169' title='bbox 1481 2366 1543 2410; x_wconf 89' lang='lat' dir='ltr'>ma·</span> 
     </span>
     <span class='ocr_line' id='line_1_19' title="bbox 213 2452 1544 2541; baseline -0.003 -22"><span class='ocrx_word' id='word_1_170' title='bbox 213 2454 360 2519; x_wconf 92' lang='lat' dir='ltr'>trimonio</span> <span class='ocrx_word' id='word_1_171' title='bbox 394 2453 590 2539; x_wconf 88' lang='lat' dir='ltr'>supradicto.</span> <span class='ocrx_word' id='word_1_172' title='bbox 636 2455 743 2534; x_wconf 82' lang='lat' dir='ltr'>Quare</span> <span class='ocrx_word' id='word_1_173' title='bbox 771 2455 915 2541; x_wconf 85' lang='lat' dir='ltr'>prefatus</span> <span class='ocrx_word' id='word_1_174' title='bbox 939 2455 1092 2521; x_wconf 81' lang='lat' dir='ltr'>Gerlacus</span> <span class='ocrx_word' id='word_1_175' title='bbox 1122 2454 1214 2519; x_wconf 86' lang='lat' dir='ltr'>nobis</span> <span class='ocrx_word' id='word_1_176' title='bbox 1242 2452 1405 2531; x_wconf 83' lang='lat' dir='ltr'>humiliter</span> <span class='ocrx_word' id='word_1_177' title='bbox 1428 2453 1544 2538; x_wconf 92' lang='lat' dir='ltr'>suppli-</span> 
     </span>
     <span class='ocr_line' id='line_1_20' title="bbox 216 2560 1547 2643; baseline -0.002 -18"><span class='ocrx_word' id='word_1_178' title='bbox 216 2562 313 2643; x_wconf 90' lang='lat' dir='ltr'>cavit,</span> <span class='ocrx_word' id='word_1_179' title='bbox 338 2567 383 2641; x_wconf 90' lang='lat' dir='ltr'>ut,</span> <span class='ocrx_word' id='word_1_180' title='bbox 408 2581 478 2627; x_wconf 88' lang='lat' dir='ltr'>cum</span> <span class='ocrx_word' id='word_1_181' title='bbox 496 2582 535 2627; x_wconf 83' lang='lat' dir='ltr'>ex</span> <span class='ocrx_word' id='word_1_182' title='bbox 552 2562 691 2627; x_wconf 91' lang='lat' dir='ltr'>divortio</span> <span class='ocrx_word' id='word_1_183' title='bbox 715 2562 795 2627; x_wconf 91' lang='lat' dir='ltr'>dicti</span> <span class='ocrx_word' id='word_1_184' title='bbox 817 2562 1020 2643; x_wconf 88' lang='lat' dir='ltr'>matrimonii,</span> <span class='ocrx_word' id='word_1_185' title='bbox 1044 2562 1071 2627; x_wconf 91' lang='lat' dir='ltr'>si</span> <span class='ocrx_word' id='word_1_186' title='bbox 1094 2560 1205 2627; x_wconf 88' lang='lat' dir='ltr'>fierent</span> <span class='ocrx_word' id='word_1_187' title='bbox 1222 2562 1267 2642; x_wconf 86' lang='lat' dir='ltr'>(l),</span> <span class='ocrx_word' id='word_1_188' title='bbox 1297 2561 1468 2626; x_wconf 88' lang='lat' dir='ltr'>timeantur</span> <span class='ocrx_word' id='word_1_189' title='bbox 1491 2560 1547 2623; x_wconf 91' lang='lat' dir='ltr'>irn-</span> 
     </span>
     <span class='ocr_line' id='line_1_21' title="bbox 216 2668 1546 2753; baseline -0.001 -21"><span class='ocrx_word' id='word_1_190' title='bbox 216 2672 378 2752; x_wconf 89' lang='lat' dir='ltr'>posterum</span> <span class='ocrx_word' id='word_1_191' title='bbox 403 2668 485 2733; x_wconf 88' lang='lat' dir='ltr'>inter</span> <span class='ocrx_word' id='word_1_192' title='bbox 507 2668 607 2753; x_wconf 89' lang='lat' dir='ltr'>ipsius</span> <span class='ocrx_word' id='word_1_193' title='bbox 623 2668 751 2734; x_wconf 81' lang='lat' dir='ltr'>Gerlaci</span> <span class='ocrx_word' id='word_1_194' title='bbox 775 2674 808 2734; x_wconf 93' lang='lat' dir='ltr'>et</span> <span class='ocrx_word' id='word_1_195' title='bbox 824 2668 966 2734; x_wconf 89' lang='lat' dir='ltr'>eiusdem</span> <span class='ocrx_word' id='word_1_196' title='bbox 990 2668 1105 2735; x_wconf 90' lang='lat' dir='ltr'>nobilis</span> <span class='ocrx_word' id='word_1_197' title='bbox 1128 2668 1269 2733; x_wconf 88' lang='lat' dir='ltr'>mulieris</span> <span class='ocrx_word' id='word_1_198' title='bbox 1287 2717 1294 2733; x_wconf 89' lang='lat'>.</span> <span class='ocrx_word' id='word_1_199' title='bbox 1312 2718 1319 2733; x_wconf 89' lang='lat'><strong>.</strong></span> <span class='ocrx_word' id='word_1_200' title='bbox 1340 2718 1346 2732; x_wconf 93' lang='lat'><strong><em>.</em></strong></span> <span class='ocrx_word' id='word_1_201' title='bbox 1365 2686 1546 2733; x_wconf 91' lang='lat' dir='ltr'>communes</span> 
     </span>
     <span class='ocr_line' id='line_1_22' title="bbox 217 2774 1546 2861; baseline 0 -22"><span class='ocrx_word' id='word_1_202' title='bbox 217 2775 470 2858; x_wconf 86' lang='lat' dir='ltr'>consanguineos</span> <span class='ocrx_word' id='word_1_203' title='bbox 495 2782 527 2840; x_wconf 93' lang='lat' dir='ltr'>et</span> <span class='ocrx_word' id='word_1_204' title='bbox 549 2776 669 2841; x_wconf 89' lang='lat' dir='ltr'>amicos</span> <span class='ocrx_word' id='word_1_205' title='bbox 692 2795 807 2858; x_wconf 89' lang='lat' dir='ltr'>guerre</span> <span class='ocrx_word' id='word_1_206' title='bbox 831 2796 981 2842; x_wconf 90' lang='lat' dir='ltr'>raucores</span> <span class='ocrx_word' id='word_1_207' title='bbox 1005 2782 1037 2841; x_wconf 92' lang='lat' dir='ltr'>et</span> <span class='ocrx_word' id='word_1_208' title='bbox 1059 2775 1223 2841; x_wconf 89' lang='lat' dir='ltr'>immicitie</span> <span class='ocrx_word' id='word_1_209' title='bbox 1247 2775 1403 2861; x_wconf 88' lang='lat' dir='ltr'>capitales</span> <span class='ocrx_word' id='word_1_210' title='bbox 1428 2781 1460 2839; x_wconf 89' lang='lat' dir='ltr'>et</span> <span class='ocrx_word' id='word_1_211' title='bbox 1481 2774 1546 2840; x_wconf 90' lang='lat' dir='ltr'>alia</span> 
     </span>
     <span class='ocr_line' id='line_1_23' title="bbox 215 2881 1547 2968; baseline -0.002 -21"><span class='ocrx_word' id='word_1_212' title='bbox 215 2881 370 2948; x_wconf 89' lang='lat' dir='ltr'>scandala</span> <span class='ocrx_word' id='word_1_213' title='bbox 393 2882 607 2949; x_wconf 89' lang='lat' dir='ltr'>verisimiliter</span> <span class='ocrx_word' id='word_1_214' title='bbox 639 2884 797 2961; x_wconf 87' lang='lat' dir='ltr'>suscitari,</span> <span class='ocrx_word' id='word_1_215' title='bbox 829 2881 983 2968; x_wconf 91' lang='lat' dir='ltr'>predictis</span> <span class='ocrx_word' id='word_1_216' title='bbox 1015 2884 1146 2947; x_wconf 89' lang='lat' dir='ltr'>obviare</span> <span class='ocrx_word' id='word_1_217' title='bbox 1179 2882 1330 2968; x_wconf 85' lang='lat' dir='ltr'>periculis</span> <span class='ocrx_word' id='word_1_218' title='bbox 1362 2883 1486 2965; x_wconf 87' lang='lat' dir='ltr'>sibique</span> <span class='ocrx_word' id='word_1_219' title='bbox 1515 2888 1547 2948; x_wconf 94' lang='lat' dir='ltr'>et</span> 
     </span>
     <span class='ocr_line' id='line_1_24' title="bbox 216 2989 1546 3075; baseline -0.002 -20"><span class='ocrx_word' id='word_1_220' title='bbox 216 2989 320 3055; x_wconf 89' lang='lat' dir='ltr'>eidem</span> <span class='ocrx_word' id='word_1_221' title='bbox 353 2990 451 3056; x_wconf 92' lang='lat' dir='ltr'>nobili</span> <span class='ocrx_word' id='word_1_222' title='bbox 489 2990 614 3056; x_wconf 90' lang='lat' dir='ltr'>mulieri</span> <span class='ocrx_word' id='word_1_223' title='bbox 641 3040 648 3056; x_wconf 91' lang='lat'><em>.</em></span> <span class='ocrx_word' id='word_1_224' title='bbox 678 3044 686 3059; x_wconf 91' lang='lat'><strong>.</strong></span> <span class='ocrx_word' id='word_1_225' title='bbox 715 3039 723 3054; x_wconf 90' lang='lat'>.</span> <span class='ocrx_word' id='word_1_226' title='bbox 754 2989 796 3055; x_wconf 87' lang='lat' dir='ltr'>de</span> <span class='ocrx_word' id='word_1_227' title='bbox 828 2997 982 3075; x_wconf 90' lang='lat' dir='ltr'>oportune</span> <span class='ocrx_word' id='word_1_228' title='bbox 1015 2990 1225 3057; x_wconf 88' lang='lat' dir='ltr'>absolutionis</span> <span class='ocrx_word' id='word_1_229' title='bbox 1258 2990 1299 3056; x_wconf 89' lang='lat' dir='ltr'>ab</span> <span class='ocrx_word' id='word_1_230' title='bbox 1333 2990 1546 3055; x_wconf 84' lang='lat' dir='ltr'>excommuni-</span> 
     </span>
     <span class='ocr_line' id='line_1_25' title="bbox 216 3096 1546 3183; baseline -0.002 -20"><span class='ocrx_word' id='word_1_231' title='bbox 216 3099 353 3182; x_wconf 87' lang='lat' dir='ltr'>catione,</span> <span class='ocrx_word' id='word_1_232' title='bbox 377 3098 515 3181; x_wconf 92' lang='lat' dir='ltr'>siquam</span> <span class='ocrx_word' id='word_1_233' title='bbox 539 3103 712 3183; x_wconf 85' lang='lat' dir='ltr'>propterea</span> <span class='ocrx_word' id='word_1_234' title='bbox 734 3098 945 3179; x_wconf 89' lang='lat' dir='ltr'>incurrerunt,</span> <span class='ocrx_word' id='word_1_235' title='bbox 970 3103 1002 3162; x_wconf 90' lang='lat' dir='ltr'>ct</span> <span class='ocrx_word' id='word_1_236' title='bbox 1026 3096 1275 3182; x_wconf 87' lang='lat' dir='ltr'>dispensationis</span> <span class='ocrx_word' id='word_1_237' title='bbox 1300 3098 1454 3165; x_wconf 85' lang='lat' dir='ltr'>beneficio</span> <span class='ocrx_word' id='word_1_238' title='bbox 1478 3116 1546 3181; x_wconf 90' lang='lat' dir='ltr'>pro·</span> 
     </span>
     <span class='ocr_line' id='line_1_26' title="bbox 215 3204 1544 3290; baseline -0.003 -18"><span class='ocrx_word' id='word_1_239' title='bbox 215 3204 327 3272; x_wconf 90' lang='lat' dir='ltr'>videre</span> <span class='ocrx_word' id='word_1_240' title='bbox 358 3204 607 3272; x_wconf 88' lang='lat' dir='ltr'>misericorditer</span> <span class='ocrx_word' id='word_1_241' title='bbox 639 3204 854 3290; x_wconf 90' lang='lat' dir='ltr'>dignaremur.</span> <span class='ocrx_word' id='word_1_242' title='bbox 909 3204 978 3273; x_wconf 87' lang='lat' dir='ltr'>Nos</span> <span class='ocrx_word' id='word_1_243' title='bbox 1000 3205 1099 3288; x_wconf 90' lang='lat' dir='ltr'>igitur</span> <span class='ocrx_word' id='word_1_244' title='bbox 1124 3253 1184 3269; x_wconf 92' lang='lat'>...</span> <span class='ocrx_word' id='word_1_245' title='bbox 1211 3204 1406 3271; x_wconf 88' lang='lat' dir='ltr'>fraternitati</span> <span class='ocrx_word' id='word_1_246' title='bbox 1434 3211 1489 3268; x_wconf 88' lang='lat' dir='ltr'>tue</span> <span class='ocrx_word' id='word_1_247' title='bbox 1511 3250 1544 3269; x_wconf 92' lang='lat'>..</span> 
     </span>
     <span class='ocr_line' id='line_1_27' title="bbox 217 3310 1546 3397; baseline -0.002 -18"><span class='ocrx_word' id='word_1_248' title='bbox 217 3313 442 3379; x_wconf 90' lang='lat' dir='ltr'>committimus</span> <span class='ocrx_word' id='word_1_249' title='bbox 465 3321 498 3379; x_wconf 88' lang='lat' dir='ltr'>et</span> <span class='ocrx_word' id='word_1_250' title='bbox 520 3311 718 3394; x_wconf 90' lang='lat' dir='ltr'>mandamus,</span> <span class='ocrx_word' id='word_1_251' title='bbox 743 3311 903 3395; x_wconf 88' lang='lat' dir='ltr'>quatinus,</span> <span class='ocrx_word' id='word_1_252' title='bbox 928 3312 1032 3376; x_wconf 89' lang='lat' dir='ltr'>si...</span> <span class='ocrx_word' id='word_1_253' title='bbox 1057 3332 1114 3396; x_wconf 88' lang='lat' dir='ltr'>per</span> <span class='ocrx_word' id='word_1_254' title='bbox 1138 3311 1259 3377; x_wconf 89' lang='lat' dir='ltr'>dictum</span> <span class='ocrx_word' id='word_1_255' title='bbox 1283 3310 1452 3378; x_wconf 87' lang='lat' dir='ltr'>Gerlacnm</span> <span class='ocrx_word' id='word_1_256' title='bbox 1477 3330 1546 3397; x_wconf 91' lang='lat' dir='ltr'>pro·</span> 
     </span>
     <span class='ocr_line' id='line_1_28' title="bbox 216 3416 1546 3505; baseline -0.002 -21"><span class='ocrx_word' id='word_1_257' title='bbox 216 3420 371 3505; x_wconf 89' lang='lat' dir='ltr'>posita..</span> <span class='ocrx_word' id='word_1_258' title='bbox 390 3468 398 3484; x_wconf 94' lang='lat'><strong>.</strong></span> <span class='ocrx_word' id='word_1_259' title='bbox 414 3419 575 3485; x_wconf 89' lang='lat' dir='ltr'>inveneris</span> <span class='ocrx_word' id='word_1_260' title='bbox 591 3420 728 3484; x_wconf 85' lang='lat' dir='ltr'>veritate</span> <span class='ocrx_word' id='word_1_261' title='bbox 751 3418 867 3498; x_wconf 82' lang='lat' dir='ltr'>fulciri,</span> <span class='ocrx_word' id='word_1_262' title='bbox 891 3417 1020 3483; x_wconf 84' lang='lat' dir='ltr'>eosdem</span> <span class='ocrx_word' id='word_1_263' title='bbox 1038 3416 1207 3485; x_wconf 88' lang='lat' dir='ltr'>Gerlacunr</span> <span class='ocrx_word' id='word_1_264' title='bbox 1226 3426 1258 3483; x_wconf 91' lang='lat' dir='ltr'>et</span> <span class='ocrx_word' id='word_1_265' title='bbox 1281 3418 1431 3501; x_wconf 91' lang='lat' dir='ltr'>nobilem,</span> <span class='ocrx_word' id='word_1_266' title='bbox 1452 3438 1546 3501; x_wconf 89' lang='lat' dir='ltr'>quam</span> 
     </span>
     <span class='ocr_line' id='line_1_29' title="bbox 217 3525 1545 3609; baseline -0.001 -19"><span class='ocrx_word' id='word_1_267' title='bbox 217 3525 319 3609; x_wconf 85' lang='lat' dir='ltr'>duxit,</span> <span class='ocrx_word' id='word_1_268' title='bbox 344 3545 475 3591; x_wconf 81' lang='lat' dir='ltr'>uxorem</span> <span class='ocrx_word' id='word_1_269' title='bbox 498 3526 539 3589; x_wconf 93' lang='lat' dir='ltr'>ab</span> <span class='ocrx_word' id='word_1_270' title='bbox 563 3526 901 3606; x_wconf 85' lang='lat' dir='ltr'>excommunicatione,</span> <span class='ocrx_word' id='word_1_271' title='bbox 931 3525 957 3590; x_wconf 91' lang='lat' dir='ltr'>si</span> <span class='ocrx_word' id='word_1_272' title='bbox 983 3544 1076 3606; x_wconf 88' lang='lat' dir='ltr'>quam</span> <span class='ocrx_word' id='word_1_273' title='bbox 1102 3530 1273 3609; x_wconf 89' lang='lat' dir='ltr'>propterea</span> <span class='ocrx_word' id='word_1_274' title='bbox 1297 3526 1545 3591; x_wconf 88' lang='lat' dir='ltr'>incurrerunt..</span> 
     </span>
     <span class='ocr_line' id='line_1_30' title="bbox 216 3631 1545 3715; baseline -0.002 -17"><span class='ocrx_word' id='word_1_275' title='bbox 216 3633 409 3698; x_wconf 88' lang='lat' dir='ltr'>auctoritate</span> <span class='ocrx_word' id='word_1_276' title='bbox 435 3638 546 3696; x_wconf 87' lang='lat' dir='ltr'>nostra</span> <span class='ocrx_word' id='word_1_277' title='bbox 574 3631 799 3696; x_wconf 88' lang='lat' dir='ltr'>absolvas...</span> <span class='ocrx_word' id='word_1_278' title='bbox 823 3650 958 3696; x_wconf 87' lang='lat' dir='ltr'>aecum</span> <span class='ocrx_word' id='word_1_279' title='bbox 982 3632 1039 3715; x_wconf 90' lang='lat' dir='ltr'>eis,</span> <span class='ocrx_word' id='word_1_280' title='bbox 1069 3631 1156 3714; x_wconf 93' lang='lat' dir='ltr'>quod</span> <span class='ocrx_word' id='word_1_281' title='bbox 1178 3632 1210 3696; x_wconf 89' lang='lat' dir='ltr'>in</span> <span class='ocrx_word' id='word_1_282' title='bbox 1236 3631 1416 3697; x_wconf 88' lang='lat' dir='ltr'>huiusmodi</span> <span class='ocrx_word' id='word_1_283' title='bbox 1441 3632 1545 3696; x_wconf 86' lang='lat' dir='ltr'>matri·</span> 
     </span>
     <span class='ocr_line' id='line_1_31' title="bbox 217 3736 1547 3824; baseline -0.001 -21"><span class='ocrx_word' id='word_1_284' title='bbox 217 3738 322 3805; x_wconf 91' lang='lat' dir='ltr'>monio</span> <span class='ocrx_word' id='word_1_285' title='bbox 346 3738 434 3804; x_wconf 91' lang='lat' dir='ltr'>licite</span> <span class='ocrx_word' id='word_1_286' title='bbox 449 3738 580 3803; x_wconf 89' lang='lat' dir='ltr'>valeant</span> <span class='ocrx_word' id='word_1_287' title='bbox 603 3757 768 3802; x_wconf 91' lang='lat' dir='ltr'>remanere</span> <span class='ocrx_word' id='word_1_288' title='bbox 786 3786 794 3801; x_wconf 90' lang='lat'><strong>.</strong></span> <span class='ocrx_word' id='word_1_289' title='bbox 812 3788 819 3801; x_wconf 93' lang='lat'><em>.</em></span> <span class='ocrx_word' id='word_1_290' title='bbox 837 3736 1024 3823; x_wconf 86' lang='lat' dir='ltr'>dispensare</span> <span class='ocrx_word' id='word_1_291' title='bbox 1041 3759 1202 3823; x_wconf 85' lang='lat' dir='ltr'>procures,</span> <span class='ocrx_word' id='word_1_292' title='bbox 1227 3738 1347 3824; x_wconf 88' lang='lat' dir='ltr'>prolem</span> <span class='ocrx_word' id='word_1_293' title='bbox 1364 3744 1547 3824; x_wconf 90' lang='lat' dir='ltr'>susceptam</span> 
     </span>
     <span class='ocr_line' id='line_1_32' title="bbox 216 3842 1547 3931; baseline -0.001 -20"><span class='ocrx_word' id='word_1_294' title='bbox 216 3852 249 3911; x_wconf 93' lang='lat' dir='ltr'>et</span> <span class='ocrx_word' id='word_1_295' title='bbox 271 3844 508 3931; x_wconf 86' lang='lat' dir='ltr'>suscipiendam</span> <span class='ocrx_word' id='word_1_296' title='bbox 532 3865 574 3910; x_wconf 81' lang='lat' dir='ltr'>ex</span> <span class='ocrx_word' id='word_1_297' title='bbox 597 3842 685 3909; x_wconf 86' lang='lat' dir='ltr'>dicto</span> <span class='ocrx_word' id='word_1_298' title='bbox 709 3845 909 3910; x_wconf 88' lang='lat' dir='ltr'>matrimonio</span> <span class='ocrx_word' id='word_1_299' title='bbox 933 3845 1108 3929; x_wconf 88' lang='lat' dir='ltr'>legitimam</span> <span class='ocrx_word' id='word_1_300' title='bbox 1137 3845 1318 3911; x_wconf 85' lang='lat' dir='ltr'>nuncianda</span> <span class='ocrx_word' id='word_1_301' title='bbox 1345 3893 1353 3911; x_wconf 88' lang='lat'><strong>.</strong></span> <span class='ocrx_word' id='word_1_302' title='bbox 1381 3894 1388 3910; x_wconf 94' lang='lat'><strong>.</strong></span> <span class='ocrx_word' id='word_1_303' title='bbox 1416 3895 1424 3909; x_wconf 92' lang='lat'><strong>.</strong></span> <span class='ocrx_word' id='word_1_304' title='bbox 1471 3846 1547 3910; x_wconf 88' lang='lat' dir='ltr'>Dat.</span> 
     </span>
     <span class='ocr_line' id='line_1_33' title="bbox 216 3950 887 4019; baseline -0.003 -2"><span class='ocrx_word' id='word_1_305' title='bbox 216 3952 309 4019; x_wconf 81' lang='lat' dir='ltr'>Avin.</span> <span class='ocrx_word' id='word_1_306' title='bbox 328 3954 360 4019; x_wconf 88' lang='lat' dir='ltr'>X</span> <span class='ocrx_word' id='word_1_307' title='bbox 384 3952 429 4017; x_wconf 84' lang='lat' dir='ltr'>lrl.</span> <span class='ocrx_word' id='word_1_308' title='bbox 453 3951 608 4018; x_wconf 89' lang='lat' dir='ltr'>februarii</span> <span class='ocrx_word' id='word_1_309' title='bbox 633 3972 663 4016; x_wconf 88' lang='lat' dir='ltr'>a.</span> <span class='ocrx_word' id='word_1_310' title='bbox 687 3950 887 4018; x_wconf 79' lang='lat' dir='ltr'>duodecimo</span> 
     </span>
    </p>
   </div>
   <div class='ocr_carea' id='block_1_3' title="bbox 376 4076 942 4148">
    <p class='ocr_par' dir='ltr' id='par_1_3' title="bbox 376 4076 942 4148">
     <span class='ocr_line' id='line_1_34' title="bbox 376 4076 942 4148; baseline -0.004 -16"><span class='ocrx_word' id='word_1_311' title='bbox 376 4078 450 4147; x_wconf 75' lang='lat' dir='ltr'>Bag.</span> <span class='ocrx_word' id='word_1_312' title='bbox 470 4078 507 4132; x_wconf 88' lang='grc'>86</span> <span class='ocrx_word' id='word_1_313' title='bbox 523 4076 549 4148; x_wconf 75' lang='lat' dir='ltr'>f.</span> <span class='ocrx_word' id='word_1_314' title='bbox 568 4078 606 4131; x_wconf 85' lang='grc'>13</span> <span class='ocrx_word' id='word_1_315' title='bbox 623 4093 671 4131; x_wconf 81' lang='lat' dir='ltr'>nr.</span> <span class='ocrx_word' id='word_1_316' title='bbox 690 4076 780 4141; x_wconf 74' lang='lat'><strong><em>10365</em></strong></span> <span class='ocrx_word' id='word_1_317' title='bbox 806 4076 858 4131; x_wconf 76' lang='lat' dir='ltr'>Ra.</span> <span class='ocrx_word' id='word_1_318' title='bbox 876 4076 942 4131; x_wconf 79' lang='lat'><strong><em>966.</em></strong></span> 
     </span>
    </p>
   </div>
   <div class='ocr_carea' id='block_1_4' title="bbox 324 4345 986 4438">
    <p class='ocr_par' dir='ltr' id='par_1_4' title="bbox 324 4345 986 4438">
     <span class='ocr_line' id='line_1_35' title="bbox 324 4345 986 4438; baseline 0.006 -25"><span class='ocrx_word' id='word_1_319' title='bbox 324 4345 444 4414; x_wconf 70' lang='lat'><strong>13⁹5.</strong></span> <span class='ocrx_word' id='word_1_320' title='bbox 475 4351 558 4415; x_wconf 79' lang='lat'><strong><em>1328</em></strong></span> <span class='ocrx_word' id='word_1_321' title='bbox 580 4351 719 4417; x_wconf 79' lang='lat' dir='ltr'>Janucr</span> <span class='ocrx_word' id='word_1_322' title='bbox 739 4352 793 4415; x_wconf 86' lang='lat'>23.</span> <span class='ocrx_word' id='word_1_323' title='bbox 821 4348 986 4438; x_wconf 80' lang='lat' dir='ltr'>Avipaon.</span> 
     </span>
    </p>
   </div>
   <div class='ocr_carea' id='block_1_5' title="bbox 217 4489 1550 4900">
    <p class='ocr_par' dir='ltr' id='par_1_5' title="bbox 217 4489 1550 4900">
     <span class='ocr_line' id='line_1_36' title="bbox 320 4489 1548 4578; baseline 0.004 -24"><span class='ocrx_word' id='word_1_324' title='bbox 320 4489 481 4556; x_wconf 88' lang='lat' dir='ltr'>Iohannes</span> <span class='ocrx_word' id='word_1_325' title='bbox 505 4490 605 4556; x_wconf 87' lang='lat' dir='ltr'>XXII</span> <span class='ocrx_word' id='word_1_326' title='bbox 629 4490 662 4556; x_wconf 91' lang='lat' dir='ltr'>S.</span> <span class='ocrx_word' id='word_1_327' title='bbox 687 4490 833 4557; x_wconf 89' lang='lat' dir='ltr'>Severini</span> <span class='ocrx_word' id='word_1_328' title='bbox 858 4491 968 4560; x_wconf 84' lang='lat' dir='ltr'>Colon.</span> <span class='ocrx_word' id='word_1_329' title='bbox 994 4498 1026 4558; x_wconf 89' lang='lat' dir='ltr'>et</span> <span class='ocrx_word' id='word_1_330' title='bbox 1049 4492 1082 4557; x_wconf 86' lang='lat' dir='ltr'>S.</span> <span class='ocrx_word' id='word_1_331' title='bbox 1104 4494 1204 4559; x_wconf 84' lang='lat' dir='ltr'>Mario</span> <span class='ocrx_word' id='word_1_332' title='bbox 1227 4492 1269 4558; x_wconf 90' lang='lat' dir='ltr'>ad</span> <span class='ocrx_word' id='word_1_333' title='bbox 1293 4493 1414 4578; x_wconf 89' lang='lat' dir='ltr'>gradus</span> <span class='ocrx_word' id='word_1_334' title='bbox 1437 4492 1548 4561; x_wconf 84' lang='lat' dir='ltr'>Gelon.</span> 
     </span>
     <span class='ocr_line' id='line_1_37' title="bbox 217 4583 1549 4686; baseline 0.004 -25"><span class='ocrx_word' id='word_1_335' title='bbox 217 4596 389 4683; x_wconf 87' lang='lat' dir='ltr'>prepositis</span> <span class='ocrx_word' id='word_1_336' title='bbox 421 4616 460 4662; x_wconf 92' lang='lat' dir='ltr'>ac</span> <span class='ocrx_word' id='word_1_337' title='bbox 493 4583 646 4681; x_wconf 85' lang='lat' dir='ltr'>magistro</span> <span class='ocrx_word' id='word_1_338' title='bbox 680 4597 816 4666; x_wconf 86' lang='lat' dir='ltr'>Nicolao</span> <span class='ocrx_word' id='word_1_339' title='bbox 849 4597 890 4664; x_wconf 91' lang='lat' dir='ltr'>de</span> <span class='ocrx_word' id='word_1_340' title='bbox 924 4600 1050 4665; x_wconf 84' lang='lat' dir='ltr'>Fraotis</span> <span class='ocrx_word' id='word_1_341' title='bbox 1088 4600 1265 4666; x_wconf 89' lang='lat' dir='ltr'>litterarum</span> <span class='ocrx_word' id='word_1_342' title='bbox 1299 4599 1549 4686; x_wconf 87' lang='lat' dir='ltr'>apostolicarum</span> 
     </span>
     <span class='ocr_line' id='line_1_38' title="bbox 218 4703 1550 4793; baseline 0.002 -23"><span class='ocrx_word' id='word_1_343' title='bbox 218 4703 391 4770; x_wconf 90' lang='lat' dir='ltr'>correctori</span> <span class='ocrx_word' id='word_1_344' title='bbox 424 4706 578 4771; x_wconf 84' lang='lat' dir='ltr'>canonico</span> <span class='ocrx_word' id='word_1_345' title='bbox 610 4705 797 4771; x_wconf 86' lang='lat' dir='ltr'>Patracensi</span> <span class='ocrx_word' id='word_1_346' title='bbox 830 4706 972 4783; x_wconf 87' lang='lat' dir='ltr'>mandat,</span> <span class='ocrx_word' id='word_1_347' title='bbox 1009 4708 1157 4791; x_wconf 91' lang='lat' dir='ltr'>quatinus</span> <span class='ocrx_word' id='word_1_348' title='bbox 1186 4708 1336 4793; x_wconf 88' lang='lat' dir='ltr'>Reynero</span> <span class='ocrx_word' id='word_1_349' title='bbox 1370 4707 1411 4773; x_wconf 88' lang='lat' dir='ltr'>de</span> <span class='ocrx_word' id='word_1_350' title='bbox 1434 4708 1550 4774; x_wconf 88' lang='lat' dir='ltr'>Reme-</span> 
     </span>
     <span class='ocr_line' id='line_1_39' title="bbox 217 4810 1550 4900; baseline 0.004 -24"><span class='ocrx_word' id='word_1_351' title='bbox 217 4810 383 4878; x_wconf 86' lang='lat' dir='ltr'>lincbusen</span> <span class='ocrx_word' id='word_1_352' title='bbox 407 4812 561 4878; x_wconf 89' lang='lat' dir='ltr'>canonico</span> <span class='ocrx_word' id='word_1_353' title='bbox 585 4812 664 4877; x_wconf 91' lang='lat' dir='ltr'>eccl.</span> <span class='ocrx_word' id='word_1_354' title='bbox 691 4812 892 4879; x_wconf 87' lang='lat' dir='ltr'>Susaciensis</span> <span class='ocrx_word' id='word_1_355' title='bbox 915 4813 1023 4879; x_wconf 79' lang='lat' dir='ltr'>Gelon.</span> <span class='ocrx_word' id='word_1_356' title='bbox 1049 4813 1132 4882; x_wconf 89' lang='lat' dir='ltr'>dioc.</span> <span class='ocrx_word' id='word_1_357' title='bbox 1158 4814 1303 4881; x_wconf 82' lang='lat' dir='ltr'>conterre</span> <span class='ocrx_word' id='word_1_358' title='bbox 1327 4821 1359 4879; x_wconf 88' lang='lat' dir='ltr'>et</span> <span class='ocrx_word' id='word_1_359' title='bbox 1383 4814 1550 4900; x_wconf 86' lang='lat' dir='ltr'>assignare</span> 
     </span>
    </p>
   </div>
   <div class='ocr_carea' id='block_1_6' title="bbox 0 0 1833 5509">
    <p class='ocr_par' dir='ltr' id='par_1_6' title="bbox 0 0 1833 5509">
     <span class='ocr_line' id='line_1_40' title="bbox 0 0 1833 5509; baseline 0 0"><span class='ocrx_word' id='word_1_360' title='bbox 0 0 1833 5509; x_wconf 95' lang='lat' dir='ltr'> </span> 
     </span>
    </p>
   </div>
  </div>
 </body>
</html>
