3642 5509
791 498 862 555 1327
880 499 955 556 duni
974 499 1017 555 14.
1508 499 1544 556 39

316 679 434 747 119⁷.
464 683 551 746 1327
575 681 737 748 Jam14.
761 677 926 766 Aoipaoa.

312 821 473 890 Iohannes
497 823 596 888 XXII
629 822 819 907 Engilberto
844 822 885 888 de
909 824 1050 889 Oamenc
1079 822 1204 889 confert
1234 822 1313 889 eccl.
1343 823 1376 889 S.
1402 824 1544 891 Castoris

209 933 240 996 in
264 929 466 997 Confluentis
490 931 623 996 Trever.
657 929 740 997 dioc.
773 931 1009 1015 canonicatum,
1044 928 1239 1016 prebendam
1264 951 1340 997 vero
1368 930 1472 997 eidem
1496 951 1543 998 re-

209 1043 326 1114 servat,
359 1059 422 1103 non
455 1037 604 1104 obstante
638 1037 724 1121 quod
757 1037 991 1124 parrochialem
1021 1037 1192 1104 ecclesiam
1223 1037 1264 1103 de
1288 1039 1461 1124 Bergsowe
1484 1038 1544 1105 Oa-

209 1144 360 1211 minensis
383 1143 467 1214 dioc.
492 1143 625 1210 obtinet.

312 1251 505 1337 Multiplicia
528 1256 582 1317 tue
606 1251 722 1318 merita
740 1301 747 1316 .
762 1301 791 1318 ..
832 1253 907 1317 Dat.
927 1252 1021 1318 Avia.
1038 1251 1152 1318 XVIII
1168 1251 1212 1317 kl.
1230 1251 1299 1317 iulii
1316 1273 1346 1318 a.
1362 1251 1541 1320 undecimo.

312 1359 352 1424 In
374 1379 402 1424 e.
428 1380 471 1425 m.
504 1357 627 1425 decano
651 1360 685 1426 S.
711 1358 864 1425 Iohannis
886 1357 988 1424 Leod.
1014 1364 1046 1424 et
1070 1360 1192 1425 cantori
1216 1359 1250 1425 S.
1276 1358 1405 1425 Andrec
1430 1360 1542 1427 Calon.

209 1486 247 1532 ac
270 1467 389 1533 Busolo
412 1464 454 1531 de
477 1466 595 1531 Parma
617 1467 773 1532 canonico
797 1466 1013 1533 Tornacensis
1037 1465 1117 1534 eccl.
1141 1466 1308 1552 capellano
1331 1465 1453 1552 papali.

355 1590 429 1659 Ray.
448 1590 486 1644 84
503 1589 527 1659 f.
547 1591 585 1644 54
603 1605 651 1644 nr.
670 1590 755 1645 2135.

315 1880 454 1947 *llas
480 1884 566 1947 1327
595 1882 682 1948 Jaai
705 1883 757 1947 17.
782 1878 948 1966 Aoipnon.

316 2024 484 2090 Iohannes
515 2025 626 2089 XXII
656 2025 809 2109 episcopo
833 2023 1084 2108 osnaburgensi
1110 2023 1544 2108 ascomannorum

209 2128 364 2216 Adcipio
397 2132 439 2196 de
473 2131 598 2196 Morka
631 2139 662 2197 et
695 2133 893 2216 Margareta
926 2130 966 2194 dc
1001 2127 1099 2196 Utens
1126 2130 1305 2214 dispenset,
1337 2137 1376 2196 at
1400 2151 1467 2196 aon
1490 2132 1543 2197 ob·

209 2243 318 2303 stante
350 2239 654 2325 consanpninitatr's
686 2237 924 2322 impedimento
953 2237 1207 2302 matrimonium
1234 2244 1443 2303 contractam
1466 2257 1541 2304 con·

209 2365 377 2410 armarere
401 2352 432 2411 et
455 2345 491 2410 in
516 2365 552 2410 oo
568 2365 772 2430 permanare
795 2343 943 2409 caleant.

316 2485 486 2571 [Iohannes
507 2486 618 2571 XXII]
644 2487 796 2572 episcopo
820 2485 1070 2569 osnaburgensi.

316 2593 470 2660 Exhibita
492 2595 586 2660 nobis
609 2593 786 2658 dilecti...
811 2590 955 2676 Adulphi
978 2592 1262 2678 primogeniti...
1286 2592 1467 2677 Engilberti
1494 2613 1543 2660 co

210 2701 297 2766 mitis
320 2699 361 2766 de
385 2699 500 2766 Marka
524 2707 577 2767 et.
595 2749 603 2765 .
622 2747 628 2762 .
647 2699 822 2783 Margarita
845 2705 922 2764 nato
936 2747 943 2764 .
959 2745 987 2763 ..
1010 2697 1204 2764 Thcodorici
1228 2698 1356 2766 comitis
1379 2699 1544 2767 Olevensis

211 2807 408 2875 coloniensis
442 2807 582 2874 diocesis
613 2807 732 2894 peticio
766 2805 962 2884 continebat,
991 2805 1076 2889 quod
1100 2805 1187 2873 idem
1210 2805 1379 2893 Aduiphus
1402 2807 1478 2874 olim
1501 2806 1543 2875 de

210 2915 363 2982 mandato
392 2914 471 2982 dicti
501 2915 604 3001 patris
632 2919 665 2981 et
689 2915 863 2980 amicorum
886 2933 1015 2979 suorum
1039 2933 1111 2979 curn
1134 2961 1141 2980 .
1165 2963 1172 2980 .
1195 2959 1203 2976 .
1229 2913 1441 3000 Ermengardi
1465 2921 1544 2982 nata

210 3021 370 3105 quondam
395 3022 523 3089 Ottonis
546 3021 587 3088 de
612 3021 729 3104 Oloris,
753 3021 905 3105 Adulpho
929 3021 963 3084 in
987 3026 1100 3104 quarto
1124 3026 1158 3086 et
1180 3021 1364 3105 Margarete
1387 3020 1544 3107 predictis

210 3127 407 3196 insecundo
438 3128 726 3214 consanguinitatis
753 3128 847 3194 lincis
871 3129 1038 3210 attinente,
1071 3129 1307 3193 matrimonium
1331 3130 1477 3212 quamvis
1502 3127 1543 3195 de

210 3236 298 3302 facto
322 3257 380 3322 per
403 3238 504 3303 verba
527 3235 568 3301 de
598 3235 740 3321 presenti
764 3234 935 3317 contraxit,
970 3233 1028 3299 sed
1052 3255 1109 3319 pro
1133 3255 1182 3318 eo,
1215 3233 1301 3317 quod
1326 3255 1396 3301 cum
1421 3235 1543 3302 eisdem

211 3342 362 3429 Adulphc
385 3350 418 3409 et
441 3342 655 3428 Ermengardi
677 3363 741 3408 non
765 3341 891 3407 exstitit
915 3341 1132 3426 dispensatum
1156 3361 1251 3427 super
1274 3340 1454 3407 huiusmodi
1478 3363 1543 3408 nra·

212 3451 359 3516 trimonio
383 3450 602 3516 consumendo
627 3455 659 3514 et
682 3448 771 3514 dicta
787 3446 1018 3532 Ermengardis
1041 3448 1168 3513 interim
1190 3447 1351 3514 contraxit
1375 3467 1446 3514 oum
1467 3448 1541 3533 alio,

212 3555 333 3623 dictum
357 3557 592 3624 matrimonium
616 3578 680 3623 non
703 3554 810 3621 extitit
833 3563 1061 3621 consumatum.
1091 3555 1218 3621 Deinde
1241 3555 1358 3640 prefati
1374 3554 1544 3641 Aduiphus

211 3671 243 3730 et
266 3663 443 3750 Margarita
476 3666 661 3749 ignorantes
694 3663 834 3745 aliquam
868 3662 1180 3745 consanguinitatem
1213 3663 1351 3728 existere
1381 3662 1544 3728 intereos

213 3769 324 3838 ...ad
348 3771 526 3837 sedandum
549 3790 666 3855 graves
690 3769 903 3835 dissensiones
920 3774 953 3834 et
968 3767 1054 3852 odia,
1079 3789 1141 3852 que
1160 3769 1245 3835 inter
1259 3775 1411 3854 parentes
1434 3787 1542 3834 eorum

210 3885 339 3963 propter
362 3879 562 3944 vicinitatem
586 3884 618 3943 et
642 3877 885 3960 contiguitatem
910 3882 1067 3941 terrarum
1090 3875 1231 3960 ipsorum
1254 3875 1363 3961 sepius
1387 3875 1543 3943 haetenus

211 3985 380 4068 viguerunt
409 4031 468 4050 ...
498 3985 611 4050 bannis
634 4005 697 4049 non
722 3981 828 4067 editis,
853 3989 948 4067 prout
972 3988 1021 4048 est
1044 3983 1141 4048 moris
1164 3983 1247 4048 inter
1269 3982 1392 4049 nobiles
1415 3981 1543 4049 illarum

211 4093 347 4176 partium
371 4091 450 4175 fieri,
484 4111 675 4174 quamquam
704 4090 790 4156 idern
814 4088 983 4174 ridulphus
1010 4090 1107 4156 sciret
1130 4088 1392 4175 impedimentum
1416 4091 1543 4155 iusticie

212 4199 339 4283 publice
364 4197 541 4265 honestatis
565 4197 649 4264 inter
672 4218 744 4262 eum
768 4202 801 4262 et
824 4194 944 4261 dictam
968 4197 1177 4280 Margaritam
1202 4216 1242 4261 ex
1267 4196 1412 4281 predicto
1437 4197 1543 4262 matri·

211 4307 315 4372 monio
339 4354 347 4368 .
374 4355 381 4370 .
407 4355 414 4371 .
440 4311 596 4388 exortum,
632 4325 690 4390 pcr
713 4304 812 4370 verba
836 4301 877 4368 de
901 4304 1042 4388 presenti
1075 4301 1310 4369 matrimonium
1334 4301 1376 4369 ad
1405 4304 1543 4370 invicem

212 4418 459 4478 contraxerunt.
474 4462 481 4478 .
497 4462 504 4478 .
529 4411 635 4491 Quare
659 4411 779 4498 prefati
795 4409 965 4496 Adulphus
989 4417 1022 4475 et
1036 4411 1242 4494 Margareta.
1257 4459 1264 4474 .
1281 4410 1543 4496 supplicaverant

286 4521 355 4588 Nos
378 4521 478 4603 igitur
492 4569 499 4586 .
515 4568 522 4584 .
537 4573 544 4588 .
562 4519 758 4585 fraternitati
782 4524 836 4583 tuc
944 4516 1143 4602 mandamus,
1179 4518 1339 4601 quatinus,
1363 4518 1390 4583 si
1414 4523 1464 4584 est
1486 4519 1542 4602 ita,

212 4647 280 4692 cum
304 4626 426 4693 eisdem
450 4625 603 4712 Adulpho
629 4633 661 4691 et
684 4626 871 4710 Margarita,
896 4625 982 4708 quod
1006 4626 1322 4693 ...matrimonium
1344 4625 1446 4692 libere
1469 4645 1543 4692 con·

211 4753 336 4800 sumare
358 4733 499 4815 valeant,
523 4733 699 4819 dispenses,
725 4733 846 4818 prolem
870 4730 1108 4819 suscipiendam
1131 4752 1173 4799 ex
1196 4734 1243 4800 eis
1265 4731 1443 4817 legitimam
1467 4752 1541 4798 nnn·

212 4839 338 4908 ciando.
384 4841 460 4907 Dat.
485 4841 579 4908 Avia.
604 4841 665 4906 XV
689 4840 735 4906 kl.
760 4839 829 4906 iulii
853 4861 882 4906 a.
907 4838 1088 4907 undecimo.
