3642 5509
301 421 335 485 18
822 428 891 487 1327
910 426 1048 488 Februar
1067 428 1109 487 14.

302 608 471 695 Symeonis
486 610 619 677 Trever.
644 616 787 677 reservat
810 611 842 676 in
868 611 981 677 eadem
998 612 1139 678 ecclesia
1155 610 1346 696 dignitatem
1363 610 1413 678 vel
1430 619 1640 698 personatum

300 735 357 783 seu
380 716 517 784 officium
541 737 613 783 oum
637 738 715 783 cura
744 718 794 784 vel
826 719 895 783 sine
929 739 1016 800 cura,
1047 740 1110 783 non
1134 718 1283 784 obstante
1307 719 1392 802 quod
1417 722 1448 784 in
1473 720 1585 785 eadem
1602 722 1638 787 S.

302 824 473 909 Symeonis
505 830 537 891 et
560 822 593 889 S.
618 826 744 890 Paulini
769 825 900 891 Trever.
926 846 965 891 11
988 826 1175 891 Monasterii
1198 826 1382 911 Meynevelt
1414 826 1562 893 ecclesiis
1585 848 1640 893 ca·

300 932 469 998 nonicatus
502 937 534 996 et
568 930 748 1017 prebendas
776 951 901 998 necnon
929 932 1163 1017 parrochialem
1188 934 1357 1000 eeclesiam
1384 935 1417 997 in
1440 933 1575 999 Buliche
1598 955 1639 999 ac

300 1039 513 1125 capellaniam
546 1039 683 1106 ecclesie
713 1040 745 1104 in
771 1039 962 1107 Bussofsten
979 1042 1013 1121 (l)
1045 1041 1113 1107 sine
1137 1060 1215 1105 cura
1238 1041 1369 1106 Trever.
1394 1039 1478 1110 dioc.
1503 1042 1637 1106 obtinet.

302 1146 425 1211 Tamen
449 1144 641 1229 dignitatem
662 1145 714 1212 rel
737 1152 943 1232 personatum
967 1166 1025 1212 seu
1048 1145 1190 1212 officium
1214 1154 1379 1214 assecutus
1403 1146 1546 1214 dimittat
1569 1167 1634 1233 pre·

302 1250 423 1317 dictam
446 1252 681 1337 parrochialem
705 1253 885 1319 ecclesiam.

410 1359 484 1425 Vite
512 1358 675 1425 mundicia
704 1380 827 1425 morum
853 1408 861 1425 .
888 1410 894 1423 .
921 1408 929 1424 .
977 1361 1053 1425 Dat.
1078 1360 1174 1425 Avin.
1199 1361 1231 1425 ll
1255 1359 1328 1427 idus
1351 1361 1505 1427 februarii
1529 1383 1559 1428 1.
1583 1382 1638 1427 un-

303 1464 438 1535 decimo.

408 1574 446 1638 In
470 1593 497 1639 e.
522 1594 564 1638 m.
589 1574 623 1639 S.
647 1573 769 1640 Mathia
794 1580 826 1639 et
849 1573 883 1640 S.
908 1574 1036 1639 Martini
1062 1580 1154 1639 extra
1187 1595 1294 1640 muros
1317 1575 1449 1640 Trever.
1479 1580 1637 1641 monaste-

302 1679 419 1747 riorum
444 1680 616 1747 abbatibus
640 1700 679 1747 ae
702 1679 839 1746 Iohanni
863 1679 905 1747 de
928 1680 1099 1767 Lescapon
1123 1680 1353 1748 archidiacono
1377 1680 1587 1749 Nannetensi.

461 1822 699 1895 1111111111
716 1839 763 1879 rar.
783 1824 828 1877 68.

410 2135 525 2203 1145.
554 2139 640 2203 1327
662 2139 816 2204 Febrem·
842 2136 1084 2224 1111119111.

410 2279 570 2346 Iohannes
594 2280 692 2346 XXII
725 2279 860 2347 Iohanni
894 2279 1055 2363 quondam
1079 2280 1242 2366 Rodulphi
1278 2279 1319 2345 de
1343 2279 1491 2346 Cardono
1519 2279 1637 2346 clerico

303 2386 496 2453 Treverensi
524 2394 669 2454 reservat
697 2386 888 2453 beneficium
918 2387 1172 2453 ecclesiasticum
1197 2407 1269 2453 cum
1293 2407 1370 2452 cura
1393 2387 1444 2453 vel
1468 2386 1537 2453 sine
1560 2407 1637 2453 eura

304 2493 347 2560 ad
379 2492 622 2578 dispositionem
657 2494 800 2580 episcopi
824 2493 1025 2561 Brixinensis
1053 2492 1086 2558 in
1115 2494 1255 2559 ecelesia
1278 2494 1410 2559 civitate
1433 2512 1489 2558 seu
1513 2493 1636 2560 diocesi

304 2600 486 2667 Brixinensi
509 2608 671 2686 spectans,
704 2603 795 2668 euius
819 2600 975 2685 redditus,
1008 2602 1035 2667 si
1059 2601 1102 2668 sit
1125 2607 1280 2685 curatum,
1304 2602 1484 2685 sexaginta,
1508 2601 1535 2667 si
1559 2622 1636 2667 vero

303 2709 372 2775 sine
404 2728 481 2774 cura
513 2708 621 2792 fuerit,
639 2694 640 2699 ¹
656 2709 789 2792 triginta
822 2708 973 2774 librarum
1007 2709 1224 2773 turonensium
1257 2728 1428 2793 parvorum
1460 2706 1634 2774 secundnm

303 2816 501 2881 taxationem
526 2814 650 2881 decime
673 2815 813 2882 valorem
838 2836 978 2881 annuum
1000 2836 1064 2881 non
1090 2814 1260 2881 excedant.

411 2922 575 2988 Attributa
598 2923 657 2989 tibi
680 2922 861 2989 merita...
889 2923 965 2988 Dat.
979 2923 1075 2987 Avin.
1093 2922 1173 2989 XVI
1197 2922 1240 2987 kl.
1265 2922 1377 2988 marcii
1401 2943 1431 2988 1.
1455 2921 1635 2988 undecimo.

411 3030 458 3094 In.
484 3049 511 3094 e.
536 3050 577 3094 m.
611 3030 763 3115 episcopo
787 3029 977 3095 Tridentino
1006 3037 1039 3095 et
1068 3029 1192 3095 decano
1217 3028 1363 3096 Trident.
1389 3050 1429 3096 ac
1452 3030 1637 3096 Hermanno

304 3134 345 3203 de
368 3136 502 3204 Boemia
524 3136 723 3204 thesaurario
747 3138 919 3222 Progensis
942 3138 1159 3204 ecelesiarum.

462 3262 535 3333 Rep.
554 3264 592 3315 83
610 3261 635 3331 f.
655 3260 703 3314 ὅθ’
721 3277 769 3315 rar.
789 3262 871 3317 1137.

411 3557 526 3625 114o.
553 3560 638 3624 1327
662 3560 816 3626 Februar
842 3560 894 3624 17.
919 3556 1085 3644 Avipaoa.

411 3700 578 3767 Iohannes
606 3702 717 3767 XXII
749 3702 1010 3768 reservationem
1040 3702 1218 3787 fructuum
1247 3702 1355 3787 primi
1379 3701 1462 3768 1111
1485 3700 1637 3766 contendit

303 3830 407 3895 usqae
430 3810 477 3875 od
499 3830 605 3875 uuam
629 3829 757 3875 annum
781 3830 802 3874 a
828 3810 882 3875 oo
906 3810 961 3873 20.
985 3809 1108 3874 mensio
1134 3810 1306 3895 februarii
1332 3829 1364 3873 a.
1391 3809 1476 3873 1327
1505 3828 1636 3893 compte

304 3917 456 3983 tandem.

412 4039 581 4126 [Iohannes
605 4038 714 4126 XXII]
741 4038 794 4105 Ad
818 4040 957 4106 11111111
980 4041 1027 4106 111
1050 4041 1245 4106 memoriam.

411 4146 540 4213 Dudum
572 4147 805 4233 multiplicibus
837 4168 968 4214 onemm
1000 4148 1256 4230 necessitatibus,
1289 4147 1403 4230 quibus
1432 4151 1637 4212 ...nostra

305 4273 434 4322 camera
456 4255 653 4337 gravabatur
678 4303 739 4320 ...
764 4256 959 4341 pensatis..
978 4254 1124 4321 .lruetus
1147 4252 1293 4320 redditus
1316 4260 1350 4319 et
1371 4259 1545 4338 proventus
1569 4272 1636 4318 om·

304 4362 391 4427 nium
422 4366 453 4426 et
481 4361 677 4445 singulorum
710 4361 937 4428 beneficiorum
970 4361 1260 4429 ecclesiasticorum
1295 4380 1366 4425 oum
1390 4380 1468 4425 eura
1491 4359 1543 4425 vel
1566 4358 1636 4425 sine

305 4488 392 4552 eura,
427 4467 524 4533 etiam
560 4465 775 4553 dignitatuum
808 4474 1034 4554 personatuum
1067 4473 1101 4533 et
1123 4467 1302 4534 officiorum
1326 4466 1549 4550 quorumlibet,
1582 4485 1635 4531 ex·

305 4582 482 4662 emptorum
506 4580 539 4641 et
562 4594 626 4641 non
653 4580 882 4662 exemptorum,
916 4581 993 4640 tuno
1025 4573 1110 4660 opud
1140 4573 1250 4640 sedem
1278 4572 1488 4660 apostolicam
1518 4591 1636 4638 vacan-

305 4684 383 4751 tium
407 4703 465 4770 pro
498 4688 566 4749 1111
598 4688 742 4770 tempore
765 4682 945 4750 vacationis
973 4682 1112 4768 ipsorum
1141 4688 1174 4748 et
1196 4679 1421 4747 nichilominus
1443 4680 1536 4745 unius
1558 4678 1635 4744 anni

305 4798 371 4865 tam
395 4791 520 4858 illorum
543 4810 638 4879 qnam
662 4791 795 4858 aliorum
819 4809 1099 4873 quorumcumque,
1125 4808 1307 4873 quousque
1331 4786 1373 4856 ad
1396 4807 1493 4853 unum
1517 4804 1635 4853 annum
