3642 5509
752 485 822 543 1328
840 485 977 544 Februar
996 486 1038 544 13.
1507 485 1558 542 rol
1665 464 1668 468 ¹

226 664 351 733 comitis
375 664 538 733 Gelrcnsis
561 665 718 751 indulget,
742 674 777 732 ut
802 668 965 734 clausuras
988 668 1252 734 monasteriorum
1277 676 1336 733 etc.
1360 676 1399 734 ut
1423 669 1460 733 io
1477 688 1557 753 pre·

224 774 363 840 cedenti.

332 882 465 948 Moritur
488 889 543 949 tue
566 881 747 951 devotionis
764 932 771 949 ·
791 933 798 949 ·
817 934 825 949 ·
845 884 922 950 Dat.
940 884 1034 950 Avim
1051 882 1123 950 idus
1138 882 1291 949 februarii
1307 904 1337 948 a.
1354 882 1555 949 duodecimo.

373 1005 447 1077 ch.
466 1008 505 1061 87
522 1006 547 1076 f.
567 1005 635 1061 3121
652 1022 701 1062 nr.
715 1006 800 1062 2310.

331 1300 453 1366 142⁰.
480 1301 568 1366 1328
590 1301 744 1365 Feltruor
769 1303 821 1365 13.
855 1297 1022 1387 Avipoou.

330 1443 490 1509 Iohannes
513 1443 613 1509 XXII
643 1444 794 1528 Raynoro
818 1443 859 1509 de
884 1443 1092 1527 Westerburg
1115 1443 1238 1510 confert
1263 1442 1341 1511 cccl.
1368 1443 1555 1529 Maguntine

223 1550 447 1616 canonicatum
480 1557 513 1616 et
545 1550 740 1636 prebendam
774 1557 808 1616 ot
839 1551 1074 1635 preposituram
1107 1552 1175 1617 sive
1213 1571 1322 1617 curam
1351 1552 1384 1617 in
1417 1553 1556 1619 llucstat

222 1658 368 1742 Magnnt.
393 1657 476 1723 dioc.
508 1665 693 1723 consuetum
721 1656 864 1723 eiusdem
888 1658 1076 1740 Maguntine
1105 1658 1240 1723 ecclesie
1271 1660 1434 1725 canonicis
1457 1661 1557 1745 assig-

222 1766 303 1847 nari,
336 1770 491 1830 vacantes
521 1784 580 1850 per
611 1765 861 1848 resignationem
893 1763 1030 1830 Gerardi
1063 1763 1105 1830 de
1135 1764 1345 1849 Kompenich,
1382 1767 1435 1848 qui
1467 1766 1556 1852 apud

221 1871 332 1938 sedem
356 1871 566 1956 apostolicam
590 1872 622 1936 in
649 1870 797 1937 manibus
820 1871 955 1937 Arnaldi
980 1870 1014 1937 S.
1038 1871 1204 1937 Eustachii
1229 1871 1357 1938 diaconi
1382 1873 1556 1941 cardinalis

222 1980 410 2063 resignavit,
443 1998 506 2045 non
537 1978 684 2044 obstante
715 1977 800 2061 quod
824 1978 994 2063 Rayncrus
1021 1978 1054 2044 in
1083 1977 1274 2061 Coloniensi,
1308 1978 1500 2047 Treverensi
1524 1986 1557 2046 et

223 2087 386 2152 Bonnensi
409 2086 520 2151 Oolon.
548 2084 633 2151 dioc.
664 2086 872 2152 canonicatus
900 2092 933 2151 et
961 2084 1141 2170 prebendas
1165 2089 1197 2151 et
1221 2086 1253 2150 in
1277 2086 1479 2153 'traiectensi
1503 2108 1555 2154 ca·

221 2193 405 2259 nonicatum
437 2194 496 2258 sub
525 2194 751 2278 expectatione
778 2191 943 2278 prebende
966 2192 1090 2258 obtinet
1113 2200 1146 2258 et
1168 2194 1201 2257 in
1225 2190 1339 2258 eadem
1363 2193 1554 2262 Trevcrensi

222 2302 301 2368 eccl.
325 2300 516 2385 dignitatem
540 2300 591 2367 vel
621 2306 826 2384 personatum
856 2319 913 2365 seu
941 2299 1082 2366 officium
1111 2319 1183 2365 oum
1212 2318 1288 2365 cura
1311 2300 1363 2365 vel
1386 2302 1455 2366 sine
1478 2321 1555 2368 cura

221 2407 415 2475 anctoritate
438 2407 615 2473 litterarum
639 2406 887 2492 apostolicarum
911 2414 1073 2493 expectat.
1106 2407 1182 2472 Vult
1205 2413 1313 2472 autern
1337 2428 1433 2493 papa,
1458 2407 1553 2491 quod,

221 2521 391 2601 postquam
407 2515 521 2599 vigore
544 2516 703 2599 presentis
726 2516 830 2599 gratie
853 2513 988 2580 eandem
1012 2513 1247 2599 preposituram
1271 2513 1366 2580 fuerit
1389 2522 1555 2581 assecutus

222 2621 368 2708 pacifice,
393 2620 538 2707 predicte
560 2620 668 2686 littere
691 2620 733 2687 de
757 2621 918 2705 dignitate
942 2629 998 2687 etc.
1023 2623 1087 2687 sint
1111 2640 1204 2688 cassa
1226 2626 1259 2686 et
1283 2620 1383 2686 irrita.

328 2727 380 2794 Ad
404 2728 528 2793 illorum
552 2728 767 2813 provisionem
793 2777 800 2794 .
828 2777 868 2794 ..
917 2730 993 2794 Dat.
1016 2728 1108 2793 Avin.
1137 2727 1210 2794 idus
1238 2727 1392 2793 februarii
1419 2750 1448 2795 a.
1478 2728 1553 2796 duo·

221 2835 356 2905 decimo.

329 2945 366 3009 ln
390 2963 418 3010 e.
444 2966 485 3009 m.
522 2944 735 3030 Sybcrgensis
765 2952 797 3011 et
825 2944 1006 3012 Tuicicnsis
1033 2946 1143 3013 (tolon.
1174 2945 1258 3012 dioc.
1288 2948 1551 3013 monasteriorum

220 3050 393 3118 abbatibus
415 3072 455 3118 ac
478 3053 642 3139 preposito
665 3052 745 3119 eccl.
771 3052 881 3119 Golon.

382 3182 454 3253 Κεφ.
473 3185 512 3238 88
527 3182 552 3253 f.
572 3182 618 3237 911
636 3199 685 3238 nr.
706 3185 790 3239 3241.

329 3470 453 3540 1480.
483 3472 570 3540 1328
594 3473 749 3541 Februar
775 3478 824 3541 13.
839 3474 1006 3563 Aviprtoo.

328 3617 489 3683 Iohannes
521 3618 620 3683 XXII
657 3618 777 3684 Hillino
810 3618 852 3685 de
884 3620 1022 3686 lamerlo
1056 3618 1211 3686 canonico
1244 3617 1322 3686 eccl.
1356 3618 1551 3687 Xanctensis

221 3722 331 3791 (loton.
365 3723 449 3790 dioc.
482 3732 627 3791 reservat
658 3727 915 3812 supplementum
943 3748 1001 3793 seu
1029 3727 1195 3810 ferculum,
1230 3728 1256 3793 si
1282 3726 1367 3811 quod
1391 3734 1487 3794 vocat
1511 3727 1553 3793 ad

220 3852 353 3918 presens
375 3833 426 3897 vel
460 3852 531 3898 cum
557 3835 722 3900 vacaverit
745 3835 778 3900 in
802 3835 881 3901 eccl.
906 3835 1096 3919 xanctensi,
1129 3855 1192 3900 non
1226 3835 1374 3901 obstante
1404 3834 1490 3919 quod
1520 3836 1553 3900 in

220 3938 310 4004 dicta
333 3939 412 4005 eccl.
436 3937 633 4025 prebendam
651 3947 690 4007 ‘et
715 3941 901 4007 beneficium
932 3941 1185 4009 ecclesiasticum
1215 3961 1286 4006 cunr
1310 3961 1387 4007 cura
1410 3942 1462 4007 vcl
1484 3943 1554 4008 sine

220 4064 299 4111 cura
320 4044 363 4110 ad
387 4044 631 4131 dispositionem
666 4048 820 4134 prepositi
854 4048 969 4114 decani
993 4055 1025 4113 et
1053 4047 1186 4134 capituli
1211 4048 1289 4114 eccl.
1314 4048 1348 4115 S.
1373 4048 1553 4115 Salvatoris

220 4154 439 4219 traiectensis
471 4162 622 4239 spectans
655 4156 864 4221 communiter
902 4156 955 4221 vel
987 4154 1115 4221 divisim
1147 4156 1338 4221 anctoritate
1370 4155 1553 4241 apostolica

219 4264 381 4345 expectat.

327 4366 377 4432 Ad
406 4366 531 4432 illomm
560 4368 808 4454 provisionem.
835 4416 842 4435 .
868 4419 875 4435 .
923 4370 999 4436 Dat.
1023 4368 1118 4437 Avin.
1142 4368 1215 4435 idus
1242 4368 1395 4435 februarii
1418 4390 1449 4435 a.
1474 4367 1550 4436 duo

218 4473 357 4541 decimo.

326 4582 363 4647 In
387 4600 416 4647 e.
437 4603 478 4647 m.
503 4582 748 4649 Daventricnsis
775 4590 808 4649 et
831 4582 1049 4651 Embricensis
1072 4582 1213 4650 Traiect.
1242 4582 1327 4650 dioc.
1357 4583 1490 4651 decanis
1513 4604 1553 4653 ac

217 4689 391 4757 scolastico
414 4688 576 4757 Tullensis
599 4691 818 4758 ecclesiarum.

379 4861 452 4934 ch.
470 4862 509 4916 87
525 4860 550 4932 f.
570 4860 635 4917 ηδ’
652 4878 701 4919 aa.
720 4862 805 4919 2330.
