3642 5509
758 474 829 532 1329
848 474 979 532 October
997 473 1039 530 26.

344 658 466 726 1795.
504 660 590 723 1329
614 658 754 724 October
777 659 831 723 26.
856 655 1020 744 Avipnoo.

346 802 506 870 Iohannes
519 802 618 867 XXII
642 800 778 868 Iohanni
795 799 836 866 de
851 801 994 868 Histvelt
1015 800 1138 867 decano
1156 799 1235 867 coel.
1252 799 1447 866 Xanctensis
1463 799 1573 865 Coton.

242 910 325 978 dioc.
358 909 514 996 indulget,
550 917 585 976 ut
616 908 788 976 residendo
820 910 854 974 in
886 909 995 992 aliqua
1028 910 1235 976 scelestarum
1268 929 1325 975 scu
1353 908 1506 989 Iocorum,
1541 908 1575 972 in

241 1019 357 1103 quibus
370 1017 581 1085 beneficiatus
605 1018 725 1102 existit,
750 1019 874 1083 tructus
899 1016 1074 1083 decanatus
1097 1017 1145 1083 sui
1162 1017 1357 1082 Xanctensis
1379 1023 1411 1081 et
1435 1015 1573 1081 omnium

241 1128 375 1194 aliorum
406 1145 534 1193 suorum
568 1124 793 1191 beneficiorum
826 1125 1128 1207 ecclesiasticorum,
1162 1142 1224 1208 que
1257 1145 1341 1190 nunc
1369 1125 1492 1190 obtinet
1521 1123 1574 1189 vel

242 1256 314 1302 eum
337 1235 481 1301 obtinere
505 1234 677 1317 contigerit
700 1233 733 1297 in
756 1233 907 1309 futurum,
936 1233 1071 1316 integre,
1102 1231 1272 1298 cotidianis
1296 1231 1574 1298 distributionibus

242 1343 411 1410 dumtaxat
434 1340 590 1425 exceptis,
613 1362 714 1424 usquc
738 1339 780 1406 ad
804 1341 975 1406 trIennium
999 1341 1165 1425 percipere
1189 1339 1306 1406 valcat.

348 1450 400 1517 Ad
423 1471 592 1537 personam
617 1455 704 1515 tuam
723 1498 731 1514 .
749 1496 783 1514 ..
830 1449 905 1514 Dat.
923 1447 1018 1514 Avin.
1042 1448 1104 1514 VII
1127 1446 1172 1512 kl.
1196 1447 1378 1513 novembris
1402 1467 1431 1512 a.
1449 1451 1575 1529 quarto·

242 1559 378 1626 decimo.

348 1668 387 1732 In
410 1686 439 1732 c.
463 1687 504 1732 m.
535 1665 646 1731 abbati
669 1663 854 1729 monasterii
879 1661 1067 1748 Campensis
1091 1662 1201 1728 Coton.
1228 1660 1311 1727 dioc.
1337 1668 1370 1727 et
1393 1660 1517 1727 decano
1541 1660 1574 1727 S.

243 1774 375 1858 Georgii
391 1773 501 1840 Coton.
526 1793 566 1839 ac
589 1773 743 1857 magIstro
766 1772 886 1837 Iacobo
911 1769 952 1835 de
972 1769 1095 1836 Mutina
1118 1769 1288 1836 scolastico
1313 1768 1472 1837 'tullensis
1496 1769 1574 1835 eccl.

243 1882 410 1969 capellano
434 1881 554 1967 papali.

395 2009 469 2079 Rep.
488 2007 527 2061 94
545 2021 593 2062 nr.
612 2008 680 2062 330.

350 2247 472 2313 1796.
503 2249 590 2312 1329
613 2248 754 2313 October
776 2250 829 2311 26.
854 2244 1019 2332 deipnos.

350 2390 509 2456 Iohannes
535 2390 635 2454 XXII
668 2389 803 2455 Iohanni
828 2396 904 2455 nato
929 2387 1062 2455 Arnoldi
1087 2387 1166 2453 dicti
1191 2387 1347 2472 Hagdorn
1370 2387 1479 2454 militis
1503 2408 1575 2454 con-

242 2498 306 2563 fert
338 2497 417 2563 cccl.
452 2497 649 2563 XanctensIs
674 2497 784 2565 Coton.
810 2496 894 2562 dioc.
930 2499 1164 2580 canonIoatum,
1197 2495 1394 2582 prebendam
1428 2516 1504 2562 vero
1538 2517 1576 2560 ao

244 2606 499 2691 supplementum
529 2624 586 2670 seu
617 2604 773 2669 torculum
802 2609 986 2670 consuetum
1013 2604 1176 2670 canonicIs
1199 2602 1341 2670 eiusdem
1366 2603 1502 2670 ecclesie
1526 2623 1574 2669 as·

244 2712 366 2797 signari
390 2711 494 2778 eidem
517 2717 669 2777 reservat.

350 2819 526 2885 Probitatis
550 2824 603 2884 tue
626 2820 816 2884 merita...
863 2818 938 2884 Dat.
956 2819 1051 2884 Avin.
1078 2818 1139 2883 VII
1164 2819 1208 2884 kl.
1233 2818 1415 2884 novembris
1438 2839 1465 2882 a.
1485 2837 1576 2901 quar-

245 2926 415 2993 todecimo.

351 3035 388 3098 In
413 3053 442 3099 e.
466 3054 508 3099 m.
540 3033 649 3099 Albati
674 3034 859 3100 monasterii
883 3033 1071 3119 Campensis
1095 3034 1204 3101 Coton.
1229 3032 1311 3098 dioc.
1338 3038 1371 3098 et
1394 3032 1518 3098 decano
1542 3032 1575 3098 S.

246 3140 377 3225 Georgii
400 3141 510 3207 Coton.
535 3162 573 3206 ac
598 3139 753 3225 magistro
778 3141 897 3207 Iacobo
922 3140 962 3206 de
979 3141 1102 3208 Mutius
1124 3140 1296 3207 scolastico
1313 3139 1473 3206 Tutlcnsis
1497 3139 1575 3206 cccl.

245 3248 414 3333 capellano
437 3248 557 3333 papali.

393 3382 466 3452 Reg.
487 3381 526 3435 95
545 3396 593 3435 nr.
612 3383 677 3435 443.

350 3650 470 3717 1797.
501 3654 588 3717 1329
611 3654 752 3719 October
774 3656 828 3718 26.
857 3653 1022 3741 Aoipaon.

353 3793 524 3878 [Iohannes
558 3795 670 3880 XXII]
712 3795 902 3862 Everbardo
938 3795 1026 3862 dIcto
1059 3795 1216 3879 Hagdorn
1252 3797 1406 3861 canonico
1442 3794 1579 3861 ecclesie

245 3901 442 3968 Xanctensis
465 3902 575 3968 colon.
600 3901 684 3969 dioc.

352 4009 527 4076 Personam
551 4015 639 4074 tuam
663 4009 749 4095 apud
773 4031 831 4077 nos
849 4061 856 4075 .
875 4060 909 4076 ..
934 4011 1020 4076 Sane
1044 4009 1165 4075 dudum
1183 4010 1328 4077 volentes
1352 4009 1486 4076 eandem
1510 4029 1579 4094 per·

245 4136 357 4182 sonam
380 4122 468 4182 tuam
492 4117 526 4180 iu
555 4117 692 4183 ecclesia
715 4119 895 4184 Xauctensi
927 4117 1038 4183 Coton.
1069 4116 1164 4200 dioc,
1199 4117 1288 4182 cuius
1312 4119 1474 4184 existebas
1497 4117 1580 4184 sicut

245 4222 353 4289 adbuc
377 4224 488 4290 exIstIs
512 4226 695 4308 canonicus,
725 4225 862 4309 amplius
887 4225 1053 4307 honorare,
1083 4224 1275 4309 dignitatem
1300 4224 1351 4291 vel
1375 4231 1579 4310 personatum

245 4351 300 4397 scu
326 4330 464 4396 officium
489 4350 560 4397 cum
585 4351 662 4397 cura
684 4332 737 4397 vel
760 4333 829 4398 sinc
854 4353 931 4398 cura
1043 4333 1075 4398 in
1099 4331 1188 4398 dicta
1211 4331 1502 4404 ecclesia...tibi
1520 4379 1528 4396 .
1547 4379 1580 4396 ..

246 4438 556 4504 reservavimus...
591 4438 708 4504 Verum
737 4440 821 4506 sicut
848 4440 963 4524 petitio
992 4445 1047 4506 tua
1071 4439 1164 4506 nobis
1187 4459 1290 4525 nuper
1313 4437 1458 4506 exhibito
1482 4439 1581 4505 conti·

245 4546 354 4629 nebat,
372 4592 379 4608 .
398 4593 407 4610 .
425 4596 432 4610 .
449 4545 648 4612 scolastriam
674 4544 818 4612 eiusdem
842 4546 979 4612 ecclesie
1003 4566 1061 4632 per
1084 4546 1206 4612 obitum
1231 4545 1390 4630 quondam
1415 4546 1580 4612 Frederici

246 4651 288 4719 de
311 4653 546 4739 Wemcmborg
563 4702 570 4719 .
589 4702 596 4719 .
615 4703 622 4719 .
640 4661 715 4721 tuno
739 4660 909 4720 vacantem
936 4705 943 4719 .
966 4702 974 4719 .
1000 4656 1177 4740 acceptasti
1202 4662 1235 4720 ct
1258 4655 1299 4720 dc
1324 4675 1363 4721 ea
1386 4675 1445 4740 per
1468 4673 1581 4721 enecu-

246 4767 345 4826 torem
371 4767 536 4827 tuum...
563 4761 622 4827 tibi
648 4810 709 4827 ...
735 4762 798 4828 fuit
821 4763 996 4847 provisum,
1021 4783 1041 4827 a
1064 4763 1179 4846 quibus
1203 4763 1428 4848 acceptatione
1452 4768 1485 4827 et
1509 4782 1580 4848 pro·

245 4869 369 4936 vidone
391 4889 449 4956 per
465 4868 547 4937 duos
570 4869 745 4938 canonicos
768 4870 870 4957 ipsius
893 4869 1032 4936 ecclesie
1056 4870 1117 4936 Iuit
1131 4919 1138 4936 .
1154 4869 1214 4937 .ad
1238 4869 1347 4937 sedem
1371 4869 1582 4956 apostolicam
