3642 5509
292 441 346 500 284
807 442 876 498 1329
894 441 1067 500 November
1085 440 1110 498 4.

293 623 481 692 beneficium
514 625 768 692 ecclesiasticum
793 645 865 691 cum
890 645 966 691 cura
990 623 1041 690 vel
1071 625 1140 691 sinc
1169 643 1256 708 cura,
1291 630 1475 689 consuetum
1507 623 1625 689 abolim

294 733 420 799 clericis
454 734 651 800 secularibus
685 733 859 818 assignari,
896 733 986 798 ouius
1020 731 1183 814 redditus,
1218 731 1246 798 si
1282 752 1352 797 cum
1389 751 1475 814 cura,
1511 732 1624 818 viginti

294 841 443 924 quinque,
477 841 603 907 sivero
632 842 701 907 sine
726 861 803 906 cura
827 840 934 923 inerit,
969 839 1151 923 quindecim
1177 839 1376 904 marcharum
1401 839 1526 923 argenti
1551 861 1576 906 s.
1602 845 1624 903 t.

294 948 325 1013 d.
350 948 491 1013 valorem
515 968 653 1013 anutium
677 969 740 1013 non
764 946 934 1030 excedant,
968 947 1009 1012 ad
1040 946 1281 1032 dispositionem
1310 947 1473 1012 abbatisse
1496 952 1528 1011 et
1552 967 1624 1012 con·

293 1061 407 1121 ventus
438 1056 621 1121 monasterii
651 1057 683 1120 in
710 1055 816 1120 Vililre
846 1054 914 1119 ord.
949 1055 982 1120 S.
1009 1053 1128 1119 Beued.
1153 1053 1264 1120 Goion.
1298 1053 1381 1120 dioc.
1418 1054 1626 1120 communiter

293 1162 345 1226 vel
369 1161 496 1228 divisim
520 1169 678 1247 spectans,
704 1163 800 1227 etiam
824 1162 850 1227 si
875 1161 974 1226 fucrit
997 1161 1202 1246 prebendale.

399 1270 574 1336 Probitatis
606 1278 661 1336 tue
693 1271 807 1335 merita
836 1318 843 1334 .
874 1319 881 1334 .
913 1318 919 1334 .
969 1269 1042 1334 Dat.
1067 1269 1162 1335 Avin.
1189 1268 1249 1334 VIl
1279 1267 1350 1336 idus
1383 1269 1565 1335 novembris
1595 1291 1624 1334 a.

294 1375 545 1459 quartodecimo.

400 1486 437 1549 In
462 1504 490 1550 e.
514 1506 556 1549 m.
585 1486 748 1570 preposito
772 1485 959 1552 Wcrdeusis
983 1485 1093 1550 Oolon.
1123 1485 1206 1551 dioc.
1231 1491 1263 1550 et
1287 1484 1409 1549 decano
1434 1484 1468 1550 S.
1493 1483 1625 1568 Georgii

294 1613 333 1657 ac
364 1592 519 1676 magistro
552 1594 671 1659 Iacobo
702 1592 743 1659 (le
767 1593 891 1658 llutina
924 1592 1093 1678 capellano
1127 1592 1236 1678 papali
1269 1591 1441 1658 scolastico
1465 1592 1626 1658 Tullensis

294 1699 511 1766 ecclesiarum.

447 1827 520 1897 Rep.
538 1827 578 1880 93
595 1841 645 1881 nr.
663 1826 732 1882 204.

401 2077 514 2142 18⁰1.
545 2079 631 2142 1329
654 2078 861 2143 Novemberr
886 2079 938 2142 14.
967 2079 1131 2164 Aniqnon.

397 2219 569 2304 [lohannes
595 2220 705 2305 XXII]
731 2220 864 2286 Iohanni
888 2221 959 2304 regi
983 2221 1113 2286 Boemie
1135 2221 1260 2286 illustri.

400 2327 502 2410 Regie
531 2327 732 2392 celsitudinis
759 2328 883 2393 litteras
912 2327 1004 2393 nobis
1031 2347 1089 2412 per
1118 2377 1124 2392 .
1156 2377 1162 2391 .
1192 2327 1393 2393 Guillelmunr
1425 2327 1572 2394 Pincboti
1591 2329 1625 2408 (l)

294 2432 553 2499 archidiaconum
576 2434 808 2500 Abrincenscm
836 2436 959 2518 regium
988 2435 1138 2499 nuncium
1168 2440 1369 2519 presentatus
1386 2483 1420 2499 ..
1445 2435 1626 2520 recepinius

381 2546 414 2606 et
446 2560 508 2623 que
541 2540 647 2606 dictus
674 2543 808 2608 nuncius
838 2542 930 2606 nobis
959 2543 1045 2607 circa
1078 2542 1139 2606 bec
1172 2542 1296 2606 curavit
1329 2561 1499 2625 exponere,
1533 2540 1624 2605 intol-

293 2647 429 2713 leximus
459 2647 639 2732 diligenter.
688 2647 757 2726 Quo
785 2648 906 2713 utinam
938 2649 1016 2714 talia
1046 2655 1162 2731 essent,
1196 2648 1242 2712 fili
1272 2648 1447 2730 carissime,
1481 2667 1542 2731 que
1567 2667 1624 2712 uos

293 2773 459 2838 possemus
490 2754 665 2820 secundani
698 2755 792 2821 deum
826 2763 859 2821 et
891 2755 1070 2841 apostolice
1103 2754 1189 2821 sedis
1222 2754 1403 2820 decentiam
1428 2754 1470 2820 ad
1494 2752 1625 2820 exaaudi·

293 2861 390 2927 tionis
412 2863 551 2945 gratiam
575 2862 753 2947 admisisse,
786 2883 882 2947 super
911 2864 1027 2947 quibus
1055 2883 1113 2928 nos
1141 2863 1251 2948 procul
1280 2861 1378 2927 (lubio
1402 2862 1521 2946 regalis
1543 2881 1625 2928 sere

293 2968 378 3032 nitas
411 2969 572 3054 propicius
604 2971 752 3054 reperiet.
799 2970 864 3035 Sed
895 2970 972 3053 quia
1001 2971 1079 3036 talia
1102 2971 1170 3036 siue
1194 2970 1326 3034 fratrum
1351 2976 1528 3036 nostrorum
1553 2989 1625 3034 con-

293 3094 388 3141 sensu
413 3076 557 3160 expediri
581 3097 645 3141 non
669 3077 787 3143 debent
815 3097 875 3142 nec
899 3079 941 3142 ab
966 3078 1045 3162 ipsis
1069 3097 1255 3143 consensum
1282 3077 1472 3160 huiusmodi,
1496 3096 1568 3143 cum
1592 3074 1625 3140 in

294 3182 366 3248 aliis
394 3184 485 3265 quasi
516 3183 683 3265 similibus,
717 3185 794 3249 licet
823 3185 920 3249 ctiam
953 3185 1047 3270 longe
1071 3186 1175 3268 magis
1199 3185 1315 3250 rationi
1340 3191 1372 3250 et
1396 3184 1530 3267 equitati
1553 3203 1624 3267 pro·

293 3290 431 3374 pinquis,
461 3290 542 3356 alias
564 3292 801 3374 nequiverimus
825 3292 979 3374 obtinere,
1010 3292 1129 3357 babeat
1152 3312 1212 3358 nos
1235 3311 1330 3376 super
1354 3291 1416 3356 biis
1439 3291 1530 3374 regia
1553 3309 1624 3374 pro·

292 3396 448 3480 videntia,
483 3418 663 3481 quesumus,
699 3406 879 3464 excusatos.
936 3400 1011 3464 Dat.
1045 3399 1139 3465 Avia.
1175 3399 1288 3464 XVlll
1311 3398 1356 3464 kl.
1386 3398 1564 3464 decembris
1593 3417 1623 3461 a.

294 3503 544 3585 quartodecimo.

455 3628 527 3698 Rep.
546 3630 599 3682 115
617 3642 666 3696 pa.
686 3629 722 3681 11
735 3629 760 3698 f.
781 3631 837 3683 160
856 3646 903 3684 nr.
926 3632 1019 3698 1902ss
1037 3632 1088 3685 Rz.
1109 3630 1194 3684 1225.

402 3899 521 3965 1802.
547 3903 633 3965 1329
657 3903 843 3967 November
866 3905 920 3967 21.
946 3901 1140 3988 (Auiqnon.)

403 4042 570 4108 Iohannes
595 4045 704 4108 XXII
724 4046 832 4108 tribus
861 4047 1095 4110 enecatorum
1118 4047 1271 4119 mrinclnt,
1302 4047 1462 4130 quatinus
1487 4047 1626 4130 illaqua-

294 4150 440 4214 tinenaea
467 4152 553 4214 cinea
580 4153 755 4217 absolvunt
780 4154 821 4216 ab
847 4154 1231 4218 encommnnicntionnnn
1254 4155 1437 4234 sententiis,
1469 4174 1552 4236 qnae
1576 4153 1625 4216 in·

294 4265 474 4322 concernunt
507 4259 556 4323 uel
589 4261 764 4324 irecurreni
788 4260 949 4325 uiolenter
981 4281 1102 4324 nrunna
1134 4261 1320 4326 inlicientes
1350 4262 1385 4324 in
1409 4261 1546 4325 clericos
1569 4259 1626 4324 nd·

294 4364 445 4429 berenice
468 4365 665 4431 Baldewino
699 4369 948 4452 archiepiscopo
979 4369 1183 4458 lbeuerenai,
1216 4369 1274 4452 qui
1306 4369 1429 4433 iniuste
1462 4389 1626 4453 occupare

294 4471 416 4535 nititur
440 4472 611 4538 ecclesium
634 4476 880 4560 annntinum.

402 4612 571 4696 [lohannes
598 4615 707 4702 XXII]
743 4615 865 4683 decano
899 4617 932 4682 S.
963 4618 1101 4702 Gingolli
1135 4624 1167 4684 et
1199 4617 1369 4684 scolastico
1403 4619 1436 4684 S.
1466 4619 1554 4685 Petri
1586 4639 1626 4686 ao

295 4719 419 4786 cantori
442 4721 477 4786 S.
502 4722 653 4788 lobannis
676 4724 883 4790 ecclesiarum
908 4725 1177 4808 blaguntinarum.

403 4828 591 4897 Devotionis
626 4837 659 4896 et
693 4831 768 4898 fidei
804 4834 927 4917 puritas
957 4881 963 4898 .
994 4881 1001 4898 .
1031 4883 1038 4898 .
1086 4833 1172 4899 Sane
1203 4884 1208 4898 .
1237 4885 1243 4899 .
1270 4882 1277 4899 .
1307 4835 1474 4902 camerarii
1498 4837 1625 4902 sculteti
