3642 5509
754 456 825 511 1332
842 451 962 511 «Ianuar
980 455 1023 512 27.
1508 457 1561 513 429

227 635 378 702 lobannis
401 636 442 703 de
465 636 635 704 Nassowia
658 635 744 702 sedis
767 637 937 722 apostolici
962 636 1132 723 capellani,
1157 637 1212 720 qni
1237 637 1355 703 dudum
1381 646 1473 705 extra
1496 639 1560 704 Ro-

226 763 353 809 marram
377 743 499 809 curiam
523 742 608 809 diem
634 743 749 809 clausit
773 749 960 826 extremum,
992 764 1055 811 non
1079 745 1227 810 obstante
1251 744 1336 828 quod
1360 746 1392 809 in
1417 745 1560 829 Spirensi

228 852 452 917 canonicatum
480 858 514 916 et
541 849 738 936 prebendam
762 858 795 916 et
825 850 987 934 quoddam
1020 851 1155 936 simplex
1190 860 1379 937 perpetuum
1412 853 1560 936 officium,

226 959 436 1042 provisoriam
468 959 603 1024 fratrum
638 958 761 1025 sedium
795 960 874 1024 inibi
898 959 1075 1044 vulgariter
1107 965 1335 1044 nuncupatum,
1364 968 1396 1026 et
1425 961 1457 1026 in
1485 961 1560 1025 Met.

227 1064 305 1130 cccl.
340 1065 564 1131 canonicatum
596 1067 655 1132 sub
688 1067 915 1151 expectatione
948 1067 1110 1152 prebende
1142 1088 1182 1133 aa
1215 1067 1384 1153 dignitatis
1412 1068 1464 1134 vcl
1493 1089 1561 1153 pcr-

226 1179 358 1238 sonatus
385 1192 441 1238 seu
471 1172 568 1238 officii
597 1194 669 1239 cam
697 1194 774 1240 cura
798 1174 850 1239 vel
873 1175 943 1240 aine
967 1195 1053 1257 cura,
1078 1174 1250 1240 dnmmodo
1275 1177 1375 1240 maior
1399 1184 1472 1260 post
1496 1178 1561 1262 epi-

227 1279 389 1364 scopalem
413 1279 594 1345 huiusmodi
618 1279 762 1365 dignitas
784 1301 847 1347 non
871 1282 1001 1366 existat,
1026 1283 1159 1348 obtinet.

333 1388 493 1454 Nobilitas
516 1389 654 1473 generis,
679 1408 800 1454 morum
825 1387 925 1455 decor
943 1437 950 1453 .
970 1437 1001 1454 ..
1048 1390 1124 1454 Dat.
1141 1391 1235 1456 Avin.
1253 1391 1315 1456 VII
1339 1390 1382 1454 kl.
1408 1389 1561 1457 februarii

228 1514 258 1558 a.
282 1494 513 1561 sextodecimo.

334 1603 372 1667 In
400 1623 427 1668 e.
456 1623 497 1667 m.
532 1602 643 1669 abbati
671 1602 855 1668 monasterii
890 1604 925 1670 S.
950 1604 1079 1670 Martini
1111 1610 1203 1670 extra
1233 1624 1339 1672 muros
1368 1605 1500 1672 Trever.
1530 1615 1563 1672 et

227 1707 352 1775 decano
375 1710 452 1776 Met.
476 1729 517 1775 ae
539 1709 710 1776 scolastico
735 1709 895 1777 Tullensis
919 1711 1136 1777 ecelesiarum.

389 1816 464 1886 Rep.
483 1817 542 1870 103
559 1831 609 1870 or.
629 1817 690 1870 161.

334 1994 465 2062 2086.
501 1999 588 2062 1332
611 1999 751 2062 Jaoaar
771 1999 825 2062 27.
851 1996 1017 2084 Aoipooo.

335 2141 504 2206 Iohannes
528 2141 639 2205 XXII
661 2142 821 2226 providet
848 2142 983 2208 ecclesie
1013 2140 1202 2209 Coloniensi
1231 2145 1272 2209 dc
1294 2166 1445 2230 persono
1476 2145 1562 2212 Wol-

227 2249 317 2314 romi
341 2249 395 2327 (de
418 2248 573 2326 luliaco).

334 2372 507 2456 [lohannes
534 2373 644 2458 XXII]
674 2373 836 2440 Walramo
861 2375 964 2442 electo
989 2374 1182 2442 Coloniensi.

335 2480 471 2546 Celestis
495 2479 706 2565 dispositione
730 2481 921 2549 consilii...
939 2482 1068 2548 Dudum
1091 2483 1249 2567 siquidem
1275 2485 1324 2550 bo.
1342 2505 1403 2551 me.
1421 2485 1561 2552 Henrico

228 2587 472 2674 archiepiscopo
497 2587 680 2653 Coloniensi
709 2589 857 2672 regimini
882 2589 1082 2657 Coloniensis
1111 2593 1249 2657 ecclesie
1278 2592 1470 2677 presidente,
1505 2615 1562 2659 nos

228 2696 395 2782 cupientes
418 2695 523 2761 eidem
548 2695 695 2777 ecclesie,
726 2716 797 2761 cum
825 2697 928 2781 ipsam
953 2697 1185 2780 quovismodo
1210 2719 1327 2765 vacare
1352 2700 1561 2784 contingeret,

227 2822 285 2890 per
316 2803 494 2889 apostolice
526 2801 615 2869 sedis
644 2802 880 2888 providentiam
908 2804 1019 2869 utilem
1046 2826 1086 2871 ac
1114 2805 1274 2890 ydoneam
1306 2806 1478 2873 secundnm
1508 2827 1563 2872 cor

227 2919 369 2977 nostrum
393 2909 557 2995 presidere
580 2929 760 2995 personam,
784 2913 1000 2996 provisionem
1023 2913 1124 2996 ipsius
1147 2915 1284 2980 ecclesie
1307 2912 1509 2998 dispositioni
1531 2921 1563 2979 ct

230 3016 424 3084 ordinationi
457 3023 566 3083 nostre
680 3037 719 3082 ea
751 3018 823 3084 vice
856 3017 1007 3084 duximus
1040 3020 1226 3103 specialiter
1257 3019 1562 3086 reservandam...

229 3123 438 3192 Postmodum
473 3144 549 3189 vero
584 3125 713 3210 prelata
749 3125 889 3190 ecclesia
923 3145 981 3210 per
1016 3127 1138 3192 obitum
1174 3127 1316 3193 ciusdem
1352 3128 1483 3193 Henrici
1502 3176 1510 3192 .
1529 3177 1562 3192 ..

228 3234 367 3320 pastoris
389 3232 504 3298 solatio
529 3230 698 3316 destituta,
731 3252 790 3298 nos
901 3239 975 3319 post
1005 3235 1218 3318 cogitationes
1247 3234 1449 3321 multiplices,
1484 3255 1563 3318 quas

229 3342 332 3426 primo
356 3340 442 3405 infra
465 3339 581 3405 mentis
603 3345 713 3406 nostre
736 3339 917 3426 precordia,
952 3347 984 3406 et
1012 3348 1169 3408 tractatus
1192 3343 1310 3426 varios,
1343 3363 1422 3426 quos
1446 3341 1563 3408 deinde

229 3466 301 3512 cum
324 3445 479 3513 fratribus
502 3448 619 3514 nostris
642 3447 821 3531 babuimus,
840 3497 848 3513 .
866 3499 899 3514 ..
923 3449 956 3513 in
980 3454 1012 3513 te
1037 3449 1237 3516 thesaurario
1261 3448 1403 3517 eiusdem
1427 3449 1563 3516 ecclesie

229 3553 396 3639 capellano
425 3561 535 3620 nostro
564 3553 767 3621 decretorum
795 3555 928 3622 doctore
951 3557 983 3620 in
1008 3557 1182 3623 minoribus
1206 3557 1376 3623 dumtaxat
1399 3556 1564 3622 ordinibus

229 3662 427 3727 constituto.
446 3711 453 3726 .
472 3710 479 3727 .
498 3669 607 3729 noster
629 3664 755 3730 animus
778 3665 947 3747 requievit,
972 3673 1104 3751 propter
1128 3685 1189 3748 que
1214 3665 1255 3731 de
1280 3685 1417 3751 persona
1441 3672 1497 3730 tna
1510 3715 1517 3730 .
1532 3713 1562 3729 ..

229 3768 334 3835 eidem
359 3769 543 3836 Coloniensi
567 3770 714 3854 ecclesie,
738 3770 880 3854 defectu,
905 3791 999 3854 quem
1023 3773 1057 3836 in
1080 3771 1245 3839 ordinibus
1268 3773 1400 3859 pateris,
1424 3793 1486 3837 non
1511 3771 1563 3837 ob·

228 3882 360 3943 stante.
379 3876 636 3963 ..providemus
659 3883 754 3960 teque
778 3879 840 3963 ipsi
863 3878 1001 3944 ecclesie
1025 3880 1057 3942 in
1082 3879 1358 3966 archiepiscopum
1383 3879 1564 3965 preficimus

229 3991 262 4049 et
285 3990 525 4070 pastorem...
574 3985 649 4050 Dat.
674 3984 769 4051 Avin.
794 3985 840 4050 Vl
864 3985 909 4050 kl.
934 3986 1088 4052 februarii
1112 4008 1141 4052 a.
1166 3987 1396 4053 sextodecimo.

336 4092 374 4156 In
398 4112 427 4158 e.
443 4113 485 4157 m.
603 4092 745 4177 capitulo
775 4093 854 4159 eccl.
885 4092 994 4159 Colon.
1115 4094 1234 4181 populo
1259 4095 1400 4160 civitatis
1424 4101 1455 4158 et
1479 4093 1562 4161 dioc.

230 4198 339 4263 Colon.
359 4247 366 4262 .
385 4200 593 4265 ..universis
617 4199 765 4266 vassallis
788 4199 868 4265 eccl.
892 4199 1002 4266 Colon.
1022 4249 1029 4265 .
1047 4251 1055 4266 .
1074 4249 1080 4266 .
1099 4201 1256 4268 universis
1272 4202 1432 4288 episcopis
1452 4200 1563 4266 suffra-

229 4305 343 4389 ganeis
366 4306 445 4374 eccl.
470 4305 580 4372 Colon.

389 4412 463 4483 Rep.
482 4411 536 4467 101
552 4429 600 4468 nr.
617 4413 682 4468 802.

335 4591 464 4659 2⁰87.
489 4593 576 4660 1332
600 4595 739 4662 Janoar
762 4596 815 4662 27.
840 4594 1005 4683 Aoipooo.

337 4713 509 4798 [Iohannes
532 4713 642 4800 XXII]
666 4713 829 4783 Walramo
852 4718 957 4784 electo
981 4717 1170 4786 Coloniensi.

337 4819 466 4888 Pridem
489 4831 627 4889 vacante
660 4823 798 4891 ecclesia
827 4825 1010 4892 Coloniensi
1043 4875 1050 4891 .
1080 4878 1087 4894 .
1117 4875 1123 4890 .
1152 4826 1220 4895 Nos
1249 4827 1393 4892 volentes
1420 4826 1563 4894 eiusdem
