3642 5509
735 380 805 436 1339
823 379 943 434 Januar
961 379 1004 435 12.

314 563 443 631 2354.
474 567 561 630 1339
584 565 723 630 Januau·
748 565 800 627 12.
830 558 995 647 deipnos.

320 708 519 773 Benedictus
543 707 608 772 ΧΗ
637 706 788 791 episcopo
812 703 985 770 Leodieusi
1010 699 1151 784 mandat,
1177 701 1326 782 quatinus
1350 719 1422 764 cum
1445 699 1543 764 nobili

212 815 280 880 viro
305 814 447 880 Iohanne
471 814 512 879 de
539 812 763 880 Valkenborch
797 810 926 877 domino
959 809 1000 874 de
1025 810 1128 874 Borne
1158 806 1254 874 etde
1279 807 1400 872 Zictert
1424 813 1456 871 et
1480 806 1544 871 Ka-

211 924 315 987 terina
339 921 380 987 de
405 920 643 987 Vornemhorch
669 919 769 985 Leod.
796 926 828 984 et
851 918 994 982 Traiect.
1023 915 1117 998 dion,
1152 915 1205 998 qui
1230 916 1424 998 ignorantes,
1459 913 1544 997 quod

211 1029 373 1095 lohannes
396 1028 562 1114 predictus
586 1036 618 1093 et
642 1027 803 1110 quondam
829 1025 987 1090 lohannes
1010 1023 1061 1088 de
1086 1021 1310 1088 Dalcnbroech
1342 1021 1429 1106 prior·
1453 1021 1544 1086 Cate-

214 1139 283 1201 riue
306 1139 439 1203 maritus
463 1159 502 1202 ex
526 1157 589 1201 uno
617 1138 650 1200 in
679 1135 773 1200 tertio
802 1141 835 1198 et
859 1132 962 1198 altero
985 1131 1138 1196 lateribus
1162 1131 1194 1194 in
1219 1136 1332 1213 quarto
1358 1131 1546 1211 consangui-

215 1245 327 1310 nitatis
359 1243 513 1329 gradibus
543 1264 578 1309 se
605 1243 742 1308 invicem
767 1241 1007 1324 contingebant,
1042 1237 1274 1303 matrimonium
1308 1243 1545 1309 contraxerunt,

212 1351 387 1437 dispenset,
417 1358 453 1418 ut
481 1353 514 1417 in
544 1351 746 1416 matrimonio
775 1348 863 1413 dicto
887 1346 993 1412 liciter
1015 1365 1180 1410 remancre
1204 1343 1336 1430 possint,
1361 1345 1482 1430 prolem
1506 1364 1547 1409 en

212 1459 325 1524 eodem
350 1458 551 1525 matrimonio
575 1464 758 1542 susceptam
782 1462 814 1521 et
837 1452 1078 1539 suscipiendam
1102 1453 1281 1536 legitimam
1305 1450 1516 1518 decernendo.

320 1566 436 1634 Oblate
460 1567 552 1632 nobis
575 1585 632 1650 pro
657 1570 749 1649 parte
764 1613 771 1627 .
787 1612 816 1627 ..
842 1563 918 1627 Dat.
943 1561 1039 1626 Avin.
1064 1561 1097 1625 Il
1121 1559 1193 1626 idus
1217 1560 1351 1626 ianuarii
1377 1582 1406 1625 a.
1424 1562 1545 1642 quinto.

372 1693 445 1762 Περ.
465 1691 520 1745 127
539 1706 586 1742 nr.
608 1690 662 1752 53;
684 1689 736 1743 Rc.
758 1687 845 1742 2009.

319 1947 464 2016 2355.
491 1952 577 2015 1339
604 1953 758 2016 Fehcuar
779 1950 812 2014 5.
837 1946 1006 2033 Aoigaou.

321 2092 517 2158 Benedictus
529 2093 596 2157 XII
620 2090 745 2156 decano
769 2090 906 2156 ecclesie
931 2089 1135 2155 Assindensis
1159 2089 1269 2155 Colon.
1294 2089 1377 2154 dion.
1403 2089 1544 2170 mandat,

214 2203 364 2283 quatinus
388 2221 438 2282 ea,
472 2219 534 2282 que
568 2199 609 2264 dc
644 2199 735 2264 bonis
769 2197 954 2262 monasterii
978 2197 1010 2260 in
1037 2197 1294 2281 Voerstcberghe
1319 2195 1451 2262 cisterc.
1477 2196 1546 2261 ord.

214 2308 324 2374 Colon.
350 2306 433 2374 dioc.
467 2327 524 2392 per
558 2305 781 2372 concessiones
813 2304 854 2368 ab
888 2305 955 2369 eius
989 2304 1161 2370 abbatissis
1191 2311 1223 2368 et
1252 2310 1410 2369 conventu
1441 2303 1547 2369 factas

213 2415 356 2481 alienata
378 2415 538 2480 invenerit
561 2414 674 2479 illicite
702 2420 734 2478 et
757 2410 925 2494 distracta,
950 2409 991 2476 ad
1017 2411 1159 2478 eiusdem
1183 2412 1232 2478 ius
1257 2419 1289 2477 et
1312 2413 1547 2496 possessionem

213 2522 357 2604 legitime
381 2542 534 2588 revocare
557 2529 718 2606 procuret.

320 2628 372 2693 Ad
396 2627 593 2694 audientiam
617 2635 758 2694 nostram
782 2627 952 2713 pervenit.
972 2675 1007 2692 ..
1041 2627 1117 2693 Dat.
1142 2628 1237 2694 Avin.
1269 2647 1369 2693 nonas
1393 2627 1546 2693 februarii
1649 2611 1657 2626 ⁸

215 2757 247 2821 p.
264 2757 295 2800 n.
313 2757 343 2801 a.

381 2859 431 2913 Or.
450 2860 573 2914 membr.
602 2875 670 2914 cum
685 2859 814 2929 plumbo
834 2859 891 2912 dcl.
929 2857 991 2914 Sub
1015 2855 1103 2926 plica
1125 2858 1167 2912 ad
1189 2856 1329 2912 sinista:
1344 2842 1473 2914 diff.
1512 2860 1550 2914 ln

370 2947 444 3018 plic.
464 2949 506 3003 ad
525 2949 632 3003 dextr.-
652 2949 674 3002 Ι.
694 2948 725 3002 F.
745 2949 783 3001 lo
802 2948 910 3002 dorso:
935 2947 1112 3016 Reynaldus
1132 2948 1170 3002 de
1189 2949 1279 3016 itsys.
1300 2977 1332 2986 —
1352 2949 1548 3019 Ddssctdorf.

374 3037 463 3095 Arcu.
482 3055 545 3112 reg.
565 3036 652 3094 Abtei
671 3039 878 3109 Fdrsteuberp
899 3038 962 3109 (bei
981 3035 1114 3105 Xanten)
1134 3053 1181 3090 ur.
1202 3037 1249 3090 23.

322 3311 451 3377 285⁰.
477 3314 564 3377 1339
588 3312 742 3378 Februar
760 3314 814 3377 26.
839 3311 1004 3397 Avigaou.

321 3457 525 3520 Benedictus
544 3456 621 3519 XII
640 3455 890 3540 archiepiscopo
909 3450 1023 3520 Coton.
1041 3455 1191 3534 maudut,
1217 3455 1377 3539 quatinus
1393 3453 1547 3522 Conrado

215 3564 255 3628 de
286 3564 411 3628 Marica
444 3571 475 3627 et
508 3563 684 3628 Elisabeth
717 3563 757 3627 dc
792 3558 884 3627 olive
918 3563 990 3627 eius
1022 3563 1126 3628 umori
1159 3563 1317 3627 concedat
1348 3563 1548 3648 fucultatem

212 3670 389 3756 fundandi
406 3677 436 3734 ct
453 3670 594 3735 detondi
618 3670 860 3735 monasterium
882 3669 1083 3734 monialium
1103 3669 1175 3734 ord.
1193 3669 1227 3734 S.
1249 3667 1349 3736 Clare
1372 3671 1408 3734 iu
1424 3671 1547 3755 oppido

216 3777 256 3842 de
280 3779 426 3843 Hoerde.

322 3919 528 4004 [Benedictus
541 3919 618 4004 XII]
643 3920 818 3985 venerabili
842 3920 934 3985 tratri
949 3969 956 3983 .
971 3969 978 3984 .
993 3969 1000 3984 .
1025 3919 1269 4005 archiepiscopo
1283 3920 1475 3986 Coloniensi.
1511 3923 1548 3986 ln

215 4028 288 4110 hiis,
322 4047 383 4110 que
416 4027 521 4092 cultus
560 4026 660 4091 divini
694 4033 726 4091 ct
759 4026 924 4110 religionis
957 4034 1163 4110 augmentum
1195 4028 1379 4112 respiciunt,
1413 4028 1549 4094 libenter

215 4135 392 4220 apostolice
422 4134 543 4200 favoris
572 4133 745 4219 presidium
774 4133 982 4219 impertimur.
1037 4135 1122 4199 Sane
1153 4132 1289 4200 dilectus
1318 4133 1407 4199 iilius
1434 4135 1550 4201 nobilis

215 4244 264 4307 uir
288 4241 453 4307 Comedus
478 4241 518 4306 de
541 4241 655 4306 Marha
679 4241 825 4307 dominus
849 4240 890 4306 de
915 4239 1045 4306 Huerde
1070 4248 1103 4305 et
1126 4239 1245 4306 dilecta
1270 4241 1303 4306 in
1328 4240 1456 4307 Christo
1479 4241 1550 4308 iilia

215 4350 331 4416 nobilis
360 4348 473 4413 mulier
497 4347 664 4414 Elisabeth
694 4347 735 4414 de
759 4349 850 4415 (ilino
881 4349 950 4413 eius
980 4368 1060 4412 uxor·
1089 4354 1143 4414 tue
1174 4347 1311 4414 diocesis
1340 4350 1431 4414 nobis
1454 4349 1550 4433 signi·

214 4458 316 4522 ficare
340 4463 500 4538 curarunt,
525 4455 609 4538 quod
635 4455 696 4540 ipsi
720 4456 886 4540 cupientes
902 4462 1031 4521 terrena
1054 4457 1087 4520 in
1107 4455 1240 4522 celestia
1263 4462 1296 4521 et
1312 4456 1495 4522 transitoria
1518 4458 1550 4522 in

216 4572 327 4631 eterna
350 4564 438 4629 felici
467 4563 657 4628 commercio
686 4569 892 4646 commutare,
922 4561 1083 4645 quoddam
1111 4565 1338 4629 monasterium
1367 4563 1550 4629 monialium

216 4670 336 4738 ordinis
360 4671 501 4736 S.Olarc
524 4668 666 4736 indicto
690 4669 787 4756 opido
811 4669 852 4735 de
876 4669 1007 4736 Huerde
1030 4669 1116 4736 dicte
1140 4669 1278 4738 diocesis
1302 4669 1342 4736 de
1366 4672 1457 4736 bonis
1480 4693 1550 4757 pro·

215 4779 293 4866 priis
316 4777 453 4845 fundare
476 4784 509 4844 et
533 4798 590 4863 pro
613 4758 847 4844 sustentatione
863 4776 1080 4863 quadraginta
1103 4798 1320 4864 personarum,
1346 4799 1407 4861 que
1424 4779 1456 4845 in
1479 4780 1550 4868 ipsu
