3642 5509
755 457 906 519 reeorun
924 463 968 518 31.
1482 449 1535 518 aas

195 638 279 708 enim
302 661 359 708 seu
394 649 506 709 contra
530 641 705 709 Romanam
731 644 904 710 ecclesiam
933 663 996 708 uon
1019 643 1125 729 potuit
1147 643 1208 708 uisi
1232 641 1273 707 de
1297 643 1385 708 lacto
1409 643 1533 726 aliquid

194 748 315 816 facere.
361 748 456 816 Unde
478 751 517 833 si,
546 749 632 834 qnod
656 747 698 816 de
721 750 810 816 facto
833 749 925 833 lecit,
955 749 996 815 de
1020 749 1109 815 facto
1132 756 1274 826 revocet,
1306 751 1339 815 in
1362 749 1424 816 hoc
1447 751 1534 816 nulla

196 855 257 922 dco
280 856 374 922 nobis
396 876 454 923 sen
477 858 614 923 ecclesie
636 865 798 943 prestatur
821 857 969 923 emenda.

303 962 424 1042 Quarto
447 984 506 1050 pro
527 971 621 1050 parte
644 966 714 1030 eius
737 964 878 1042 offertur,
902 964 989 1048 quod
1013 973 1224 1050 recognoscet
1247 984 1282 1030 se
1300 965 1479 1031 excessisse
1500 970 1533 1031 et

195 1071 371 1136 sententias
387 1071 728 1137 excommunicationis
743 1072 846 1156 ipsum
863 1072 993 1156 ligasse.
1040 1073 1104 1137 Per
1127 1072 1188 1136 hoc
1205 1078 1298 1156 patet
1313 1073 1422 1154 etiam,
1447 1069 1533 1154 quod

196 1197 255 1242 nec
278 1176 341 1243 deo
364 1178 457 1243 nobis
479 1196 540 1244 nec
563 1176 700 1244 ecclesie
723 1178 832 1261 aliqua
855 1178 951 1244 offert
975 1178 1120 1244 emenda.

304 1281 423 1361 Quinto
447 1284 580 1351 offertur
603 1306 661 1370 pro
684 1292 778 1370 parte
802 1286 881 1367 eius,
906 1286 991 1368 quod
1017 1286 1122 1369 gratie
1147 1293 1255 1352 nostre
1278 1307 1313 1352 se
1337 1287 1467 1351 offerret
1489 1285 1532 1351 ad

195 1390 457 1457 misericordiam.
483 1392 546 1457 Per
562 1391 623 1457 hoc
639 1393 759 1477 quippe
775 1392 880 1473 offert,
905 1392 990 1475 quod
1008 1414 1028 1458 a
1051 1394 1143 1459 nobis
1161 1400 1250 1477 petet
1268 1393 1531 1471 misericordiam,

196 1518 259 1563 non
283 1497 368 1581 quod
392 1499 532 1582 aliquam
556 1505 678 1583 prestet
701 1498 880 1565 emendam.

303 1605 423 1672 Ultimo
457 1605 660 1671 concluditur
696 1626 754 1691 pro
797 1613 890 1692 parte
924 1607 1041 1673 Bavari
1082 1606 1269 1693 supradicti,
1306 1606 1392 1691 quod
1425 1627 1534 1673 omnes

196 1713 376 1780 oblationes
409 1713 554 1798 predicte
577 1714 799 1796 intelligantur
821 1713 879 1798 ita,
908 1712 995 1797 quod
1020 1716 1164 1781 Bararus
1188 1715 1220 1780 in
1249 1715 1369 1780 honore
1393 1721 1425 1780 ct
1447 1721 1534 1780 statu

196 1827 395 1905 permaneat,
418 1820 544 1885 scilicet
567 1819 600 1884 in
624 1840 723 1903 reguo
740 1828 772 1887 et
796 1822 941 1906 imperio.
989 1821 1038 1886 Ex
1062 1842 1125 1904 quo
1149 1821 1261 1907 procul
1284 1821 1382 1887 dubio
1406 1819 1534 1887 eviden-

197 1934 246 1993 ter
270 1926 481 2010 concluditur,
507 1925 593 2010 quod
617 1926 658 1993 de
681 1927 754 2010 hiis,
779 1947 841 2010 que
866 1928 1034 2011 commisit,
1059 1936 1108 1994 est
1130 1930 1321 2014 impenitens
1343 1927 1438 1993 homo
1461 1929 1533 2010 iste,

197 2042 229 2101 et
252 2033 327 2100 ideo
359 2032 468 2100 reddit
491 2035 692 2101 absolutione
716 2035 869 2118 qnalibet,
904 2055 967 2119 que
991 2036 1069 2100 nulli
1099 2036 1161 2101 nisi
1184 2037 1306 2120 petenti
1337 2033 1533 2118 conceditur,

196 2143 323 2224 meritc,
349 2148 501 2224 quantum
526 2141 557 2207 in
582 2161 620 2209 eo
644 2147 702 2226 est,
727 2162 763 2208 se
778 2141 956 2227 iudignum.
1002 2141 1067 2209 Sed
1092 2141 1183 2208 iuxta
1207 2142 1267 2209 lroc
1284 2143 1453 2226 querimus,
1477 2141 1534 2225 fili,

197 2248 357 2331 quomodo
391 2248 552 2333 intelligat
581 2249 643 2314 iste
668 2250 813 2315 Bararus
844 2251 876 2314 in
899 2269 999 2334 regno
1024 2257 1057 2315 et
1089 2250 1223 2335 imperio
1246 2267 1420 2314 remanere.
1467 2249 1534 2314 Aut

198 2358 281 2421 enim
314 2354 455 2420 intendit
487 2375 654 2422 remanere
686 2356 719 2421 in
743 2363 830 2422 statu
863 2364 896 2423 et
920 2377 1019 2442 regno
1052 2359 1122 2424 sine
1145 2359 1215 2423 iure
1246 2357 1278 2421 in
1302 2356 1349 2422 eis
1377 2355 1418 2421 de
1450 2375 1534 2422 novo

198 2461 362 2546 querendo
386 2469 443 2528 aut
466 2483 524 2548 per
546 2463 596 2529 ius
619 2483 749 2547 novum,
773 2463 860 2548 qnod
883 2463 1031 2530 intendat
1054 2465 1220 2548 acquirere
1244 2464 1276 2528 in
1300 2462 1465 2549 predictis.
1498 2462 1533 2528 Si

197 2571 282 2635 enim
305 2570 362 2635 illa
384 2569 454 2636 sine
477 2591 561 2636 novo
584 2574 654 2636 inre
676 2570 839 2656 intelligat
863 2572 1011 2654 retinere,
1045 2572 1200 2655 sequitur,
1234 2570 1319 2654 quod
1342 2589 1476 2654 regnum
1500 2573 1534 2635 et

194 2677 361 2762 imperium
389 2677 459 2743 sine
491 2679 560 2742 inre
583 2685 616 2744 et
646 2675 767 2744 honore
790 2678 949 2762 imperiali
974 2685 1006 2743 et
1035 2679 1124 2762 regio
1148 2677 1317 2742 detineret.
1365 2677 1403 2741 In
1432 2696 1533 2761 regno

193 2783 351 2866 siquidem
383 2783 502 2848 nullum
536 2783 585 2850 ius
608 2785 733 2850 obtinet
766 2785 798 2849 in
822 2785 975 2869 presenti,
1011 2805 1081 2849 eum
1107 2785 1185 2866 iure,
1219 2781 1355 2866 siquod
1389 2783 1450 2849 sibi
1475 2803 1533 2869 per

194 2890 383 2955 electionem
408 2891 438 2955 in
463 2888 576 2956 eodem
598 2892 756 2974 quesitum
779 2890 897 2974 luerat,
921 2893 1006 2957 iusto
1030 2889 1152 2956 iudicio
1168 2892 1210 2956 sit
1226 2890 1381 2975 privatus.
1428 2889 1533 2968 Quan-

195 3005 261 3062 tam
294 2997 337 3062 ad
370 2997 537 3083 imperium
571 3004 688 3082 autem,
728 2999 804 3080 qula
836 3017 954 3065 nomeu
988 2998 1192 3082 imperatoris
1226 3017 1284 3082 per
1315 2997 1533 3063 inunctionem

195 3105 468 3171 consecrationem
492 3111 525 3169 et
548 3107 786 3171 coronationem
810 3104 881 3189 quis
905 3105 1106 3170 nanciscitur
1131 3104 1237 3170 lactas
1260 3103 1389 3187 quidem
1413 3124 1433 3168 a
1456 3123 1533 3170 vero

195 3211 340 3277 Romano
363 3210 516 3297 pontifice
538 3231 595 3277 seu
619 3211 683 3277 alio
712 3213 781 3277 eius
803 3213 1009 3294 auctoritate,
1041 3217 1143 3296 patet,
1173 3212 1276 3295 ipsum
1301 3211 1460 3275 Bavamm
1483 3211 1533 3276 ius

195 3301 326 3402 aliquod
349 3339 413 3383 non
435 3317 566 3401 habere,
591 3319 753 3402 quianon
777 3339 889 3385 avere
906 3339 1030 3384 summo
1055 3317 1209 3403 pontifice
1232 3316 1289 3383 sed
1313 3318 1354 3385 ab
1378 3318 1533 3403 antipapa

195 3426 356 3510 recepisse
393 3424 537 3491 noscitur
576 3423 774 3510 supradicta,
812 3424 938 3491 scilicet
974 3425 1156 3490 unctionem
1191 3423 1463 3490 consecrationem
1500 3432 1533 3490 ct

196 3533 445 3598 coronationem.
471 3529 577 3609 Quare
593 3531 747 3616 seqnitur,
772 3530 858 3615 quod
878 3531 940 3597 hoc
956 3552 1034 3598 casu
1057 3529 1224 3616 imperium
1241 3531 1310 3597 sine
1333 3532 1401 3596 iure
1425 3530 1533 3614 aliquo

196 3637 367 3723 obtineret,
396 3645 429 3704 et
457 3658 516 3724 per
543 3659 753 3723 consequens,
785 3638 956 3723 quodnisi
981 3638 1022 3705 de
1046 3659 1129 3705 novo
1158 3639 1207 3703 ius
1230 3638 1291 3704 sibi
1320 3637 1353 3702 iu
1377 3657 1477 3722 regno
1501 3646 1534 3703 et

196 3746 331 3830 imperio
355 3752 513 3829 quereret,
537 3766 598 3812 nec
620 3765 679 3812 rex
702 3765 763 3812 nec
786 3747 963 3832 imperator
987 3745 1085 3812 debet
1108 3743 1173 3810 dici
1197 3766 1218 3810 a
1240 3743 1327 3810 fideli
1352 3745 1459 3828 aliquo
1475 3743 1534 3812 sed

195 3853 302 3919 iuret
326 3853 419 3936 latro,
447 3854 539 3919 iuxta
562 3854 662 3919 nostri
685 3853 877 3920 sententiam
901 3853 1072 3919 salvatoris
1100 3851 1249 3934 dicentis,
1283 3851 1369 3935 quod
1393 3853 1445 3935 qni
1469 3873 1534 3918 non

196 3959 295 4026 intrat
317 3980 376 4046 per
403 3958 541 4026 hostium
570 3961 603 4025 in
627 3959 712 4027 ovile
736 3961 844 4026 ovium
867 3959 924 4026 sed
949 3959 1089 4038 aliunde,
1123 3980 1186 4025 non
1209 3964 1320 4044 pastor
1344 3961 1451 4026 ovium
1474 3959 1532 4026 sed

195 4067 246 4132 fur
270 4071 303 4132 et
326 4067 409 4132 latro
434 4066 543 4151 potius
567 4073 616 4133 est
639 4065 806 4134 dicendus.
854 4067 897 4132 nt
930 4066 1017 4150 quod
1049 4067 1169 4132 nullum
1203 4067 1251 4132 ius
1284 4067 1317 4132 iu
1349 4085 1448 4150 regno
1480 4067 1533 4134 vel

195 4175 330 4260 imperio
367 4173 487 4239 habeat
522 4173 555 4238 in
589 4175 742 4259 presenti,
777 4174 885 4259 palam
921 4181 970 4240 est
1005 4173 1231 4240 consideranti.
1285 4173 1419 4240 Constat
1448 4174 1533 4240 enim

195 4280 300 4366 ipsum
334 4281 436 4346 multa
468 4280 593 4346 notorie
627 4280 802 4360 comisisse,
836 4300 877 4347 ex
907 4300 970 4363 quo
999 4280 1056 4346 illa
1085 4280 1207 4347 discors
1230 4279 1345 4346 electio
1369 4280 1533 4347 celebrata

196 4388 314 4472 extitit,
347 4394 480 4473 propter
514 4407 577 4470 que
601 4394 634 4454 et
657 4387 824 4471 quodlibet
847 4407 956 4453 eorum
980 4407 1016 4453 se
1039 4407 1169 4473 prorsus
1192 4386 1323 4454 lecisset
1345 4387 1387 4452 ab
1411 4387 1532 4454 honore

196 4495 287 4578 regni
311 4502 344 4560 et
366 4495 492 4581 imperii
516 4495 664 4561 alienum.
711 4495 747 4560 Si
783 4513 860 4560 vcro
893 4495 1066 4579 intelligat,
1100 4493 1187 4578 quod
1219 4494 1280 4560 sibi
1314 4493 1355 4559 de
1387 4514 1470 4560 novo
1498 4497 1531 4560 in

197 4621 297 4684 reguo
320 4607 353 4666 et
376 4601 512 4686 imperio
540 4603 590 4667 ins
619 4601 775 4685 acquiret,
809 4606 946 4683 constat,
983 4600 1069 4684 quod
1103 4621 1173 4666 cum
1202 4603 1245 4666 sit
1272 4601 1449 4686 sacrilegus
1477 4621 1532 4667 ex

196 4709 449 4774 communicatus
473 4717 506 4774 et
529 4715 683 4793 tyrannus
716 4707 966 4791 crudelissimus,
999 4728 1060 4774 ncc
1083 4730 1103 4774 a
1127 4728 1286 4792 quoquam
1314 4717 1425 4794 posset
1453 4709 1531 4794 eligi

241 4848 327 4894 Vatia.
347 4849 473 4901 argesten
490 4849 523 4893 11.
1346 4833 1382 4890 23
