3642 5509
273 421 326 479 108
789 426 859 482 1327
877 426 1045 483 December
1064 428 1108 485 29.

272 606 445 673 naslerium
470 607 502 672 S.
529 607 632 672 Marie
656 608 835 692 (lampenae
859 608 1081 675 cisterciensis
1114 609 1235 676 ordinis
1266 608 1353 676 dicte
1388 608 1526 676 diocesis
1558 610 1604 674 in·

271 735 400 798 gressus
415 716 522 781 extitit
538 721 571 780 et
585 716 618 780 iu
634 735 673 780 eo
690 716 833 781 habitum
849 716 1041 782 novitiorum
1057 719 1238 802 assumpsit,
1255 718 1373 783 nullam
1391 717 1601 783 intentionem

272 822 394 888 habens
416 824 449 887 in
474 821 587 888 eodem
609 824 801 888 monasterio
824 822 1019 907 remanendi,
1044 844 1115 889 curu
1139 824 1223 891 ferre
1248 844 1311 890 uon
1333 830 1443 910 posset
1464 825 1602 909 rigorem

273 928 416 995 eiusdem
449 928 581 1009 ordinis,
615 937 648 994 et
680 928 816 996 diversis
839 928 964 996 vicibus
988 938 1020 995 et
1045 930 1241 1016 temporibus
1272 952 1347 998 suas
1376 936 1492 1015 vestes,
1525 951 1605 1015 quas

273 1036 448 1118 dimiserat,
482 1037 613 1121 repetiit
642 1037 814 1119 seculares,
847 1057 927 1119 quas
955 1037 1111 1103 rehabere
1140 1038 1284 1120 nequivit
1307 1059 1328 1103 a
1351 1040 1494 1123 personis
1524 1038 1603 1104 dicti

273 1143 470 1224 monasterii,
501 1164 563 1226 que
586 1150 693 1211 vestes
720 1144 903 1211 huiusmodi
927 1143 1132 1227 detinebant3
1168 1144 1286 1211 deinde
1309 1166 1385 1211 vero
1409 1153 1524 1212 exacto
1547 1166 1605 1212 sue

274 1251 473 1337 probationis
501 1272 584 1316 anno
618 1251 724 1317 dictus
747 1250 909 1316 Amaldus
936 1252 977 1317 ab
1002 1250 1123 1318 eisdem
1146 1253 1333 1338 parentibus
1356 1255 1536 1337 requisitus,
1570 1260 1605 1319 ut

274 1358 477 1443 profiteretur
505 1356 647 1423 ordinem
680 1358 883 1444 prelibatum,
919 1357 952 1423 id
983 1358 1111 1425 afficere
1139 1358 1336 1425 contradixit
1367 1359 1604 1446 perseverando

274 1466 307 1531 in
331 1464 510 1531 huiusmodi
534 1486 593 1531 sua
621 1464 871 1531 contradictoria
904 1466 1081 1549 voluntate,
1114 1465 1171 1533 sed
1205 1467 1407 1552 postmodum
1440 1474 1506 1533 tam
1538 1466 1605 1533 dic·

273 1579 375 1639 torum
409 1577 576 1658 parentum
610 1592 705 1656 quam
738 1574 838 1657 ipsius
871 1572 1056 1638 monasterii
1088 1573 1283 1658 prelatorum
1307 1574 1339 1639 vi
1364 1581 1397 1641 et
1419 1580 1516 1652 metu,
1550 1576 1605 1658 qui

274 1679 391 1747 cadere
422 1685 550 1766 poterat
581 1681 614 1744 in
647 1686 857 1762 constantem,
891 1680 1122 1764 protestatione
1150 1700 1207 1766 per
1234 1700 1306 1745 eum
1335 1680 1482 1767 primitus
1505 1682 1604 1756 facta,

274 1787 358 1871 quod
392 1786 572 1854 nullatenus
604 1787 638 1853 in
668 1785 815 1872 predicto
849 1788 1042 1853 monasterio
1076 1793 1264 1865 remaneret,
1298 1786 1354 1853 sed
1378 1787 1507 1871 abinde,
1532 1809 1604 1854 cum

273 1902 393 1981 posset,
426 1896 606 1979 aufugeret,
639 1892 775 1960 eundern
807 1893 951 1959 ordinem
986 1894 1149 1978 professus
1178 1894 1287 1960 extitit
1311 1915 1382 1961 oum
1406 1895 1549 1962 lacrimis
1573 1902 1606 1961 et

274 2002 394 2085 dolore,
428 2001 570 2086 dictique
598 2010 747 2087 parentes
772 2007 883 2087 postca
904 2003 1009 2087 ipsum
1032 2002 1167 2067 invitum
1191 2009 1223 2067 et
1246 2003 1433 2068 renitentem
1458 2003 1606 2069 fecerunt

273 2112 305 2175 in
329 2109 560 2177 subdiaconum
583 2110 774 2195 promoveri,
799 2129 838 2175 ao
859 2108 965 2175 dictus
982 2107 1143 2174 Amaldus
1160 2115 1235 2175 ante
1251 2114 1283 2173 et
1298 2115 1373 2194 post
1388 2110 1605 2195 receptionem

273 2216 455 2285 huiusmodi
479 2216 718 2284 subdiaconalis
741 2215 862 2282 ordinis
884 2214 1021 2282 diversis
1049 2216 1174 2282 vicibus
1206 2216 1422 2301 oportunitate
1450 2222 1483 2283 et
1505 2216 1606 2283 facul·

273 2332 341 2391 tate
374 2325 513 2409 captatis
545 2322 645 2390 sede
669 2324 861 2390 monasterio
884 2344 943 2409 per
966 2323 1044 2406 fuge
1067 2321 1244 2389 subsidium
1268 2323 1462 2405 absentavit,
1486 2343 1526 2389 ac
1550 2344 1605 2408 pa·

274 2438 380 2498 rentes
409 2439 442 2497 et
468 2430 584 2517 prelati
613 2430 733 2516 prefati
763 2430 881 2496 dictum
907 2429 1084 2496 Amaldum
1108 2435 1262 2515 ceperunt
1286 2436 1318 2495 et
1342 2430 1464 2495 carceri
1487 2432 1606 2497 manci·

274 2545 443 2624 paverunt,
476 2557 582 2621 aquo
606 2537 734 2621 quidem
767 2557 897 2603 carcere
930 2538 1078 2622 oportuni
1106 2538 1259 2622 temporis
1283 2544 1316 2603 et
1338 2536 1504 2603 facultatis
1527 2537 1607 2605 hora

276 2652 408 2731 captata
440 2668 474 2713 se
508 2645 666 2711 convertit
697 2647 729 2710 in
762 2645 873 2729 fugam
906 2651 940 2710 et
971 2644 1183 2729 personaliter
1212 2642 1253 2709 ad
1278 2650 1387 2730 partes
1411 2644 1547 2711 contulit
1570 2664 1606 2711 se

275 2761 426 2835 remotas,
450 2752 530 2818 liber
553 2752 676 2836 degens
699 2758 732 2818 et
754 2751 943 2818 seculariter
965 2770 1001 2817 se
1021 2770 1175 2817 exercens
1197 2771 1255 2836 per
1277 2771 1334 2819 sex
1359 2772 1511 2817 annorum
1536 2773 1608 2838 spa·

276 2863 359 2927 cium
383 2862 434 2926 vel
465 2860 553 2927 circa
580 2880 637 2927 seu
667 2860 804 2946 amplius
833 2866 945 2926 contra
968 2859 1079 2925 hostes
1102 2860 1237 2925 ecclesie
1261 2858 1454 2927 dimicando.
1501 2860 1607 2939 Quare

276 2969 368 3033 nobis
391 2967 555 3054 predictus
580 2966 740 3033 Amaldus
764 2965 924 3032 humiliter
947 2966 1151 3051 supplicavit,
1177 2973 1221 3049 ut,
1247 2987 1316 3033 cum
1332 3017 1340 3032 .
1354 3018 1361 3033 .
1377 3016 1384 3033 .
1402 2968 1503 3034 abbas
1527 2966 1606 3034 dicti

276 3076 460 3142 monasterii
475 3095 582 3141 secum
605 3095 700 3160 super
715 3074 880 3159 premissis
896 3072 1034 3155 duxerit,
1052 3074 1201 3157 quatinus
1216 3075 1332 3159 potuit,
1357 3073 1606 3160 dispensandum

275 3185 408 3269 ipseque
431 3182 622 3268 professioni
646 3188 679 3247 ct
702 3180 807 3248 ordini
829 3179 1051 3247 subdiaconali
1075 3182 1209 3266 prefatis
1232 3202 1393 3265 nunquam
1411 3184 1608 3268 applicasset

275 3290 438 3374 affectum,
471 3289 530 3357 sed
559 3288 822 3355 contradictionis
850 3295 884 3353 et
907 3288 1081 3354 voluntatis
1109 3288 1213 3371 signa,
1245 3294 1281 3353 ut
1313 3288 1517 3374 premittitur,
1552 3310 1608 3355 ex·

275 3398 453 3484 pressisset,
487 3418 558 3463 cum
577 3416 627 3479 eo,
651 3402 686 3461 ut
709 3396 904 3481 professione
927 3394 1076 3481 predicta
1098 3414 1300 3478 nequaquam
1324 3396 1473 3462 obstante
1497 3402 1607 3483 posset

276 3506 308 3572 in
333 3505 441 3572 seculo
473 3524 639 3570 remanere
672 3511 705 3569 et
737 3502 781 3569 ad
812 3503 974 3587 legitimos
1006 3509 1098 3569 actus
1129 3502 1291 3569 seculares
1322 3501 1450 3568 admitti
1473 3523 1513 3569 ao
1535 3503 1608 3569 illos

276 3614 372 3680 etiam
397 3631 548 3678 exercere
571 3612 739 3695 ipsumque
762 3609 804 3674 ad
828 3610 945 3676 bonam
969 3611 1088 3676 famam
1111 3611 1280 3677 restituere
1302 3631 1342 3677 ao
1365 3612 1398 3675 in
1421 3630 1459 3677 eo
1479 3610 1608 3676 abolere

277 3719 452 3804 quamlibet
482 3726 591 3784 notam
619 3717 761 3799 infamio,
794 3718 821 3783 si
846 3738 940 3800 quam
965 3725 1137 3803 propterea
1161 3719 1384 3801 contraxisset,
1417 3717 1608 3803 dispensare

278 3826 559 3910 ...dignaremur
598 3824 692 3890 Licet
715 3830 823 3890 autem
846 3824 937 3889 favor
960 3845 1019 3910 pro
1042 3824 1196 3910 religione
1219 3824 1327 3891 facere
1352 3824 1509 3909 rideatur,
1532 3824 1609 3908 quia

278 3943 384 4001 tamen
409 3933 441 3998 in
466 3932 537 4015 hiis,
573 3951 635 4015 que
659 3932 691 3996 ri
713 3936 864 4014 metuque
888 3950 986 3997 causa
1002 3933 1037 4013 (t)
1054 3930 1143 4014 fiunt,
1176 3930 1391 3997 diversimode
1424 3930 1502 3997 iuris
1535 3951 1606 3997 cen-

277 4064 352 4108 sura
374 4039 525 4127 providit,
558 4060 616 4105 uos
717 4038 912 4103 fraternitati
940 4043 994 4104 tue
1098 4038 1326 4104 committimus
1353 4044 1386 4104 et
1408 4036 1608 4120 mandamus,

278 4149 438 4232 quatinus,
462 4150 489 4212 si
514 4148 572 4212 tibi
672 4146 851 4211 constiterit
874 4144 915 4210 de
939 4144 1104 4230 predictis,
1136 4166 1205 4211 oum
1231 4144 1344 4211 eodem
1368 4144 1511 4211 rimaldo
1535 4165 1610 4211 auc·

278 4257 408 4321 toritate
440 4261 548 4320 nostra
577 4252 743 4337 dispenses
766 4258 798 4317 et
821 4271 894 4317 eum
918 4251 959 4317 ad
984 4253 1099 4318 bonam
1123 4252 1242 4317 famam
1266 4272 1355 4319 suam
1380 4253 1609 4319 restituas...

279 4361 451 4427 dummodo
482 4381 545 4426 non
568 4368 725 4445 appareat
748 4357 847 4435 aliud,
877 4358 963 4441 qnod
994 4360 1138 4426 obsistat.
1185 4360 1260 4425 Dat.
1284 4360 1379 4427 tun.
1404 4360 1471 4427 IIII
1494 4358 1539 4424 kl.
1565 4357 1610 4424 ia·

277 4471 379 4535 nuarii
403 4491 433 4534 a.
458 4467 658 4535 duodecimo.

433 4612 507 4681 ch.
523 4614 561 4665 85
578 4610 603 4681 f.
614 4612 670 4665 146
689 4626 737 4666 ar.
758 4611 822 4665 401.
