3642 5509
763 441 832 498 1329
849 441 969 498 Jnnuar
987 441 1012 496 7.

325 655 440 723 11591.
471 659 558 723 1329
581 661 721 725 Jaauar
745 662 774 724 7.
805 657 970 745 11119111.

327 799 486 866 Iohannes
502 801 602 866 XXII
627 802 818 886 patriarchis
842 801 1095 886 archiepiscopis
1117 800 1278 884 episcopis
1301 801 1473 866 abbatibus
1489 807 1551 865 ete.

219 924 343 970 necnon
368 905 504 973 ducibus
528 908 743 994 potestatibus
766 908 1004 974 marchionibus
1028 915 1090 974 ete.
1115 906 1256 972 destinat
1279 907 1413 988 litteras,
1438 907 1553 990 quibus

220 1032 275 1078 eos
309 1013 463 1092 hortatur,
506 1017 655 1098 quatinus
690 1015 895 1081 (inillelmum
938 1015 1086 1080 comitem
1122 1014 1331 1079 luliaeensem
1367 1013 1410 1079 ad
1444 1013 1552 1080 sedem

220 1121 433 1204 apostolicam
466 1123 612 1206 proximo
646 1129 813 1188 venturum
847 1120 1104 1188 commendatum
1140 1121 1295 1187 babentes
1328 1121 1360 1185 in
1396 1120 1553 1186 veniendo

220 1227 374 1293 morando
398 1236 431 1294 11
455 1228 618 1294 redeundo
636 1237 669 1295 et
684 1230 785 1296 libere
809 1229 946 1296 transire
969 1230 1202 1313 permittentes,
1227 1228 1346 1293 nullam
1370 1226 1475 1293 eidem
1499 1235 1555 1293 aut

221 1335 290 1399 eins
314 1336 465 1401 comitiae
488 1337 520 1399 iu
545 1356 653 1401 eorum
676 1336 822 1421 personis
846 1343 878 1402 11
901 1337 996 1402 rebus
1020 1335 1130 1401 inferri
1154 1337 1342 1420 permittant
1364 1334 1522 1400 iniuriam.

329 1439 406 1506 Cum
432 1441 570 1508 dilectus
593 1442 677 1508 lilius
703 1492 710 1507 .
740 1492 747 1506 .
775 1495 783 1510 .
829 1443 904 1508 Dat.
931 1443 1023 1507 Avin.
1050 1442 1111 1507 Vll
1135 1440 1207 1507 idus
1230 1441 1365 1507 ianuarii
1388 1462 1418 1506 a.
1443 1442 1555 1508 tercio

222 1544 358 1613 decimo.

371 1675 445 1744 Rop.
465 1677 520 1729 114
536 1690 584 1744 ps,
606 1675 625 1728 I
639 1675 665 1746 f.
685 1677 787 1730 76111,
806 1675 881 1742 452;
900 1675 952 1729 lta.
970 1675 1053 1729 1109.

329 1960 454 2028 losa.
481 1963 567 2027 1329
591 1965 730 2029 Jaauar
752 1964 783 2026 9.
809 1963 902 2028 Piso.

330 2103 483 2170 Nicolaus
509 2103 534 2168 V
569 2103 734 2189 Dyctbero
758 2110 835 2169 nato
861 2103 1009 2169 Vilbelmi
1034 2104 1159 2169 comitis
1183 2101 1223 2168 de
1248 2102 1556 2186 Katninelembogen

223 2209 355 2275 Trever.
392 2209 486 2295 dyoc.
522 2210 649 2277 confert
683 2211 762 2276 ecel.
799 2211 932 2276 Trever.
969 2212 1207 2293 canonicatum,
1246 2208 1442 2295 prebendam
1478 2228 1555 2275 vero

223 2315 329 2382 eidem
353 2323 507 2384 reservat.

332 2425 438 2507 Digne
461 2445 559 2509 agere
583 2423 744 2490 credimus
764 2476 770 2488 ,
789 2474 821 2493 ..
870 2426 945 2490 Dat.
969 2424 1053 2490 Pisis
1077 2425 1187 2508 quinto
1211 2423 1284 2490 idus
1307 2423 1442 2489 ianuarii
1467 2429 1555 2508 pant.

223 2531 324 2596 nostri
348 2553 379 2597 a.
403 2531 515 2615 primo.

331 2639 369 2702 In
399 2658 426 2703 e.
452 2659 492 2703 m.
527 2639 655 2703 abbatis
687 2639 872 2704 monasterii
900 2638 935 2703 S.
968 2638 1133 2703 Maximini
1162 2643 1254 2703 entra
1281 2657 1388 2703 muros
1416 2637 1557 2704 civitatis

224 2744 356 2810 Ttever.
380 2764 419 2811 ac
436 2744 470 2811 S.
487 2744 614 2810 Paulini
638 2752 731 2810 extra
754 2764 861 2810 muros
884 2744 1047 2829 predictos
1070 2751 1103 2810 et
1126 2745 1296 2830 Symeonis
1320 2744 1452 2810 Trever.
1476 2744 1556 2810 eccl.

224 2849 368 2918 decanis.

381 2975 454 3046 neq.
475 2975 569 3046 nas.
590 2974 656 3029 166
673 2993 723 3031 ar,
742 2975 808 3042 roo,
826 2973 851 3044 f.
871 2975 927 3030 rso
944 2975 1082 3042 11111,-
1103 2975 1155 3029 nz.
1174 2977 1256 3031 1111.
1373 2949 1385 2970 “

333 3288 455 3355 1593.
485 3291 572 3354 1329
595 3291 735 3357 Jununr
759 3291 811 3354 10.
836 3288 1029 3378 (Aoipaon).

333 3429 512 3498 Servicium
537 3431 772 3518 archiepiscopi
796 3432 987 3516 Magantini.

334 3537 427 3605 Anno
460 3537 581 3604 domini
605 3537 833 3604 MGOOXXIX
869 3538 935 3604 ind.
959 3540 1026 3605 XII
1056 3539 1110 3606 die
1134 3539 1259 3607 decima
1282 3539 1399 3606 mensis
1421 3537 1558 3605 ianuarii

226 3645 374 3712 dominns
397 3645 555 3712 Henricus
578 3646 700 3712 clectus
723 3646 755 3710 in
780 3645 1057 3732 archiepiscopum
1080 3647 1302 3732 lla-guatinum
1333 3647 1476 3733 promisit
1499 3665 1558 3731 pro

226 3772 284 3820 suo
309 3751 468 3818 communi
491 3753 627 3818 servicio
644 3752 699 3816 Vm
712 3751 780 3818 flor.
805 3751 874 3818 auri
899 3758 932 3818 11
955 3754 1093 3837 quinque
1116 3753 1253 3819 servicia
1276 3753 1481 3820 familiarium
1501 3772 1559 3838 per

226 3859 366 3926 nobilem
401 3859 503 3924 virum
528 3859 701 3924 Robertum
737 3858 778 3924 de
802 3859 1033 3944 Vyrnenburoh
1069 3859 1199 3926 fratrem
1234 3881 1326 3927 suum
1361 3865 1394 3924 et
1424 3859 1557 3926 fratrem

227 3967 401 4032 Henricnm
435 3965 556 4031 ordinis
589 3965 625 4030 B.
654 3965 756 4031 Maris
783 3965 1053 4032 Tbeutonicorum
1078 3975 1300 4052 procuratores
1329 3986 1403 4033 suos
1430 3965 1559 4031 adhoc

226 4073 412 4157 specialiter
436 4073 626 4139 constitutos
650 4073 841 4157 persolvere,
866 4072 1074 4139 medietatem
1098 4074 1250 4140 videlicet
1278 4074 1354 4139 hine
1377 4070 1420 4138 ad
1444 4072 1558 4138 festum

226 4179 408 4266 proximum
431 4179 469 4248 Β.
494 4179 645 4245 Iohannis
669 4179 816 4264 Baptista
849 4191 881 4246 et
914 4181 1009 4246 aliam
1043 4179 1248 4246 medietatem
1277 4180 1310 4245 in
1341 4179 1558 4246 1111111111-

228 4288 305 4353 tatis
329 4285 451 4351 domini
475 4294 594 4352 extunc
617 4287 762 4371 proxime
786 4294 970 4371 sequuturo.
1001 4288 1152 4370 Alioquin
1175 4287 1260 4353 infra
1284 4293 1421 4370 quatuor
1435 4305 1560 4352 menses

227 4401 291 4460 etc.
317 4399 350 4459 et
373 4394 493 4459 iuravit
516 4399 551 4458 ut
574 4393 607 4459 in
631 4395 734 4460 forma
756 4395 959 4480 presentibus
988 4395 1123 4460 testibus
1148 4395 1308 4460 consuetis
1331 4394 1363 4457 in
1387 4391 1483 4459 domo
1506 4391 1560 4458 do·

225 4501 304 4567 mini
329 4500 524 4567 Portnensis.

337 4606 381 4669 In
403 4623 501 4691 uturp
524 4605 668 4670 doctro:
692 4605 824 4670 XXlllI
848 4604 937 4670 card.

391 4743 487 4816 Oblip.
505 4748 533 4802 et
551 4744 646 4802 solut.
664 4749 683 4801 6
702 4745 781 4816 (297)
800 4746 825 4815 s.
846 4747 899 4802 771.
