3642 5509
270 458 323 517 152
834 458 903 517 1328
922 457 981 514 nai
1002 458 1044 515 12.

233 661 235 664 ·
269 643 414 728 sumpsit,
439 642 589 727 quodque
612 640 709 709 iidem
731 640 874 709 decanus
890 649 924 709 et
939 640 1115 728 capitulum
1132 640 1258 729 prelato
1275 642 1417 708 Henrico
1440 641 1606 728 defuncto,

268 751 423 838 predictis
454 752 627 817 innitentes
660 750 946 819 consuetudinibus
970 758 1002 817 et
1025 751 1155 819 statutis
1176 772 1238 817 nec
1269 752 1485 838 attendentes,
1521 753 1606 839 quod

268 880 327 926 nos
350 880 407 947 per
431 860 690 928 constitutionem
716 859 897 947 predictam
929 880 1039 927 omnes
1061 860 1283 946 parrochiales
1307 862 1462 930 ecclesias
1485 870 1606 930 cetera·

269 988 331 1051 que
354 968 512 1034 beneficia
536 968 768 1052 ecclesiastica,
802 990 864 1053 que
893 969 1006 1054 vigore
1037 969 1274 1037 constitutionis
1300 971 1442 1039 eiusdem
1465 971 1607 1039 ubicum-

270 1096 331 1159 que
353 1096 472 1143 vacare
496 1079 706 1163 contingeret,
731 1078 896 1145 collationi
921 1083 953 1145 et
977 1076 1181 1163 dispositioni
1204 1085 1392 1149 nostre...
1415 1078 1607 1146 duxeramus

269 1183 454 1269 specialiter
477 1185 682 1269 reservanda,
701 1238 708 1253 .
727 1234 734 1251 .
752 1235 760 1251 .
780 1185 1007 1252 Thilmannum
1030 1185 1152 1252 dictum
1176 1185 1218 1252 de
1234 1186 1365 1254 Summo
1382 1206 1492 1254 eorum
1509 1187 1607 1272 [oon]-

269 1292 458 1358 canonicum
489 1291 532 1358 ad
562 1291 683 1360 dictam
716 1293 886 1361 ecclesiam
917 1292 958 1359 de
982 1293 1170 1360 Bacharaoo
1194 1292 1236 1361 de
1261 1294 1349 1361 lacto
1374 1294 1478 1361 eidem
1502 1294 1607 1362 arohi-

269 1397 406 1466 diacono
430 1406 654 1485 presentarunt
677 1399 827 1485 idemque
850 1399 1099 1467 archidiaconns
1123 1400 1259 1467 eundem
1278 1402 1504 1469 Tbilmannum
1521 1402 1606 1469 sirni-

268 1506 342 1573 liter
365 1506 406 1574 de
429 1506 517 1573 facto
541 1508 681 1575 instituit
704 1509 737 1574 in
766 1514 1002 1575 rectorem...
1026 1509 1142 1575 Dictus
1166 1528 1293 1592 quoqne
1317 1509 1529 1577 Thilmannus
1545 1559 1553 1577 .
1572 1560 1605 1577 ..

269 1613 429 1700 prefatam
452 1615 623 1685 ecelesiam
644 1663 651 1678 .
671 1664 678 1681 .
697 1668 704 1684 .
726 1616 871 1702 pluribus
899 1616 992 1682 aunis
1016 1614 1155 1682 detinuit
1179 1624 1211 1682 et
1236 1615 1344 1683 adhuc
1367 1616 1492 1684 detinet
1515 1638 1607 1685 occu·

270 1729 390 1808 potam,
415 1723 537 1789 fructus
560 1724 742 1809 percipiens
766 1744 806 1789 ex
830 1723 953 1790 eadem.
991 1724 1059 1792 Nos
1082 1723 1192 1806 itaque
1213 1722 1477 1791 ...discretioni
1501 1730 1607 1792 vestre

271 1830 546 1914 ...mandamus
581 1832 741 1915 quatinus,
775 1833 900 1898 vocatis
928 1831 982 1914 qui
1010 1830 1130 1896 luerint
1161 1830 1355 1913 evocandi.
1375 1833 1453 1899 ..si
1477 1838 1526 1899 est
1549 1834 1605 1917 ita,

269 1937 449 2022 predictam
485 1937 655 2003 ecclesiam
690 1940 724 2004 in
758 1938 946 2004 Bacharaoo
981 1938 1029 2005 sic
1065 1944 1234 2004 vacantem
1270 1937 1374 2004 eidem
1405 1938 1606 2006 Theoderico

271 2044 465 2110 auctoritate
495 2052 605 2111 nostra
635 2046 782 2112 conferre
806 2052 839 2111 et
862 2045 1029 2130 assignare
1063 2047 1182 2112 curetis
1204 2094 1290 2110 ....
1314 2066 1378 2111 non
1406 2047 1607 2115 obstantibus

272 2151 436 2235 premissis
463 2158 497 2216 et
524 2152 596 2217 aliis
624 2152 876 2236 quibuscumque
909 2153 1040 2219 statutis
1070 2160 1103 2219 et
1127 2151 1412 2221 consuetudinibus
1440 2203 1447 2219 .
1478 2202 1485 2219 .
1515 2204 1523 2219 .
1551 2162 1607 2221 aut

273 2256 359 2340 quod
388 2257 458 2343 ipse
486 2260 519 2324 iu
544 2258 658 2324 eadem
688 2260 827 2325 ecclesia
848 2260 883 2326 S.
910 2258 1039 2326 llndree
1063 2266 1096 2325 et
1120 2258 1288 2325 Zeflicensi
1313 2259 1422 2326 Colon.
1448 2259 1532 2327 dioc.
1556 2282 1607 2328 eo-

273 2363 382 2431 clesiis
406 2365 617 2434 canonicatus
640 2372 673 2432 et
701 2365 881 2452 prebendas
904 2369 1048 2434 noscitur
1071 2368 1215 2433 obtinere
1240 2373 1272 2432 et
1296 2367 1382 2450 quod
1406 2369 1468 2435 sibi
1491 2368 1532 2434 de
1557 2390 1607 2435 oa·

271 2473 425 2539 nonicatu
457 2474 490 2537 in
524 2476 718 2541 monasterio
751 2475 936 2541 monialium
968 2475 1004 2539 B.
1031 2474 1132 2541 Maris
1155 2475 1189 2541 in
1214 2474 1375 2559 Capitolio
1399 2474 1509 2542 Oolon.
1537 2477 1606 2543 ord.

273 2580 306 2647 S.
324 2579 456 2663 Bencd.‚
487 2581 541 2648 ubi
565 2582 661 2648 etiam
690 2582 837 2648 canonici
860 2581 1021 2648 seculares
1045 2583 1187 2648 existunt
1211 2588 1243 2647 et
1267 2601 1338 2648 esse
1363 2590 1607 2667 consueverunt,

275 2687 473 2774 providimus
496 2696 529 2754 et
552 2689 748 2775 prebendam
765 2738 772 2754 .
792 2689 992 2759 ..duximus
1014 2688 1242 2755 reservandam
1260 2693 1293 2754 et
1308 2689 1395 2773 quod
1419 2692 1488 2776 ipse
1514 2692 1608 2757 bene·

274 2794 380 2860 ficium
405 2794 658 2861 ecclesiasticum
683 2816 755 2862 cum
779 2816 855 2861 cura
879 2797 932 2861 vel
955 2796 1023 2862 sine
1048 2815 1124 2861 eura
1148 2802 1299 2881 spectans
1323 2798 1533 2863 communiter
1556 2797 1607 2864 vel

275 2900 403 2967 divisim
431 2901 474 2966 ad
497 2902 701 2969 collationem
725 2904 775 2969 vel
804 2904 1075 2989 presentationem
1188 2904 1353 2975 abbatisse
1377 2910 1409 2969 ot
1433 2910 1607 2972 conventus

274 3007 353 3073 dicti
376 3009 560 3076 monasterii
584 3012 777 3076 auctoritate
801 3010 979 3095 apostoliea
996 3012 1138 3077 noscitur
1153 3016 1328 3096 expectare
1346 3060 1353 3075 .
1372 3060 1379 3076 .
1400 3058 1432 3076 ..
1452 3011 1607 3078 Volumus

274 3122 391 3196 auteur,
416 3115 502 3200 quod
525 3123 694 3202 postquam
719 3117 831 3201 vigore
856 3118 1014 3202 presentis
1037 3118 1141 3202 gratie
1165 3117 1272 3183 dictus
1285 3116 1505 3184 Theodericus
1528 3120 1608 3185 eius-

274 3221 348 3288 dem
377 3224 514 3291 ecclesie
544 3226 576 3289 in
602 3224 790 3291 Bacharaeo
824 3226 1059 3309 possessionem
1095 3223 1263 3311 pacificum
1298 3225 1397 3290 fuerit
1432 3232 1607 3308 assecutus,

274 3336 392 3395 extunc
415 3331 593 3416 apostolice
616 3332 732 3413 littere,
757 3332 875 3397 virtute
899 3352 1031 3415 quarum
1056 3330 1237 3398 huiusmodi
1259 3331 1450 3397 beneficium
1466 3332 1608 3398 noscitur

273 3443 446 3522 expectare
478 3446 511 3504 et
543 3458 711 3524 processus
744 3457 854 3504 earum
888 3440 1082 3505 auctoritate
1118 3437 1220 3505 habiti
1250 3458 1290 3504 ao
1313 3437 1607 3522 quicquidexiude

274 3551 418 3609 secutum
441 3551 492 3609 est
512 3594 520 3610 .
538 3592 545 3607 .
565 3594 573 3609 .
594 3545 621 3611 si
647 3566 723 3611 vero
753 3546 880 3610 interim
905 3546 1067 3631 prelatum
1090 3544 1326 3611 Theodericum
1350 3546 1461 3629 vigore
1484 3545 1607 3631 predic-

273 3656 375 3715 tarum
411 3650 589 3717 litterarum
618 3702 625 3717 .
656 3702 662 3717 .
693 3703 700 3717 .
730 3653 921 3719 beneficium
958 3661 1102 3719 curatum
1137 3652 1264 3735 assequi
1300 3654 1475 3738 contingat,
1511 3672 1606 3735 quam

273 3757 408 3841 primum
433 3756 512 3822 illud
536 3757 670 3843 pacifice
694 3758 793 3825 luerit
816 3768 992 3843 assecutus,
1017 3768 1134 3826 extunc
1158 3766 1324 3846 presentes
1339 3759 1445 3826 littere
1461 3808 1469 3824 .
1488 3809 1496 3825 .
1514 3808 1522 3825 .
1543 3760 1607 3825 sint

274 3882 366 3929 cassa
389 3870 422 3929 et
444 3864 533 3929 irrita
552 3914 559 3930 .
578 3914 612 3931 ..
644 3866 721 3933 Dat.
738 3866 832 3933 Avin.
856 3869 890 3933 ll
914 3888 1014 3935 nonas
1038 3868 1115 3934 maii
1139 3888 1169 3933 a.
1193 3865 1395 3935 duodecimo.

434 3987 507 4058 nep.
526 3990 563 4043 87
580 3989 604 4059 f.
626 3989 663 4044 12
681 4005 729 4044 nr.
748 3990 835 4045 2036.

380 4358 500 4425 14⁷⁹.
526 4361 613 4424 1328
635 4360 711 4425 Mat
739 4363 790 4426 12.
816 4359 982 4448 Avipaoa.

380 4502 539 4569 Iohannes
565 4503 665 4568 XXII
698 4503 838 4571 Hearico
868 4505 909 4571 de
934 4504 1042 4571 Berlra
1067 4504 1154 4572 dieto
1177 4505 1288 4572 Rolrer
1317 4506 1401 4573 laico
1426 4506 1537 4572 Calon.
1562 4525 1607 4572 re·

272 4616 382 4675 servat
415 4610 553 4675 officium
586 4610 703 4677 laicale
733 4631 789 4678 seu
818 4611 1016 4697 prebendam
1040 4613 1081 4678 ab
1105 4612 1178 4678 olim
1206 4612 1345 4679 conferri
1368 4633 1423 4680 seu
1448 4614 1606 4697 assignari

272 4716 366 4784 laicis
389 4722 585 4800 consuetam,
618 4725 819 4803 spectantem
848 4738 904 4785 seu
934 4728 1086 4804 spectans
1117 4718 1159 4785 ad
1183 4719 1426 4806 dispositionem
1450 4720 1606 4806 prepositi

272 4823 388 4891 decani
420 4832 452 4892 et
485 4826 618 4911 capituli
651 4826 730 4892 eccl.
754 4826 788 4892 S.
816 4827 971 4893 Gereonis
994 4827 1105 4894 Oolon.
1140 4828 1350 4895 communiter
1379 4829 1431 4896 vel
1465 4826 1606 4911 divisim,
