3642 5509
757 426 828 482 1334
847 425 966 480 lanuar
985 424 1028 481 25.

318 625 440 693 2187.
479 629 565 691 1334
589 627 728 693 Jaauar
753 627 806 691 25.
830 623 995 711 Auiprroo.

271 778 275 790 “
316 769 487 854 [lohannes
504 769 615 854 XXlll
640 769 750 835 abbati
775 767 960 835 monasterii
984 767 1015 832 S.
1032 766 1240 832 Pantaleonis
1264 774 1296 832 et
1319 765 1484 851 preposito
1509 766 1542 831 S.

210 875 356 942 Severini
380 898 419 942 ac
444 875 567 943 decano
592 877 624 943 S.
649 875 779 942 Andree
804 876 915 942 Colon.

318 983 391 1048 Vite
415 1005 454 1050 ac
477 1004 600 1049 morum
625 983 776 1049 honestas
794 1033 801 1048 .
821 1032 828 1048 .
847 1033 854 1047 .
872 982 952 1049 Cum
976 986 1086 1067 itaque
1108 983 1315 1047 canonicatus
1332 989 1364 1046 et
1380 981 1545 1066 prebenda

210 1089 547 1156 ecclesieWcrdensis
572 1091 659 1156 dicte
677 1089 813 1176 [Colum]
830 1088 914 1155 dioc.
940 1097 1030 1155 tanto
1054 1096 1198 1175 tempore
1221 1088 1262 1154 de
1286 1090 1354 1154 iure
1378 1090 1545 1154 vacavisse

211 1206 244 1262 et
268 1197 374 1263 adbuc
399 1219 515 1264 vacare
541 1198 706 1280 decantur,
741 1197 825 1281 quod
854 1218 963 1263 eorum
993 1197 1121 1262 collatio
1146 1196 1260 1261 estad
1285 1195 1394 1262 sedem
1416 1203 1544 1281 aposto-

210 1305 306 1370 licam
339 1305 513 1371 secundam
549 1312 671 1371 statuta
695 1304 925 1370 Lateranensis
953 1302 1080 1369 concilii
1104 1303 1248 1386 legitime
1272 1301 1435 1385 devoluta,
1470 1303 1547 1368 licet

211 1411 349 1477 dilectus
371 1411 455 1477 lilius
480 1413 688 1496 Engilbertus
712 1412 753 1477 de
776 1413 901 1497 Blegge
931 1413 1019 1496 ipsos
1047 1411 1269 1476 canonicatum
1294 1416 1327 1475 ct
1350 1408 1545 1496 prebendam

210 1524 359 1604 pretextu
385 1519 551 1586 cuiusdam
575 1521 820 1605 permutationis
844 1519 885 1584 de
910 1518 1049 1602 quadam
1067 1517 1261 1603 parrochiali
1277 1517 1425 1598 ecclesia,
1450 1538 1544 1601 quam

210 1625 251 1692 de
280 1626 368 1691 facto
403 1626 578 1708 detinebat,
615 1647 686 1692 cum
721 1628 912 1692 canonicatu
942 1633 974 1690 ct
1003 1624 1168 1710 prebenda
1196 1623 1351 1710 predictis
1379 1625 1477 1707 lactc,
1510 1633 1546 1690 ut

210 1731 339 1814 dicitur,
364 1731 419 1798 diu
444 1731 617 1798 detinuerit
642 1740 675 1798 et
698 1732 805 1799 adbuc
830 1731 976 1798 detineat
999 1738 1185 1817 occupatos,
1209 1752 1268 1797 nos
1289 1732 1433 1797 volentes
1456 1731 1545 1796 dicto

211 1840 350 1906 Henrico
369 1839 540 1924 [Viustingi
559 1840 599 1905 dc
616 1839 784 1906 Scholaria
809 1840 919 1905 clerici
937 1838 1137 1905 coloniensis
1161 1837 1312 1922 diocesis]
1331 1839 1544 1923 ...gratiam

210 1947 319 2013 facere
343 1948 526 2032 specialem,
551 1946 738 2013 discretioni
764 1951 899 2013 vestre.
918 1998 924 2012 .
942 1996 950 2011 .
971 1945 1171 2026 mandamus,
1195 1947 1370 2030 quatinus.
1389 1947 1465 2012 ..si
1491 1967 1545 2011 vo·

212 2059 285 2119 cato
316 2052 403 2120 dicto
427 2054 617 2140 Engilberto
647 2063 679 2120 et
709 2055 791 2138 aliis,
825 2056 879 2138 qui
904 2055 1023 2119 luerint
1047 2052 1217 2136 evocandi,
1250 2054 1343 2119 vobis
1367 2054 1547 2118 constiterit

212 2160 258 2226 ita
282 2181 354 2228 esse
372 2209 379 2226 .
398 2211 405 2226 .
424 2211 431 2226 .
449 2161 673 2228 canonicatum
697 2171 730 2227 et
754 2161 951 2247 prebendam
976 2159 1104 2227 eosdem
1120 2211 1127 2225 .
1146 2210 1153 2226 .
1172 2209 1180 2226 .
1197 2160 1284 2226 dieto
1308 2161 1448 2227 Henrioo
1472 2181 1546 2226 auc-

213 2270 343 2335 toritate
372 2279 481 2336 nostra
511 2271 657 2335 conterre
681 2279 714 2335 et
738 2271 903 2353 assignare
928 2269 1047 2334 curetis
1179 2269 1253 2334 Dat.
1278 2269 1372 2333 Avin.
1397 2269 1478 2336 VllI
1501 2269 1546 2334 l'e-

211 2377 330 2441 bruarii
355 2397 384 2442 a.
409 2375 663 2457 decimooctavo.

361 2502 435 2572 Rep.
456 2503 511 2558 106
528 2518 576 2556 ar.
595 2501 664 2557 302.

319 2788 444 2856 2188.
475 2792 562 2855 1334
585 2791 739 2856 Februar
761 2792 792 2854 8.
818 2788 1009 2876 (Aoipaoa.)

319 2931 478 2998 Iohannes
510 2933 608 2998 XXII
643 2931 791 3017 Adolpbo
825 2933 978 3018 episcopo
1011 2932 1187 2999 Leodiensi
1220 2932 1362 3016 mandat,
1396 2935 1545 3016 quatinus

211 3037 361 3126 Adolpbo
393 3046 469 3105 nato
501 3039 636 3124 Ruperti
670 3039 796 3105 comitis
823 3038 865 3104 de
889 3038 1110 3105 Virnenburcb
1134 3041 1290 3106 canonico
1318 3039 1397 3105 eccl.
1421 3039 1455 3104 S.
1485 3041 1545 3106 Ge·

211 3147 317 3212 reonis
341 3146 450 3212 Colon.
485 3146 632 3212 conferat
665 3145 743 3212 eccl.
778 3145 880 3212 Leod.
914 3147 1138 3211 canonicatum
1163 3152 1197 3212 et
1223 3145 1431 3231 prebendam,
1465 3167 1545 3230 quas

211 3252 375 3319 Gerardus
398 3252 439 3318 de
464 3253 666 3337 Vimenborg
690 3253 855 3337 resignare
878 3251 1054 3319 desiderat.

318 3361 480 3428 Nobilitas
507 3361 644 3446 generis,
675 3363 740 3427 vite
769 3410 776 3426 .
807 3411 814 3426 .
844 3393 860 3426 ‚¹
900 3361 976 3426 Dat.
1001 3361 1047 3426 Vl
1075 3359 1149 3427 idus
1172 3360 1325 3428 februarii
1350 3382 1380 3427 a.
1405 3360 1545 3429 decimo·

212 3475 338 3535 octavo.

372 3557 444 3627 Rep.
464 3558 519 3611 107
537 3572 587 3611 ar.
605 3557 670 3612 255.

319 3797 443 3864 2189.
475 3800 576 3880 (1334
599 3821 657 3865 am
680 3801 870 3880 Februurl)
899 3798 1089 3887 (Aoipaoo.)

319 3940 490 4025 [lohannes
514 3941 625 4027 XXII]
651 3941 805 4009 Walrano
829 3943 1075 4030 archiepiscopo
1098 3944 1290 4012 Coloniensi.

319 4047 448 4114 Pridem
473 4048 515 4114 ad
545 4056 686 4115 nostram
716 4052 848 4117 veniens
883 4053 1077 4138 presentiam
1111 4052 1248 4119 dilectus
1279 4053 1362 4118 iilius
1394 4054 1548 4137 magister

214 4153 412 4220 Godolridus
441 4154 547 4222 dictus
575 4157 617 4221 dc
647 4155 767 4223 Sancto
792 4157 966 4224 Ouniberto
995 4160 1167 4225 canonicus
1191 4159 1390 4226 Coloniensis
1412 4161 1547 4227 nuncius

213 4269 285 4326 tuus
310 4263 402 4328 nobis
425 4269 479 4328 tue
503 4263 715 4330 iratemitatis
739 4265 863 4330 litteras
886 4273 1099 4352 presentarut,
1128 4287 1207 4350 quos
1237 4265 1366 4350 quidem
1395 4268 1545 4333 nuncium

212 4376 246 4434 et
279 4369 402 4435 litteras
434 4371 573 4454 benigne
606 4371 785 4456 recepimus
818 4380 861 4455 et,
894 4393 957 4456 que
990 4375 1059 4459 ipse
1092 4357 1150 4459 pro
1182 4383 1274 4460 parte
1302 4382 1357 4440 tua
1385 4394 1546 4460 exponere

214 4475 314 4541 voluit
338 4475 488 4560 dictoque
512 4479 719 4544 continebant
743 4479 859 4561 littere,
883 4480 978 4565 pleno
996 4479 1183 4563 collegimus
1202 4481 1379 4547 intellectu.
1410 4481 1454 4546 Et
1470 4481 1546 4547 licet

213 4581 319 4648 dictus
342 4585 477 4649 nuncius
500 4605 596 4670 super
620 4586 812 4668 quibusdam
834 4589 940 4654 verbis
963 4589 1174 4655 excusatoriis
1198 4609 1255 4674 per
1278 4609 1349 4655 eum
1374 4591 1546 4676 propositis

213 4709 248 4756 se
272 4691 304 4754 in
332 4691 470 4756 animam
501 4702 587 4757 tuam
621 4693 832 4759 iuramentum
865 4696 1071 4780 prestiturum
1098 4716 1134 4762 se
1163 4695 1302 4779 offerret,
1335 4717 1394 4763 nos
1426 4704 1544 4780 umen,

212 4797 266 4879 qui
296 4795 337 4862 de
367 4805 423 4862 tua
450 4798 637 4866 sinceritate
671 4801 814 4886 plenarie
848 4801 1048 4868 confidentes
1080 4802 1270 4887 quibusdam
1303 4803 1450 4888 sinistris,
1483 4823 1546 4887 que
