3642 5509
272 451 326 508 430
818 451 888 509 1332
906 449 1026 510 Januar
1044 451 1087 509 28.

273 636 409 703 ecclesie
433 635 620 722 dispendiis,
657 655 718 718 que
751 641 883 721 propter
917 634 1070 701 diutinam
1105 633 1392 702 administrationis
1429 633 1603 700 carentiam

272 750 382 830 posset
404 745 575 826 incurrere,
599 793 659 809 ...
685 763 869 828 precavere,
900 750 946 822 ut,
971 744 1116 826 quamvis
1140 743 1263 808 litteras
1287 743 1374 828 ipsas
1396 763 1460 808 nou
1483 741 1605 808 habeas

271 872 332 918 ncc
348 851 509 934 ostendas,
533 850 575 916 ad
592 850 727 916 eandem
744 849 902 916 accedere
923 852 1087 936 ipsiusque
1111 849 1419 916 administrationem
1443 851 1604 935 suscipere

272 961 438 1044 ipsamque
462 981 519 1044 per
536 967 567 1024 te
584 959 635 1025 vel
652 967 724 1023 tuos
748 959 886 1023 vicarios
910 957 1064 1024 officiales
1089 963 1121 1022 et
1145 959 1306 1023 ministros
1329 959 1362 1022 iu
1386 957 1604 1043 spiritualibus

271 1075 305 1132 et
328 1066 555 1151 temporalibus
579 1065 721 1150 plenarie
753 1085 853 1148 usque
881 1065 924 1130 ad
949 1073 1086 1148 quatuor
1110 1085 1235 1130 menses
1259 1085 1279 1130 a
1302 1063 1380 1130 data
1404 1065 1604 1150 presencium

272 1173 503 1259 computandos
526 1192 638 1256 gerere
663 1173 773 1239 valeas
800 1222 860 1241 ...
888 1172 947 1238 tibi
971 1171 1176 1240 concedimus
1200 1222 1207 1238 .
1227 1221 1233 1235 .
1253 1221 1260 1236 .
1282 1171 1480 1237 facultatem.
1527 1173 1603 1238 Dat.

271 1282 364 1346 Avin.
390 1283 435 1347 Vl
459 1281 503 1346 kl.
529 1281 682 1347 februarii
707 1302 737 1346 a.
761 1279 992 1346 sextodecimo,

380 1390 416 1454 ln
440 1409 468 1453 ο.
493 1410 534 1452 m.
560 1387 702 1473 capitulo
726 1388 805 1454 eccl.
830 1388 941 1454 Colon.

377 1497 415 1560 ln
439 1516 467 1560 e.
492 1517 533 1560 m.
559 1495 690 1561 vasallis
714 1495 793 1561 eccl.
818 1495 929 1561 Colon.

431 1643 504 1712 nep.
524 1644 581 1697 roe
598 1658 646 1696 nr.
665 1643 749 1709 1349,
768 1643 853 1710 1350,
873 1645 967 1710 rean-
985 1644 1037 1698 uz.
1065 1643 1146 1696 1512.

376 1932 506 1999 2⁰88.
533 1934 619 1997 1332
642 1932 782 1999 Januar
805 1934 858 1996 28.
884 1930 1049 2018 Acipoorr.

377 2076 546 2140 Iohannes
571 2076 683 2139 XXII
705 2076 864 2157 decernit,
889 2077 978 2160 quod
995 2078 1149 2161 provisio
1173 2076 1308 2143 ecclesie
1334 2077 1540 2144 Colonieneis
1563 2076 1603 2141 de

262 2205 414 2269 persona
444 2183 608 2248 Walrume'
628 2184 726 2267 sucta
747 2184 891 2267 perinde
915 2185 1027 2249 caleat
1051 2205 1118 2248 oon
1142 2186 1293 2249 obstante
1317 2185 1450 2270 defectu
1475 2185 1602 2248 etotia¹.

367 2301 547 2410 llobannes
571 2325 681 2410 XXII]
706 2326 868 2392 Walramo
894 2326 997 2392 electo
1023 2327 1215 2394 Coloniensi.

375 2432 566 2498 Deuotionis
590 2439 644 2497 tue
667 2432 914 2500 sinceritas...
940 2435 1048 2520 Nuper
1072 2434 1229 2518 siquidem
1255 2435 1392 2499 ccclesia
1409 2433 1603 2514 Coloniensi,

268 2562 325 2625 per
354 2541 474 2606 obitum
503 2541 554 2605 bo.
580 2559 640 2604 me.
670 2540 803 2606 Henrici
833 2540 1070 2627 archiepiscopi
1102 2543 1310 2623 Coloniensis
1345 2542 1435 2608 cuius
1466 2539 1602 2606 ecclesie

268 2647 483 2734 provisionem
508 2655 584 2713 ante
608 2649 710 2732 ipsius
739 2648 861 2713 obitum
896 2648 1098 2734 dispositioni
1131 2650 1309 2735 apostolice
1342 2648 1600 2733 reserva[vimus]

270 2757 502 2840 ...regimine
526 2755 683 2821 destituta
706 2757 854 2839 pastoris,
878 2776 961 2823 nos.
982 2806 1015 2820 ..
1041 2757 1082 2822 dc
1106 2779 1245 2844 persona
1267 2765 1323 2824 tua
1341 2807 1347 2822 .
1366 2806 1400 2822 ..
1427 2761 1600 2822 memorate

267 2863 414 2944 ecclesie,
439 2860 607 2928 credentes
630 2870 662 2927 te
686 2861 728 2928 ad
754 2862 815 2928 hoc
837 2863 1047 2929 sufficientem
1071 2870 1147 2930 tunc
1163 2864 1282 2932 habere
1299 2872 1427 2940 etatem,
1453 2863 1601 2929 duximus

268 2970 499 3055 providendum
617 2969 824 3037 Postmodum
849 2989 925 3036 vero
949 2990 1007 3056 per
1033 3020 1040 3036 .
1069 3021 1076 3037 .
1104 2970 1306 3038 Guillclmum
1332 2973 1479 3038 comitem
1504 2971 1598 3036 Iulia-

267 3098 394 3144 censem
417 3097 604 3161 germanum
628 3082 726 3160 tuum,
751 3077 805 3160 qui
830 3084 873 3160 te,
896 3085 931 3142 ut
948 3079 1094 3162 asseruit,
1120 3084 1195 3144 tune
1216 3081 1313 3146 etatis
1329 3079 1371 3144 ad
1387 3079 1449 3145 boc
1472 3078 1599 3164 ydonee

266 3185 336 3250 fore
361 3183 526 3268 credebat,
558 3186 651 3250 nobis
675 3184 784 3250 extitit
806 3185 998 3262 intimatum,
1032 3185 1117 3269 quod
1143 3193 1176 3252 tu
1203 3187 1395 3271 provisionis
1419 3184 1598 3252 huiusmodi

267 3299 412 3378 tempore
435 3293 468 3356 in
484 3293 637 3358 vicesimo
654 3294 750 3358 etatis
766 3299 820 3358 tue
836 3312 920 3357 anno
937 3312 1009 3359 eras
1032 3293 1253 3359 tantummodo
1278 3294 1479 3377 constitutus,
1501 3312 1598 3376 quare

266 3419 362 3484 super
386 3399 447 3464 hoc
473 3399 667 3465 certificatus
691 3400 815 3484 plenius
838 3400 931 3465 nobis
954 3399 1117 3466 humiliter
1140 3401 1346 3487 supplicavit,
1371 3408 1406 3467 ut
1429 3400 1599 3488 providere

265 3507 325 3571 tibi
349 3526 444 3592 super
466 3505 529 3571 boc
554 3505 594 3571 de
618 3512 774 3591 oportuno
806 3504 947 3572 remedio
976 3505 1190 3590 dignaremur.
1239 3509 1307 3575 Nos
1336 3509 1433 3592 igitur
1460 3558 1519 3573 ...
1545 3508 1598 3574 de·

267 3614 432 3695 cernimus,
458 3611 543 3694 quod
566 3612 745 3678 huiusmodi
763 3612 804 3677 dc
821 3618 854 3678 te
877 3614 1004 3697 prolate
1028 3615 1164 3679 ecclesie
1187 3614 1276 3680 lecta
1298 3617 1440 3700 provisio
1465 3616 1598 3703 perinde

267 3719 376 3786 valeat
492 3719 621 3784 delectu
651 3721 748 3785 etatis
777 3719 924 3804 predicto
949 3726 981 3786 et
1005 3721 1199 3804 quibuslibet
1223 3724 1503 3788 constitutionibus
1526 3743 1597 3788 con-

266 3827 373 3891 trariis
396 3846 598 3908 nequaquam
622 3826 848 3893 obstantibus.
868 3877 874 3891 .
894 3877 901 3892 .
927 3829 1002 3893 Dat.
1019 3830 1113 3894 rivin.
1128 3830 1156 3893 V
1173 3828 1217 3893 kl.
1236 3830 1387 3896 lebroarii
1411 3851 1440 3895 a.
1457 3831 1547 3896 XVI.

425 3976 498 4045 1209.
518 3977 573 4030 116
589 3977 614 4045 r.
634 3977 699 4031 2511
717 3993 764 4031 nr.
784 3979 859 4031 1315
866 3993 879 4045 ,·
898 3978 949 4032 ez.
970 3978 1045 4031 1512
1062 3993 1092 4032 e.
1111 3979 1138 4033 e.

371 4265 502 4334 2080.
529 4270 615 4332 1332
639 4267 778 4335 Juauor
800 4227 861 4337 29.κ
884 4269 1050 4358 Aee'qoon.

372 4410 531 4478 lohannes
555 4411 654 4477 XXlI
690 4411 852 4479 Walramo
885 4414 988 4480 electo
1012 4414 1121 4481 Colon.
1155 4415 1188 4479 in
1221 4415 1395 4482 minoribus
1428 4415 1595 4484 dumtaxat

265 4516 428 4583 ordinibus
452 4520 626 4584 constituto
651 4518 799 4585 concedit
824 4521 1023 4603 facultatem,
1047 4529 1082 4586 ut
1105 4545 1125 4588 a
1148 4542 1348 4606 quocumque
1372 4524 1520 4590 maluerit
1543 4547 1596 4590 an·

264 4625 366 4690 tistitc
390 4645 499 4690 omncs
522 4645 631 4694 sacros
655 4626 783 4692 ordines
806 4630 935 4694 statutis
956 4650 977 4694 a
1000 4628 1067 4694 iure
1090 4631 1287 4715 temporibus
1310 4633 1454 4717 recipcre
1478 4633 1594 4700 valeat.

364 4829 390 4895 1)
411 4828 498 4885 Cous.
517 4830 666 4884 Deetsclre
684 4829 959 4886 Stddteclrrorre'keo
979 4833 1035 4887 Bd.
1055 4833 1136 4888 XIV.
1157 4832 1338 4905 Eleleitunq
1356 4834 1388 4890 S.
1407 4835 1451 4890 97.
