3642 5509
858 453 929 512 1329
947 455 1029 512 Mlira
1047 454 1072 511 ’1.
1567 453 1620 509 933

283 639 376 704 uobis
410 637 555 704 exhibita
588 638 783 721 continebat,
818 637 905 720 quod
940 636 1060 702 dudum
1093 643 1231 702 vacante
1261 635 1456 722 parrochiali
1481 635 1619 701 ecclesia

284 746 317 810 iu
334 746 483 830 Wclnige
499 745 708 812 Treverensis
732 744 870 810 diocesis
895 743 938 808 ad
961 745 1062 828 ipsius
1087 744 1212 809 comitis
1234 743 1505 829 presentationem
1529 761 1618 827 spcc·

284 859 383 936 tante,
414 851 499 918 idem
524 872 631 918 comes
655 854 687 917 in
712 858 868 917 rectorem
894 849 1037 916 ciusdem
1061 851 1197 915 ecclesie
1221 850 1303 915 infra
1327 857 1452 935 tempus
1476 848 1619 914 debitum

285 966 470 1044 presentare
503 981 542 1025 ac
575 959 637 1024 loci
671 958 850 1024 ordinarius
881 977 939 1023 seu
972 958 1038 1039 alii,
1072 956 1114 1022 ad
1144 978 1224 1040 quos
1248 977 1381 1042 persone
1405 958 1563 1023 institutio
1586 957 1619 1020 in

285 1073 440 1132 rectorem
465 1065 607 1132 eiusdem
637 1066 774 1131 ecclesie
798 1065 991 1151 pertinebat,
1019 1064 1186 1131 instituere
1211 1064 1242 1129 in
1267 1064 1368 1149 ipsius
1391 1066 1527 1131 ecclesie
1551 1085 1620 1131 rec·

285 1180 385 1239 torem
409 1193 577 1258 personam
602 1173 743 1256 aliquam
767 1192 825 1258 per
848 1171 1079 1256 negligentiam
1104 1171 1288 1252 omiserunt,
1322 1173 1369 1237 sic
1393 1171 1478 1254 quod
1502 1179 1620 1239 extunc

285 1279 398 1346 eadem
422 1280 560 1347 ecclesia
584 1287 675 1346 tanto
699 1286 842 1364 tempore
865 1280 996 1345 vacavit
1020 1286 1052 1343 et
1074 1277 1181 1344 adlruc
1197 1299 1314 1344 vacare
1330 1278 1516 1362 dinoscitur,
1534 1279 1620 1363 quod

285 1388 352 1452 eins
377 1395 426 1454 est
451 1387 581 1454 collatio
604 1386 781 1454 secundnm
806 1393 929 1452 statuta
947 1387 1176 1452 Lateranensis
1200 1386 1328 1452 concilii
1353 1385 1395 1451 ad
1419 1385 1528 1451 sedem
1545 1407 1620 1471 apo·

285 1496 430 1561 stolicam
455 1496 599 1579 legitime
623 1495 786 1562 devoluta.
834 1497 901 1562 Nos
925 1497 1112 1577 itaque...
1136 1494 1331 1558 lratcmitati
1355 1501 1409 1558 tue
1433 1493 1620 1560 conferendi

284 1602 346 1668 hoc
370 1604 441 1668 vice
465 1605 658 1669 auctoritate
681 1611 791 1669 nostra
814 1604 918 1689 ipsam
942 1603 1122 1685 ecclesiam,
1157 1602 1183 1666 si
1212 1602 1367 1687 premissa
1389 1601 1551 1667 inveneris
1574 1603 1620 1667 ita

285 1729 390 1793 esse,.
409 1730 593 1795 ..persone
617 1710 754 1796 ydonee,
787 1730 881 1793 quam
906 1710 965 1775 tibi
987 1709 1074 1775 idem
1100 1729 1207 1774 comes
1231 1708 1360 1774 duxerit
1382 1707 1619 1790 nominandam,

285 1824 317 1882 et
334 1816 374 1883 de
390 1817 446 1883 illa
462 1817 523 1884 sibi
547 1818 643 1883 etiam
668 1816 859 1902 providendi
883 1837 924 1883 ac
946 1816 1121 1882 inducendi
1140 1865 1147 1881 .
1165 1865 1173 1881 .
1192 1866 1199 1879 .
1217 1822 1324 1881 amoto
1349 1816 1389 1881 ab
1414 1836 1453 1881 ea
1476 1814 1619 1898 quolibet

285 1923 398 1990 illicito
423 1923 591 1990 detentore
615 1971 621 1986 .
642 1973 675 1989 ..
698 1923 954 1990 contradictores
978 1944 1105 2007 quoque
1129 1923 1323 1988 auctoritate
1347 1928 1456 1989 nostra
1479 1921 1620 2007 appella·

286 2033 372 2097 tione
396 2031 576 2116 postposita
600 2029 850 2115 compescendi.
870 2080 876 2095 .
897 2080 903 2095 .
921 2030 1128 2096 concedimus
1146 2079 1153 2094 .
1172 2078 1179 2094 .
1198 2079 1205 2094 .
1223 2029 1409 2094 facultatem
1428 2077 1435 2093 .
1454 2078 1460 2093 .
1480 2080 1486 2093 .
1506 2078 1513 2093 .
1544 2028 1618 2093 Dat.

286 2138 380 2203 Avin.
405 2159 507 2204 nonas
531 2137 638 2203 martii
662 2158 691 2203 a.
717 2136 955 2203 terciodecimo.

434 2262 507 2332 1109.
527 2261 566 2315 90
583 2262 607 2332 f.
627 2262 693 2315 152‘
712 2277 759 2316 ar.
779 2263 861 2314 1416.

392 2540 514 2606 1684.
540 2542 627 2605 1329
651 2542 748 2605 Mdrz
774 2542 994 2628 010190οο

392 2684 553 2749 lohannes
568 2683 668 2747 XXII
692 2683 827 2748 Iohanni
852 2682 893 2748 dc
915 2685 1042 2768 Syberg
1067 2683 1192 2749 confert
1215 2684 1249 2747 in
1273 2683 1412 2749 ecclesia
1435 2683 1619 2750 monasterii

284 2790 467 2857 monialium
493 2790 529 2856 B.
555 2791 656 2856 Marie
680 2790 713 2854 in
737 2790 897 2875 Capitolio
922 2791 1032 2857 Oolon.
1058 2789 1125 2856 ord.
1150 2791 1184 2854 S.
1204 2789 1382 2873 Benedicti,
1412 2792 1443 2854 in
1467 2811 1531 2873 qua
1554 2811 1620 2856 cer-

285 2907 335 2964 tus
359 2898 584 2964 canonicorum
608 2896 798 2964 secularium
819 2904 851 2962 et
868 2896 1103 2982 prebendarum
1127 2897 1293 2963 solitarum
1318 2896 1454 2963 ecclesie
1478 2897 1620 2963 eiusdem

285 3005 448 3070 canonicis
472 3005 631 3086 assignari
655 3003 776 3086 existit,
810 3003 1045 3087 canonicatum,
1079 3003 1276 3088 prebendam
1301 3024 1377 3069 vero
1401 3003 1544 3069 ciusdem
1569 3025 1620 3071 ec·

285 3113 382 3178 clesie
406 3118 438 3176 et
461 3111 704 3196 prestimonium
737 3131 792 3176 seu
827 3111 1050 3176 obedienciam
1075 3117 1131 3175 aut
1156 3112 1271 3175 curtim
1296 3113 1346 3176 vel
1371 3110 1529 3176 decimam
1552 3113 1621 3178 sive

285 3218 454 3286 ecclesiam
479 3224 665 3283 consuetum
689 3235 745 3282 seu
770 3224 954 3283 consuetam
980 3218 1144 3283 canonicis
1168 3217 1375 3301 prebendatis
1404 3216 1546 3283 eiusdem
1570 3239 1620 3284 ec·

285 3326 382 3392 clesie
405 3325 439 3390 in
462 3331 651 3410 perpetuum
677 3323 864 3391 beneficium
890 3325 1048 3408 assignari
1073 3323 1177 3390 eidem
1203 3331 1356 3405 reservat,
1385 3326 1621 3391 nonobstante

285 3432 370 3515 quod
395 3434 426 3498 iu
450 3432 529 3498 eccl.
554 3433 587 3496 S.
615 3431 746 3516 Georgii
781 3431 1004 3497 canonicatum
1030 3437 1063 3496 et
1086 3431 1283 3516 prebendam
1313 3432 1437 3498 obtinet
1463 3453 1503 3498 ac
1526 3434 1620 3499 bene-

284 3539 390 3605 ficium
423 3539 678 3606 ecclesiasticum
712 3559 783 3604 cum
817 3538 1007 3623 anima[rum
1032 3539 1120 3624 cura]
1144 3538 1288 3606 vel'siue
1318 3539 1507 3624 anima[rum
1531 3541 1619 3627 cura]

284 3645 326 3712 ad
351 3645 593 3732 dispositionem
618 3646 734 3712 decani
758 3655 790 3712 et
815 3647 948 3731 capituli
964 3647 1165 3713 Coloniensis
1189 3649 1398 3713 communiter
1418 3648 1470 3713 vel
1491 3647 1620 3715 divisim

284 3761 435 3839 spectans
459 3753 651 3819 auctoritate
675 3753 854 3839 apostolica
879 3761 1041 3838 expectat.

391 3859 587 3926 Laudabilia
610 3867 664 3925 tue
688 3861 929 3946 probitatis...
977 3862 1052 3926 Dat.
1078 3862 1173 3926 Aviu.
1198 3882 1299 3928 nonas
1324 3865 1428 3928 martii
1453 3885 1482 3928 a.
1507 3864 1620 3930 tercio·

285 3966 421 4034 decimo.

391 4073 429 4138 In
453 4094 480 4140 0.
498 4095 538 4139 m.
563 4073 743 4140 Bunnensis
768 4075 877 4141 Colon.
903 4076 987 4141 dioc.
1013 4085 1045 4141 et
1068 4077 1101 4140 S.
1121 4077 1266 4142 Severini
1291 4076 1402 4144 Colou.
1428 4078 1560 4145 (lucanis
1581 4101 1620 4145 ac

283 4181 437 4266 magistro
460 4182 579 4247 Busolo
604 4180 645 4247 de
670 4183 786 4248 Parma
810 4184 965 4249 canonico
990 4184 1125 4249 Tornac.
1150 4185 1229 4250 eccl.
1256 4186 1423 4269 capellano
1447 4186 1568 4272 papali.

439 4297 496 4366 aq.
517 4296 556 4350 90
572 4295 598 4366 f.
618 4299 674 4350 143
692 4313 740 4351 nr.
760 4297 844 4352 roae.

391 4576 513 4644 1⁰85.
540 4580 626 4643 1329
650 4581 749 4644 Mdrz
774 4582 803 4644 7.
829 4577 995 4666 Aoipaou.

392 4719 552 4787 Iohannes
578 4721 677 4786 XXII
718 4722 901 4788 Hermanno
937 4721 978 4788 de
1014 4723 1234 4808 Bureushcym
1270 4725 1425 4790 canonico
1455 4723 1534 4790 eccl.
1559 4723 1619 4791 SS.

285 4829 511 4914 Apostolorum
529 4827 639 4894 (lolon.
665 4835 809 4896 reservat
832 4831 864 4894 in
888 4829 1003 4896 eadem
1027 4830 1105 4896 cccl.
1131 4830 1322 4915 dignitatem
1340 4831 1392 4897 rel
1416 4839 1619 4916 personatum
