3642 5509
801 451 873 513 1330
890 447 1068 528 September
1086 451 1129 510 99.

396 717 519 791 1958.
546 726 634 790 1330
656 723 852 808 September
874 723 928 786 29.
953 720 1118 808 Aelqaoa.

393 866 552 934 Iohannes
576 865 675 932 XXII
709 865 849 930 Henrico
878 863 920 930 de
945 861 1137 928 Attindarne
1167 863 1322 928 canonico
1351 861 1431 928 eccl.
1460 863 1495 927 Β.
1520 861 1621 926 Mario

287 975 446 1058 Aquensis
470 973 571 1040 Leod.
596 972 679 1038 dioc.
704 970 863 1055 indulget,
887 977 924 1037 nt
939 971 971 1034 in
989 970 1097 1053 aliquo
1122 969 1346 1036 beneficiorum
1370 988 1497 1036 suorum
1521 967 1622 1033 eccle·

286 1083 498 1162 siasticorum,
532 1100 595 1164 que
626 1099 710 1144 nunc
739 1078 863 1144 obtinet
887 1083 919 1143 et
943 1077 1103 1143 obtinebit
1126 1076 1343 1162 imposterum,
1377 1074 1547 1142 residendo
1571 1075 1623 1140 vel

287 1188 467 1274 disciplinis
490 1185 670 1254 scolasticis
693 1187 726 1250 in
750 1185 832 1267 loco,
856 1185 910 1250 uhi
935 1183 1074 1249 studium
1099 1183 1210 1268 vigeat
1234 1183 1395 1268 gencrale,
1420 1188 1475 1248 aut
1491 1183 1621 1247 Henrici

287 1295 330 1362 de
352 1294 528 1381 Spainhem
558 1293 712 1379 prepositi
742 1292 821 1358 eccl.
852 1291 1012 1374 Aquensis
1035 1290 1136 1356 Leod.
1170 1289 1266 1374 dioc,
1300 1291 1390 1356 cuius
1423 1289 1558 1354 clericus
1589 1295 1622 1355 et

286 1403 430 1469 notarius
459 1401 581 1481 existit,
614 1397 792 1465 insistendo
821 1398 947 1463 fructus
974 1397 1211 1463 beneficiorum·
1231 1417 1369 1479 snorum,
1403 1403 1436 1462 ct
1464 1397 1491 1462 si
1519 1395 1621 1480 digni-

286 1515 372 1576 tates
396 1508 447 1575 vel
480 1512 669 1592 personatus
702 1511 758 1572 aut
791 1503 899 1571 officia
928 1503 1047 1570 fuerint
1071 1511 1103 1570 ct
1126 1524 1234 1570 curam
1264 1503 1406 1570 habeant
1434 1504 1621 1585 animarum,

286 1616 460 1683 dummodo
493 1612 674 1680 huiusmodi
708 1612 884 1697 dignitates
917 1611 948 1677 in
981 1611 1221 1678 cathedralibus
1245 1613 1381 1677 maiores
1405 1617 1478 1696 post
1501 1611 1621 1696 episco-

287 1725 378 1810 pales
402 1723 453 1791 vel
476 1723 509 1787 in
533 1720 714 1804 collegiatis
746 1720 941 1805 principales
975 1737 1038 1784 non
1071 1719 1222 1801 existant,
1257 1738 1357 1802 usque
1385 1717 1427 1783 ad
1451 1718 1621 1783 triennium

286 1833 422 1917 integre,
450 1828 623 1897 cotidianis
646 1826 926 1893 distributionibus
949 1824 1119 1892 dumtaxat
1144 1826 1289 1910 exceptis
1311 1825 1479 1911 percipere
1504 1825 1620 1891 valeat.

393 1937 560 2003 Attributa
583 1935 642 2000 tibi
666 1935 780 2000 merita
807 1981 868 2000 ...
915 1933 991 1998 Dat.
1016 1932 1110 2000 Avin.
1135 1933 1185 1997 ΙΙΙ
1209 1931 1254 1998 kl.
1280 1933 1420 1998 octobris
1443 1951 1473 1997 a.
1498 1933 1621 2016 quinto-

227 2065 238 2085 ⁴
287 2046 424 2112 decimo.

394 2153 431 2218 In
456 2171 485 2217 e.
510 2171 552 2216 m.
586 2150 749 2236 preposito
774 2150 810 2214 B.
837 2149 939 2215 Marie
963 2149 1106 2215 Traiect.
1139 2147 1241 2214 Leod.
1274 2147 1359 2214 dloc.
1391 2153 1423 2212 et
1450 2146 1621 2213 scolastico

287 2258 452 2325 Tullensis
475 2279 514 2324 ac
540 2256 704 2323 Bernardo
728 2256 769 2323 de
792 2256 963 2323 Hulhoven
988 2257 1142 2322 canonico
1165 2255 1266 2322 Leod.
1291 2255 1509 2322 ecclesiarum.

450 2383 749 2452 mmmm

390 2653 512 2721 laba.
542 2656 629 2721 1330
651 2655 845 2741 September
867 2656 921 2719 29.
950 2652 1115 2742 Aoiqaoo.

392 2793 553 2861 Iohannes
580 2793 680 2858 XXII
714 2793 868 2878 magistro
902 2792 1083 2860 Godefrido
1115 2791 1157 2858 dc
1189 2791 1223 2859 S.
1257 2791 1430 2859 euniberto
1463 2791 1618 2859 canonico

285 2900 395 2970 Gelon.
419 2907 564 2967 reservat
592 2901 626 2966 in
655 2901 788 2966 civitate
811 2899 862 2967 vel
886 2899 1009 2966 diocesi
1033 2897 1135 2965 Leod.
1160 2896 1360 2984 dignitatem,
1389 2899 1562 2966 dummodo
1584 2901 1618 2965 in

284 3009 423 3076 ecclesia
446 3007 621 3093 collegiata
643 3028 707 3073 non
730 3006 826 3074 fuerit
853 3005 1051 3093 principalis,
1080 3027 1144 3073 non
1168 3007 1316 3074 obstante
1340 3008 1426 3093 quod
1449 3010 1482 3073 in
1506 3006 1617 3074 Goion.

284 3117 509 3182 canonicatum
545 3121 578 3181 et
613 3112 809 3200 prebendam
844 3134 884 3180 ac
918 3115 952 3179 in
986 3112 1089 3179 Leod.
1120 3114 1198 3180 cccl.
1231 3116 1454 3182 canonicatum
1485 3121 1518 3182 et
1547 3136 1618 3200 par-

284 3221 462 3289 rochialem
485 3221 657 3288 ecclesiam
680 3221 713 3286 in
729 3220 917 3286 Wailharen
932 3218 1033 3286 Leod.
1052 3220 1138 3286 dioc.
1163 3221 1287 3287 obtinet
1309 3241 1432 3288 necnon
1456 3223 1488 3289 in
1505 3221 1616 3289 eadem

286 3328 389 3397 Leod.
422 3329 502 3396 eccl.
537 3327 734 3414 prebendam
769 3349 809 3394 ac
841 3326 1033 3412 dignitatern
1063 3328 1115 3393 vel
1145 3335 1350 3413 personatum
1382 3349 1439 3396 seu
1468 3328 1616 3411 officium,

287 3438 399 3503 maiori
423 3436 583 3520 dignitate
612 3441 685 3520 post
714 3434 931 3520 episcopalem
960 3441 1108 3520 excepta,
1142 3437 1254 3520 vigore
1287 3436 1464 3502 litterarum
1494 3443 1617 3522 aposto

285 3544 419 3611 licarnm
452 3549 620 3629 expectat3
654 3561 735 3625 quas
763 3541 892 3624 quIdem
922 3542 1046 3608 litteras
1079 3563 1309 3628 processusque
1344 3542 1461 3608 exinde
1492 3543 1618 3609 habit-as

286 3672 372 3737 papa
396 3656 513 3718 cassat.
544 3648 622 3715 Vult
645 3655 763 3731 antem,
797 3648 881 3732 quod
906 3648 1103 3716 Godeiridns
1127 3649 1238 3734 vigore
1272 3650 1364 3716 buius
1388 3652 1492 3735 gratie
1516 3649 1618 3733 digni·

285 3765 386 3826 tatem
417 3760 469 3827 vel
501 3764 706 3845 personatum
739 3775 796 3823 seu
831 3765 975 3823 curatum
1005 3758 1142 3824 officium
1171 3765 1337 3826 assecutus
1364 3758 1543 3844 predIctam
1571 3756 1617 3822 di·

284 3867 392 3932 mittat
414 3865 649 3953 parrochialem
673 3864 854 3932 ecclesiam.

391 3972 586 4040 Litterarum
620 3972 767 4057 scientia,
802 3971 869 4038 vite
898 4021 905 4037 .
936 4021 943 4037 .
975 4023 983 4038 .
1030 3973 1107 4038 Dat.
1131 3972 1227 4040 Avin.
1256 3975 1307 4040 III
1335 3973 1381 4039 kl.
1415 3974 1554 4041 octobris
1585 3993 1616 4038 a.

285 4079 536 4164 quintodecimo.

391 4189 429 4253 In
452 4208 480 4254 e.
507 4209 548 4253 m.
582 4186 615 4254 S.
641 4185 772 4272 Georgii
796 4176 907 4254 Goion.
938 4193 970 4253 et
998 4186 1031 4254 S.
1057 4188 1170 4255 Crucis
1193 4187 1296 4254 Leod.
1326 4188 1458 4255 decanIs
1487 4208 1526 4254 ac
1554 4207 1618 4254 ma·

284 4296 384 4380 gistro
408 4295 528 4361 Iacobo
552 4294 593 4361 de
616 4294 740 4361 Mutina
762 4294 943 4362 scolasticis
967 4295 1128 4363 Tullensis
1151 4297 1230 4361 eccl.
1255 4297 1423 4382 capellano
1447 4294 1565 4382 papali.

436 4419 509 4489 Reg.
527 4420 565 4474 97
582 4435 631 4474 ar.
650 4421 714 4474 816.

392 4678 515 4748 1969.
543 4682 631 4749 1330
652 4680 847 4769 September
862 4681 917 4749 29.
942 4681 1106 4771 Aoiqooa.

391 4824 552 4893 Iohannes
574 4825 674 4891 XXII
709 4825 863 4892 Wernero
890 4831 967 4892 nato
991 4825 1144 4892 Iohannis
1172 4825 1214 4893 de
1239 4824 1380 4894 Vlaccen
1404 4826 1515 4896 militis
1543 4847 1615 4895 con·
