3642 5509
828 446 899 501 1330
916 446 999 500 1111110
1023 446 1064 502 19.

373 710 496 777 1865.
531 713 620 775 1330
643 713 741 774 Mdrz
764 711 818 774 19.
844 707 1010 795 Aoipnors.

374 854 533 919 Iohannes
548 854 647 918 XXII
671 851 834 936 Rayrnaro
860 857 935 916 nato
961 851 1093 917 Haurioi
1117 850 1158 918 de
1183 853 1298 917 Bruele
1322 851 1446 917 confert
1470 852 1548 917 0001.
1565 851 1599 916 S.

267 960 432 1027 Onniberti
455 960 566 1025 Coton.
591 960 826 1040 canonicatum,
850 959 1048 1043 probandam
1073 980 1149 1025 vero
1175 958 1278 1024 eidem
1303 965 1456 1025 reservat.

375 1067 549 1132 Probitatis
572 1073 627 1131 tue
649 1066 763 1131 merita
789 1115 796 1130 .
823 1114 831 1131 .
857 1114 864 1129 .
907 1067 983 1130 Dat.
1008 1067 1103 1130 Avin.
1128 1066 1226 1131 XIIII
1252 1066 1297 1130 kl.
1321 1065 1433 1150 aprilis
1456 1087 1485 1130 a.
1511 1084 1601 1146 qnar-

266 1173 438 1239 todeeimo.

374 1282 411 1344 In
427 1300 455 1346 0.
473 1303 514 1346 m.
547 1281 581 1346 S.
608 1280 839 1346 Panthaleonis
862 1287 895 1345 01
919 1279 952 1345 S.
969 1280 1099 1345 Martini
1124 1280 1234 1345 Oolon.
1259 1281 1521 1346 monasteriorum
1547 1279 1600 1344 alr·

267 1388 395 1452 batibur
418 1409 458 1454 ao
482 1387 607 1453 decano
631 1389 710 1453 eool.
735 1389 768 1454 S.
794 1387 925 1470 Georgii
950 1385 1061 1452 001011.

415 1512 488 1580 Ray.
508 1511 547 1564 96
565 1527 612 1566 nr.
632 1512 718 1565 3316.

373 1791 495 1857 1866.
521 1792 609 1855 1330
632 1793 730 1856 Mdrz
756 1793 808 1857 19.
831 1790 998 1879 Aoipnorr.

373 1932 532 1998 Iohannes
556 1933 655 1997 XXII
684 1934 855 2018 Eymundo
880 1943 956 1999 nato
981 1932 1143 2017 Eymundi
1168 1933 1209 1998 de
1234 1932 1325 1998 Velle
1361 1933 1485 1999 confert
1520 1933 1600 1998 0001.

266 2041 300 2106 S.
324 2041 471 2106 Severini
496 2040 606 2106 Coton.
632 2041 865 2117 canonicatum,
894 2040 1092 2124 prebendam
1117 2061 1193 2104 vero
1222 2039 1325 2105 eidem
1349 2047 1501 2105 reservat.

373 2148 537 2211 Attribnta
561 2147 620 2238 tibi
643 2148 833 2212 merita...
872 2149 947 2212 Dat.
972 2148 1067 2212 Arin.
1092 2146 1192 2210 XIIII
1216 2146 1261 2210 Iri.
1286 2147 1397 2231 aprilis
1421 2168 1450 2211 a.
1475 2153 1601 2229 quarto·

267 2253 403 2318 deoimo.

376 2361 411 2424 In
435 2381 462 2426 o.
489 2383 530 2424 rn.
566 2362 600 2424 S.
626 2361 854 2427 Pantlraleonis
877 2370 910 2426 et
934 2365 968 2426 S.
994 2360 1130 2426 Materni
1156 2363 1189 2441 (I)
1215 2360 1475 2426 monasteriorum
1505 2360 1601 2425 abba·

266 2468 351 2533 tibus
375 2488 414 2533 ao
438 2467 561 2531 decano
586 2467 663 2531 0001.
689 2468 722 2533 S.
745 2469 877 2551 Georin
902 2469 1012 2534 001011.

420 2583 477 2651 Rq.
497 2581 536 2634 96
554 2598 601 2634 nr.
621 2584 705 2635 3317.

377 2864 500 2930 1867.
526 2866 614 2928 1330
637 2862 739 2948 Apin
765 2867 816 2928 10.
842 2863 1007 2950 Aoiprrorr.

372 3006 533 3071 Iohannes
554 3006 653 3070 XXII
691 3007 875 3071 Hermanno
905 3013 980 3070 nato
1009 3005 1174 3087 Hildegeri
1205 3004 1284 3069 dieti
1315 3004 1355 3068 de
1381 3005 1500 3069 Baculo
1525 3006 1605 3070 rivis

267 3113 377 3178 Colon.
402 3113 528 3178 confert
561 3114 641 3178 eeol.
666 3114 862 3178 Xanetensis
886 3112 996 3178 Coton.
1032 3111 1116 3176 dioe.
1143 3113 1376 3191 canonicatum,
1408 3111 1602 3196 prebendam

268 3241 345 3285 vero
369 3219 474 3284 eidem
500 3228 653 3285 reservat.

374 3326 469 3392 Sedis
493 3327 670 3411 apostolice
693 3326 802 3411 ampla
828 3377 835 3391 .
866 3377 872 3389 .
903 3376 910 3391 .
966 3327 1043 3390 Dat.
1069 3324 1164 3390 Asin.
1190 3324 1261 3389 idus
1286 3326 1397 3409 aprilis
1421 3347 1450 3390 a.
1476 3331 1601 3409 quarto-

269 3433 405 3498 deoimo.

375 3544 408 3605 111
434 3563 460 3605 0.
479 3564 520 3606 ro.
545 3540 578 3605 S.
604 3541 730 3605 Martini
756 3549 789 3605 01
813 3540 846 3605 S.
870 3540 1101 3606 Panthaleonis
1126 3541 1238 3607 Colon.
1263 3540 1527 3606 monasteriorum
1550 3541 1604 3603 ab·

265 3648 393 3713 batibus
415 3668 454 3712 ao
479 3648 617 3712 Henrioo
642 3647 683 3713 de
708 3647 829 3717 Iuliaeo
854 3649 1012 3713 canonico
1037 3647 1178 3713 Traieot.

428 3773 501 3840 Req.
520 3772 558 3824 95
577 3787 617 3824 nr
645 3773 726 3825 1188.

375 4034 495 4099 1868.
529 4037 611 4098 1320
634 4033 737 4119 April
763 4038 814 4099 16.
844 4035 1010 4122 Aviprroo.

371 4181 531 4247 Iohannes
563 4183 662 4247 XXII
695 4183 907 4248 Godefridnur
942 4183 982 4248 00
1011 4183 1165 4248 Μο111οἰ10
1195 4183 1385 4248 monaelrum
1409 4191 1442 4248 et
1466 4185 1601 4269 priorem

264 4289 470 4354 claustralem
499 4289 685 4355 monasterii
710 4291 932 4355 Browilreusis
957 4288 1026 4355 ord.
1052 4291 1085 4355 S.
1112 4291 1231 4355 Borrod.
1257 4291 1367 4356 Colon.
1392 4290 1475 4357 dioc.
1501 4299 1601 4357 trans-

266 4395 330 4459 fert
353 4397 385 4460 in
411 4397 636 4461 monasterium
662 4397 899 4481 Sybergensem
932 4396 1074 4462 eiusdem
1104 4397 1173 4462 ord.
1199 4405 1232 4462 01
1255 4397 1339 4463 0100.
1364 4397 1532 4481 eidemque
1557 4419 1603 4465 re-

264 4509 371 4566 servat
396 4502 584 4568 beneficium
609 4505 864 4570 ecclesiasticum
888 4524 960 4568 oum
985 4525 1063 4569 eura
1080 4504 1130 4569 vel
1154 4505 1222 4570 sino
1247 4525 1334 4584 eura,
1359 4507 1455 4570 etiam
1481 4505 1506 4570 si
1532 4505 1601 4588 dig-

264 4609 348 4674 nitas
373 4609 422 4674 vel
447 4609 683 4675 administratio
706 4630 762 4676 seu
787 4611 948 4695 prioratus
964 4617 1019 4676 aut
1037 4619 1227 4696 personatus
1244 4632 1300 4678 sen
1316 4611 1454 4676 offieium
1473 4613 1600 4694 existat,

265 4716 355 4781 ouius
378 4715 500 4781 fruetus
524 4716 657 4800 triginta
680 4717 882 4783 marcharum
906 4719 1034 4801 argenti
1058 4717 1233 4784 seeundum
1258 4721 1454 4785 taxationem
1477 4717 1602 4784 deoIme

265 4822 407 4889 valorem
431 4844 571 4889 annuum
594 4845 657 4890 non
681 4823 852 4907 excedunt,
881 4824 924 4890 ad
949 4825 1191 4910 dispositionem
1216 4826 1344 4894 abbatis
1368 4834 1400 4894 et
1424 4833 1600 4892 conventus
