3642 5509
272 407 326 464 3³6
854 405 926 460 1330
944 404 1019 460 Junt
1036 404 1062 459 5.

274 587 448 654 cotidianis
471 586 749 652 distributionibus
780 583 949 660 dumtaxat
977 583 1133 669 exceptis,
1166 585 1331 668 usquead
1355 585 1603 669 quinquennium

273 695 398 761 valeret
421 694 597 780 percipere,
632 692 737 758 denuo
760 691 917 775 indulget,
950 699 986 756 nt
1017 691 1140 757 fructus
1172 693 1309 757 omnium
1338 713 1465 759 suorum
1490 691 1603 757 beneti-

273 803 392 868 ciorum
427 801 728 882 ecclesiasticorum,
763 819 826 883 que
861 818 945 862 nuuc
978 797 1102 862 obtinet
1132 804 1165 862 et
1187 798 1311 865 interim
1336 820 1409 865 eum
1433 799 1603 883 contigerit

274 909 421 993 adipisci,
451 910 548 974 etiam
571 907 598 972 si
623 907 797 990 dignitates
821 904 872 971 vel
896 911 1087 989 personatus
1110 907 1252 972 existant
1275 913 1308 972 et
1331 926 1440 972 curam
1463 906 1603 972 babeant

274 1016 461 1098 animarum,
487 1022 620 1098 integre,
646 1012 816 1078 cotidianis
840 1010 1118 1077 distributionibus
1141 1011 1311 1079 dumtaxat
1326 1014 1482 1099 exceptis,
1506 1034 1603 1097 usque

275 1120 317 1187 ad
341 1121 511 1186 triennium
536 1141 555 1186 a
578 1120 640 1185 fine
675 1119 753 1184 dicti
789 1118 996 1202 quinquennii
1030 1119 1183 1184 inantea
1218 1120 1466 1205 computandum
1495 1121 1603 1201 libere,

274 1228 453 1294 scolasticis
486 1226 663 1312 disciplinis
687 1226 719 1290 in
743 1226 824 1307 loco,
859 1225 913 1290 ubi
936 1223 1077 1289 studium
1100 1227 1252 1308 generale
1276 1229 1396 1311 vigeat,
1429 1227 1603 1292 insistendo

275 1335 326 1400 vel
349 1333 438 1420 apud
461 1333 570 1400 sedem
595 1332 804 1417 apostolicam
829 1352 949 1396 moram
967 1331 1123 1397 trahendo
1140 1353 1196 1398 seu
1213 1335 1245 1398 in
1261 1334 1364 1399 altero
1382 1333 1603 1400 beneficiorum

274 1463 402 1509 suorum
426 1440 606 1523 residendo,
630 1441 796 1524 percipere
819 1439 938 1504 valeat.

382 1548 432 1614 Ex
456 1556 511 1614 tue
534 1546 713 1612 devotionis
737 1546 857 1612 meritis
875 1595 883 1611 .
902 1595 936 1610 ..
983 1547 1059 1612 Dat.
1082 1549 1176 1613 nonis
1198 1549 1275 1613 iunii
1300 1569 1329 1614 a.
1355 1548 1606 1632 quartodecimo.

382 1654 563 1722 iudicibus:

381 1761 541 1842 Quocirca
565 1759 749 1826 discretioni
775 1767 880 1825 vestre
898 1807 904 1822 .
925 1809 932 1825 .
951 1809 959 1825 .
980 1759 1179 1844 mandamns,
1214 1763 1363 1844 quatinus
1387 1782 1444 1827 vos
1467 1762 1519 1828 vel
1542 1760 1606 1826 duo

274 1878 330 1938 aut
353 1890 433 1936 nnus
457 1887 515 1954 per
540 1887 596 1934 vos
619 1874 682 1933 etc.
707 1876 741 1932 ut
764 1868 797 1932 in
821 1867 934 1932 forma.

423 2011 496 2079 ch.
514 2011 567 2062 115
582 2025 631 2078 ps.
653 2009 689 2062 H
702 2009 726 2078 f.
746 2010 811 2062 158¹
830 2025 876 2062 nr.
898 2009 987 2073 1896ς
1008 2009 1060 2063 Rc.
1080 2009 1155 2063 1326
1172 2025 1203 2062 m
1223 2012 1240 2062 1
1258 2009 1431 2075 (merodosc).

382 2313 499 2381 1⁹14.
525 2315 613 2379 1330
635 2316 722 2381 Just
743 2315 775 2380 5.
801 2312 996 2400 (Aoipraoc.)

383 2458 542 2524 Iohannes
558 2458 658 2522 XXII
682 2456 816 2522 lobanni
833 2456 874 2522 dc
890 2457 1007 2540 Siberg
1028 2458 1183 2523 canonico
1200 2457 1279 2522 eccl.
1296 2457 1329 2522 S.
1348 2457 1479 2541 Georgii
1497 2456 1608 2524 Gelon.

275 2565 421 2649 indulget
444 2565 649 2649 supplicanti,
682 2571 717 2627 ut
740 2564 919 2628 scolasticis
943 2562 1123 2648 disciplinis
1145 2565 1176 2627 in
1202 2565 1284 2646 loco,
1317 2563 1370 2628 ubi
1399 2562 1539 2629 studium
1563 2565 1610 2629 vi-

275 2679 354 2756 geat
386 2671 548 2756 gencrale,
581 2670 731 2735 insistens
764 2670 815 2734 vel
848 2669 935 2754 apud
964 2668 1073 2736 sedem
1098 2670 1309 2754 apostolicam
1333 2690 1453 2737 moram
1477 2670 1609 2736 trahens

276 2780 401 2844 fructus
433 2778 571 2843 omniurn
605 2775 829 2841 beneticiorum
863 2795 991 2841 suorum
1024 2777 1326 2859 ecclesiasticorum,
1356 2797 1418 2859 que
1448 2797 1533 2843 nuuc
1556 2779 1609 2842 ob-

276 2887 357 2951 tinet
380 2891 413 2950 et
435 2886 642 2969 imposterum
666 2883 833 2966 obtinebit,
866 2885 964 2948 etiam
993 2884 1020 2948 si
1049 2881 1224 2966 dignitates
1247 2884 1298 2949 vel
1328 2890 1518 2969 personatus
1542 2885 1609 2950 exi·

275 2997 362 3058 stant
394 2997 427 3056 et
461 3010 570 3056 curam
604 2989 744 3054 babeant
776 2990 964 3072 animarum,
996 2990 1131 3072 integre,
1165 2990 1302 3056 cotianis
1330 2989 1609 3057 distributionibus

276 3099 445 3164 dumtaxat
468 3097 624 3183 exceptis,
648 3096 815 3181 usquead
839 3097 1009 3162 triennium
1033 3097 1199 3182 percipere
1222 3097 1341 3163 valcat.

382 3205 506 3272 Meritis
529 3212 583 3270 tue
606 3203 787 3271 devotionis
804 3253 811 3266 .
828 3253 861 3268 ..
909 3205 985 3269 Dat.
1008 3205 1102 3270 nonis
1123 3205 1202 3269 iunii
1225 3224 1254 3269 a.
1280 3204 1533 3288 quartodecimo.

437 3337 511 3406 Περ.
530 3338 584 3390 115
600 3351 648 3404 ps.
668 3335 740 3404 lif.
758 3337 814 3389 158
831 3351 879 3388 mr.
899 3335 993 3402 1894;
1012 3335 1063 3389 Rz.
1083 3335 1169 3389 1326.

383 3634 500 3701 1⁹15.
538 3635 811 3701 1330Jam17.
840 3633 1006 3720 Aciqaoo.

385 3777 553 3842 Iohannes
580 3779 689 3841 XXII
709 3779 858 3843 totaliter
881 3779 969 3843 tollit
993 3783 1024 3842 et
1047 3786 1176 3844 amovet
1199 3800 1222 3844 o
1244 3780 1383 3846 civitate
1405 3777 1609 3867 Mamaeam

278 3905 408 3950 omnem
430 3885 603 3950 irstcrda‘cti
626 3887 836 3968 sententiam,
862 3887 893 3951 si
916 3907 1018 3970 qoam
1041 3907 1081 3951 ea
1103 3887 1248 3952 incurrit
1271 3907 1315 3951 ex
1338 3907 1386 3962 co,
1410 3888 1500 3972 qaod
1522 3889 1609 3953 cives

276 3994 519 4057 monasteriam
543 3993 578 4058 S.
603 3991 730 4057 Albani
753 4000 783 4057 et
808 3992 982 4058 ecclesiam
1005 3993 1041 4058 S.
1070 3995 1214 4059 Victoris
1240 4013 1351 4079 prope
1383 4015 1499 4059 maroa
1531 3996 1607 4060 cici-

277 4099 358 4163 tolis
374 4099 563 4180 diruerant,
588 4108 619 4164 et
642 4099 1069 4165 moomtemams.1acooi
1092 4102 1129 4165 ia
1145 4101 1360 4187 fortalicium
1382 4109 1608 4184 mutaverant,

277 4225 340 4288 quo
364 4205 484 4270 melica
502 4213 641 4290 possent
666 4206 847 4292 defendere
880 4207 1050 4271 civitatem
1082 4209 1124 4272 ab
1150 4207 1212 4287 lita,
1245 4210 1303 4291 qai
1326 4209 1474 4273 Hearico
1502 4209 1608 4273 orobi-

277 4313 431 4396 episcopo
454 4311 672 4394 rebellabant,
705 4313 857 4396 quodque
884 4333 1053 4397 personas
1081 4315 1323 4380 ecclesiasticos
1349 4315 1387 4379 ia
1415 4314 1515 4380 dictis
1541 4333 1609 4380 mo·

277 4419 436 4484 comeriis
466 4425 497 4482 et
525 4420 663 4483 cocleam
695 4424 948 4502 commorantes,
981 4421 1039 4504 qui
1067 4420 1231 4487 adherent
1258 4422 1395 4486 cuidam
1417 4441 1480 4506 pro
1503 4422 1609 4487 admi·

276 4526 458 4590 mistrctore
487 4525 621 4590 ecclesie
645 4527 844 4611 Maqaatc'ne
867 4526 908 4590 de
929 4526 1034 4611 facto,
1066 4548 1134 4592 moa
1158 4528 1198 4594 de
1220 4529 1296 4594 iare
1318 4550 1353 4594 se
1376 4530 1515 4613 peremti,
1549 4550 1607 4595 ec·

271 4631 447 4717 poterant,
470 4632 661 4696 verberibus
684 4633 868 4718 affecerunt
893 4639 923 4696 et
945 4633 1219 4699 vulneraverant.

381 4773 554 4859 [lohannes
575 4773 685 4858 XXll]
710 4773 761 4838 Ad
784 4774 924 4839 futuram
948 4775 996 4840 rei
1019 4778 1213 4844 memoriam.
