3642 5509
756 421 825 487 1327
844 423 929 502 April
947 421 990 486 21.
1503 422 1539 490 19

205 611 239 678 S.
257 609 386 678 Andree
411 605 522 677 Goion.
547 632 586 677 ac
611 607 727 678 Busolo
752 610 792 677 de
816 613 933 678 Parma
957 611 1125 696 capellano
1148 611 1258 696 papali
1282 613 1437 678 canonico
1460 613 1538 679 Tor·

205 719 352 786 nacensis
375 719 592 788 ecelesiarum.

367 863 438 931 aeq.
460 864 500 916 sc
518 862 542 932 f.
562 861 629 916 321¹
648 879 696 917 nr.
718 863 800 917 roos.

313 1202 430 1268 118⁰.
457 1205 544 1268 1327
569 1202 671 1290 Apra'l
695 1205 748 1268 21.
781 1201 948 1290 Aoipooo.

313 1345 473 1411 lohannes
497 1347 596 1411 XXII
620 1346 785 1432 preposito
808 1345 995 1412 Zeflicensis
1024 1351 1057 1411 et
1080 1346 1203 1410 cantori
1227 1345 1406 1413 Bunnensis
1429 1345 1539 1412 Oolon.

207 1451 289 1517 dioc.
326 1475 365 1519 ac
401 1455 555 1536 magistro
591 1453 760 1519 Ambrosio
796 1453 837 1518 (16
872 1452 1068 1537 Lamayrola
1102 1453 1258 1517 canonico
1292 1452 1541 1518 Mediolanensis

206 1558 284 1624 eccl.
310 1559 454 1643 mandat,
484 1561 635 1643 quatinus
658 1559 793 1625 Iohanni
818 1559 858 1624 de
882 1559 1153 1624 Rumershirchen
1184 1559 1361 1644 presbitero
1385 1566 1540 1644 perpetuo

207 1667 327 1732 vicario
362 1668 395 1731 in
431 1667 568 1732 eeclesia
603 1667 644 1732 (16
680 1667 831 1750 RInstorp
860 1666 971 1732 Colon.
1007 1665 1090 1731 dioc.
1127 1665 1272 1731 consenc
1307 1671 1340 1730 et
1374 1667 1541 1748 assignare

207 1781 318 1839 curent
341 1774 576 1859 parrochialem
601 1774 771 1841 ecclesiam
795 1773 836 1838 (16
853 1773 972 1859 Spelen
996 1772 1105 1838 Oolon.
1131 1771 1213 1838 dioc
1238 1779 1407 1838 vacantem
1432 1792 1472 1837 ex
1489 1793 1538 1854 eo,

207 1882 294 1964 quod
326 1883 394 1948 eius
428 1881 557 1948 collatio
592 1882 634 1948 ad
667 1880 778 1948 sedem
812 1881 1022 1966 apostolicam
1044 1881 1137 1945 iuxta
1159 1879 1389 1946 Lateranensis
1412 1881 1541 1945 concilii

207 1994 329 2053 statuta
352 1997 402 2054 est
426 1987 589 2054 devoluta.

314 2095 500 2180 Apostolice
524 2095 611 2161 sedis
635 2094 948 2180 circumspecta...
978 2094 1053 2160 Dat.
1071 2093 1164 2160 Avin.
1190 2093 1239 2158 XI
1262 2092 1308 2157 hl.
1332 2093 1409 2157 maii
1433 2114 1463 2158 a.
1486 2113 1541 2158 un-

207 2199 342 2268 decimo.

367 2334 440 2404 Ray.
459 2337 496 2389 84
513 2334 538 2404 s.
558 2333 627 2389 292¹
644 2351 693 2390 nr.
710 2335 794 2390 2773.

315 2650 424 2717 1181.
460 2653 546 2716 1327
570 2649 673 2736 April
696 2652 750 2714 21.
778 2647 943 2736 Avipnon.

299 2791 473 2859 'lohannes
498 2793 597 2857 XXII
633 2791 756 2857 decano
790 2797 822 2856 et
855 2791 1056 2856 thesaurario
1088 2789 1274 2855 Monosterii
1301 2787 1407 2874 Eyflie
1430 2787 1540 2854 Colon.

208 2900 292 2966 dioc.
328 2921 367 2966 ac
401 2901 556 2984 magistro
591 2899 760 2964 Ambrosio
796 2897 837 2962 (16
871 2897 1068 2981 Lamayrola
1103 2897 1258 2961 canonico
1293 2895 1542 2961 Mediolanensis

209 3008 286 3077 eccl.
311 3007 453 3090 mandat,
479 3007 627 3090 quatinus
650 3005 825 3070 Iohannem
849 3010 959 3069 natum
982 3002 1113 3068 Henrici
1138 3003 1180 3068 (16
1203 3002 1409 3086 Hugilhoven
1433 3001 1542 3067 militis

210 3115 359 3180 clericum
382 3115 492 3180 Goion.
518 3113 602 3179 dioc.
627 3114 808 3198 cupientem
841 3132 905 3177 una
938 3131 1010 3176 cum
1043 3111 1162 3176 abbate
1193 3117 1226 3176 et
1254 3115 1412 3175 conventu
1435 3129 1543 3174 mona·

209 3223 296 3288 steni
320 3221 521 3287 Stabulensis
545 3219 613 3286 ord.
638 3221 672 3285 S.
696 3219 818 3284 Bened.
842 3217 944 3283 Leod.
970 3217 1054 3283 dioc.
1078 3218 1110 3282 in
1135 3215 1249 3282 eodem
1272 3216 1465 3281 monasterio
1488 3212 1541 3302 do-

209 3330 294 3394 mino
329 3328 480 3394 famulari
515 3327 615 3413 recipi
650 3327 772 3392 faciant
805 3327 838 3390 in
868 3325 939 3411 ipso
967 3325 1159 3389 monasterio
1182 3323 1216 3387 in
1239 3322 1427 3387 monachum
1453 3321 1542 3386 etin

210 3435 340 3501 fratrem
376 3455 435 3522 „ac
459 3435 488 3500 ei
512 3434 553 3500 dc
583 3434 802 3500 communibus
836 3432 979 3498 eiusdem
1011 3431 1195 3497 monasterii
1225 3429 1433 3514 proventibus
1459 3429 1544 3494 sicut

210 3545 263 3608 uni
288 3563 328 3608 ex
352 3543 491 3609 aliis...
508 3542 633 3626 integre
658 3537 876 3625 6666661661.ιι

317 3650 527 3736 Cupientibus
543 3651 642 3715 vitam
659 3648 777 3714 ducere
791 3697 798 3712 .
814 3697 844 3713 ..
875 3649 951 3713 Dat.
970 3647 1065 3712 Avin.
1083 3645 1145 3710 XV
1161 3644 1206 3709 hl.
1224 3644 1300 3710 maii
1316 3665 1346 3709 a.
1362 3641 1542 3709 undecimo.

369 3796 442 3864 aaa.
461 3797 498 3848 64
515 3793 540 3863 f.
559 3792 629 3848 aaa
648 3807 696 3847 ar.
715 3792 798 3846 2775.

317 4131 434 4198 1182.
461 4134 548 4197 1327
571 4130 676 4218 April
698 4132 751 4195 21.
776 4128 943 4214 Aoipoon.

318 4295 477 4362 Iohannes
493 4293 592 4360 XXII
627 4290 793 4358 Bernardo
817 4295 893 4355 nato
919 4286 1080 4372 quondam
1103 4282 1247 4351 Renardi
1271 4282 1312 4349 de
1335 4280 1466 4348 Eutvelt
1488 4279 1545 4346 mi·

211 4404 275 4470 litis
299 4405 455 4471 canonico
480 4402 558 4468 eccl.
577 4402 612 4466 B.
630 4401 732 4466 Mario
748 4398 908 4481 Aquensis
923 4393 1025 4461 Leod.
1051 4393 1133 4459 dioc.
1159 4390 1422 4458 consideracione
1438 4387 1546 4453 Caroli

211 4513 348 4578 Ihanoie
372 4519 405 4577 et
421 4511 567 4578 Navarre
591 4509 676 4592 regis
699 4528 758 4592 pro
775 4526 812 4571 eo
834 4503 1046 4589 supplicantis
1070 4499 1270 4567 reservatio
1294 4497 1383 4563 dicta
1406 4493 1546 4562 ecclesia

212 4620 402 4705 dignitatem
426 4618 479 4686 vel
511 4621 716 4703 personatum
750 4633 806 4680 seu
840 4611 979 4676 officium
1012 4628 1084 4674 cum
1115 4627 1193 4673 cura
1216 4606 1268 4672 vel
1291 4605 1360 4671 sine
1383 4623 1472 4686 cura,
1502 4599 1546 4667 ad

213 4729 439 4810 cuiuscumque
462 4724 515 4791 vel
538 4711 808 4807 quorumcumque
833 4716 1075 4803 dispositionem
1099 4719 1260 4800 spectans.

264 4892 351 4939 vaflk.
358 4891 485 4946 1166661611
499 4888 531 4935 ll.
1385 4824 1403 4878 3
