3642 5509
292 446 344 506 516
875 451 946 508 1337
964 446 1047 507 biara
1066 446 1092 507 5.

292 629 513 697 Baldewiuum
538 631 815 716 archiepiscopum
834 632 1066 698 Treverensem
1089 629 1298 698 dinoscuntur
1320 633 1457 699 invicem
1480 639 1624 717 tangere,

291 737 333 803 ad
357 745 467 824 partes
495 739 567 804 illas
596 739 781 824 specialiter
812 739 1020 822 destinamus,
1055 746 1197 806 mutuam
1226 742 1308 806 inter
1331 760 1389 807 vos
1412 747 1446 806 et
1472 791 1480 806 .
1508 791 1515 806 .
1545 791 1551 804 .
1576 742 1624 807 lo·

291 845 429 911 hannem
453 866 563 930 regem
586 847 717 912 Boemie
741 847 906 928 illustrem,
936 849 963 913 si
988 855 1020 913 et
1043 853 1139 932 prout
1162 868 1234 913 eum
1257 850 1414 934 premissa
1438 848 1625 932 contingunt

290 954 343 1018 vel
366 960 499 1038 possunt
523 954 719 1038 contingere,
745 953 940 1039 procurandi
956 961 989 1018 et
1006 953 1149 1020 faciendi
1173 955 1377 1021 concordiam
1401 965 1434 1021 et
1450 956 1624 1020 amicitiam

291 1061 542 1126 concesserimus
565 1061 649 1126 inter
673 1066 782 1126 cetera
806 1067 1010 1146 potestatem,
1044 1063 1190 1128 volumus
1221 1069 1328 1128 tamen
1358 1113 1365 1126 .
1392 1115 1398 1126 .
1425 1112 1432 1127 .
1458 1061 1542 1145 quod
1566 1063 1624 1127 sub

290 1174 439 1253 pretextu
464 1168 570 1234 colore
599 1174 655 1232 aut
687 1168 814 1233 nomine
844 1167 1017 1234 concordie
1042 1175 1075 1233 ct
1098 1170 1240 1235 amicitie
1264 1169 1444 1235 huiusmodi
1470 1169 1520 1235 vel
1545 1169 1625 1234 alias

290 1273 535 1358 quoquomodo
559 1295 655 1360 super
678 1274 858 1341 assistendo
889 1276 923 1339 in
946 1276 1071 1360 guerris
1095 1276 1146 1341 vel
1175 1276 1428 1343 dissensionibus
1452 1276 1549 1342 alicui
1574 1276 1624 1341 vel

289 1381 447 1466 aliquibus
471 1383 582 1448 autin
606 1383 822 1448 nominatione
846 1401 902 1448 seu
934 1384 1090 1448 electione
1119 1384 1205 1467 regis
1229 1384 1445 1449 Romanomm
1468 1384 1501 1449 in
1524 1384 1624 1469 impe·

288 1496 427 1555 retorem
444 1489 663 1582 prqmovendi,
688 1490 716 1556 si
735 1509 806 1555 eam
824 1488 891 1556 fieri
911 1492 1121 1575 contingeret,
1146 1498 1202 1556 aut
1218 1489 1326 1556 dando
1342 1491 1394 1557 vel
1418 1489 1625 1556 concedendo

287 1617 345 1684 per
369 1604 401 1663 te
424 1597 476 1663 vel
500 1598 596 1663 alium
621 1617 678 1663 seu
707 1597 787 1662 alios
817 1605 872 1663 tuo
906 1599 1033 1662 nomine
1057 1618 1170 1663 vocem
1198 1617 1294 1682 super
1323 1598 1539 1664 nominatione
1568 1603 1625 1663 aut

289 1704 445 1770 electione
469 1703 650 1772 huiusmodi
675 1705 823 1787 cuiquam
846 1724 984 1790 persone
1000 1705 1053 1770 vel
1076 1724 1134 1790 pro
1158 1706 1239 1790 ipsa,
1264 1705 1352 1770 nulla
1375 1706 1531 1791 obligatio
1556 1725 1625 1790 pro·

288 1811 398 1880 missio
422 1811 473 1878 vel
497 1811 717 1878 confederatio
741 1813 800 1877 rub
828 1831 1030 1895 quacumque
1053 1811 1156 1877 forma
1179 1813 1348 1878 verborum
1372 1815 1494 1897 absque
1516 1819 1626 1878 nostra

288 1918 423 2005 speciali
447 1920 578 1985 licentia
600 1919 657 1986 liat
680 1919 731 1985 vel
755 1918 996 2002 quomodolibet
1020 1919 1237 1985 contrahatur.
1285 1919 1328 1984 ut
1351 1919 1412 1986 hec
1433 1939 1492 2005 per
1515 1926 1547 1985 te
1571 1919 1625 1984 ob

287 2027 409 2094 servari
433 2026 590 2092 tenaciter
623 2045 763 2110 ergaque
787 2031 820 2092 te
844 2027 891 2092 sic
919 2032 1043 2092 secrete
1074 2027 1176 2092 teneri
1205 2027 1265 2093 sub
1294 2026 1413 2092 virtute
1441 2024 1624 2093 obedientie

288 2134 432 2202 volumus
456 2140 488 2200 ct
511 2134 668 2217 iubemus,
697 2132 783 2217 quod
816 2153 876 2199 nec
900 2132 1022 2216 aliquid
1046 2139 1257 2219 attemptetur
1279 2134 1313 2198 in
1337 2132 1533 2199 contrarium
1563 2152 1623 2197 nec

288 2243 444 2328 premissa
465 2242 624 2324 cuiquam,
651 2242 747 2306 etiam
771 2240 906 2326 prelatis
929 2241 1064 2324 nunciis,
1089 2240 1293 2326 detegantur.
1340 2241 1417 2306 Dat.
1441 2239 1535 2305 Avin.
1560 2238 1623 2304 XV

287 2348 332 2415 kl.
357 2348 469 2416 marcii
493 2371 522 2414 a.
549 2350 659 2416 tercio.

456 2475 529 2544 Ray.
549 2474 606 2528 132
623 2472 647 2543 f.
669 2474 704 2526 18
722 2487 768 2527 nr.
787 2474 845 2540 54;
864 2472 917 2528 Ra.
935 2473 1017 2527 1870.

392 2741 521 2809 2284.
553 2745 639 2808 1337
664 2744 762 2808 Mdrz
783 2744 816 2809 5.
841 2741 1007 2830 Aequora.

394 2885 600 2971 [Benedictus
623 2885 700 2970 XII]
726 2885 760 2952 S.
774 2885 921 2951 Severini
944 2893 978 2950 et
1001 2885 1036 2952 S.
1052 2885 1207 2951 Gereonis
1231 2884 1364 2952 decanis
1387 2904 1428 2950 ac
1451 2883 1623 2950 Wilhelmo

289 2992 330 3059 de
356 2993 488 3079 Genepe
513 2993 668 3058 canonico
692 2992 822 3059 maioris
846 2992 959 3058 Golon.
984 2993 1065 3059 eccl.

372 3083 467 3166 'vita
491 3121 529 3166 ac
553 3119 683 3166 neorum
709 3099 869 3182 honestas,
904 3118 1000 3183 super
1029 3098 1144 3181 quibus
1173 3099 1259 3184 apud
1291 3119 1350 3165 nos
1378 3098 1516 3165 dilectus
1539 3098 1623 3164 lilius

288 3206 444 3272 Henricus
468 3206 509 3271 de
525 3206 662 3273 stilre
686 3207 859 3272 canonicus
881 3206 1018 3272 ecclesie
1042 3206 1076 3271 S.
1094 3206 1194 3272 llarie
1218 3204 1261 3271 ad
1285 3205 1405 3290 gradus
1423 3205 1534 3272 dolon.
1557 3203 1622 3270 fide

288 3313 457 3398 dignorum
482 3315 662 3380 testimonio
687 3312 937 3395 commendatur,
962 3333 1020 3379 nos
1044 3311 1210 3396 inducunt,
1242 3320 1278 3378 ut
1300 3314 1362 3380 sibi
1384 3311 1558 3378 reddamur
1580 3310 1623 3376 ad

288 3422 426 3507 gratiam
455 3421 614 3486 liberales.
662 3421 740 3486 Oum
774 3421 894 3503 itaque,
930 3421 1014 3486 sicut
1048 3421 1242 3504 accepimus,
1277 3418 1454 3486 decanatus
1486 3419 1624 3485 ecclesie

289 3531 323 3597 S.
339 3529 440 3595 Marie
465 3527 610 3614 predicte
634 3547 743 3593 curam
767 3527 888 3593 babens
911 3528 1088 3592 animarum
1113 3547 1153 3592 ac
1177 3533 1347 3593 consuetus
1371 3545 1428 3611 per
1452 3526 1623 3593 canonicos

289 3636 432 3703 eiusdem
456 3635 593 3704 ecclesie
617 3636 799 3720 gubernari,
834 3635 925 3700 cuins
952 3633 1098 3699 redditus
1121 3641 1154 3700 et
1177 3639 1351 3719 proventus
1374 3635 1546 3717 sexaginta
1569 3631 1623 3698 flo-

289 3763 437 3810 renorum
461 3743 530 3808 auri
560 3742 611 3810 vel
641 3743 728 3809 circa
757 3741 898 3808 valorem
929 3761 1068 3807 annuum
1098 3762 1161 3806 non
1191 3740 1364 3824 excedunt,
1397 3760 1512 3824 exeo,
1537 3740 1623 3824 quod

289 3849 450 3934 quondam
480 3851 619 3916 Wiricus
648 3848 688 3915 de
718 3849 895 3934 Gelstortip
929 3849 1003 3914 olim
1037 3848 1180 3915 eiusdem
1212 3848 1349 3915 ecclesie
1384 3849 1557 3914 canonicus
1591 3855 1624 3913 et

290 3958 432 4024 decanus
465 3957 657 4023 decanatum
690 3957 793 4042 ipsum
826 3977 891 4021 una
920 3976 992 4022 cum
1020 3955 1216 4042 parrochiali
1248 3956 1387 4022 ecclesia
1410 3957 1443 4021 in
1467 3955 1623 4021 Antwilre

290 4065 400 4131 Oolou.
424 4063 508 4130 dioc.
536 4083 636 4147 usque
665 4063 707 4129 ad
738 4083 828 4129 suum
858 4063 981 4129 obitum
1005 4072 1078 4148 pust
1102 4069 1134 4129 et
1158 4071 1270 4129 contra
1295 4063 1554 4129 constitutionem
1577 4062 1623 4127 fe·

289 4173 359 4239 licis
392 4170 623 4237 recordationis
647 4171 799 4236 iohannis
831 4191 916 4256 pape
946 4171 1046 4235 XXII
1076 4219 1083 4235 .
1114 4219 1120 4234 .
1151 4220 1158 4234 .
1188 4169 1346 4253 ediderat,
1382 4169 1520 4235 retinere
1555 4189 1623 4254 pre

289 4281 435 4365 sumpsit,
469 4281 597 4345 vivente
627 4279 714 4344 dicto
742 4278 972 4364 predecessore
996 4285 1029 4343 et
1053 4284 1171 4343 extunc
1194 4279 1259 4344 iam
1282 4279 1426 4362 pluribus
1449 4277 1542 4342 annis
1564 4297 1621 4342 va-

291 4387 414 4454 caverit
443 4393 475 4451 et
508 4385 613 4451 adhuc
641 4405 759 4452 vacare
791 4391 944 4451 noscatur
976 4390 1008 4450 et
1040 4391 1172 4469 propter
1204 4383 1388 4449 diuturnam
1421 4385 1622 4449 vacationem

290 4493 472 4559 huiusmodi
496 4491 585 4558 dicta
608 4493 746 4558 ecclesia
770 4492 803 4558 S.
825 4492 927 4558 Maria
952 4491 1067 4557 multos
1090 4490 1236 4557 defectus
1258 4491 1467 4576 spiritualiter
1490 4497 1523 4556 et
1546 4495 1623 4554 tem·

290 4601 443 4687 poraliter
478 4601 619 4684 patiatur
625 4649 667 4682 ,.
698 4648 705 4664 .
736 4649 743 4664 .
778 4617 836 4665 nos
868 4599 1013 4664 volentes
1047 4597 1168 4663 dictum
1201 4597 1375 4664 Henricum
1407 4595 1621 4683 predictorum

291 4709 475 4774 meritorum
509 4727 634 4772 snorum
670 4707 813 4784 obtentu,
848 4725 905 4791 pro
939 4725 1001 4788 quc
1034 4706 1130 4770 etiam
1155 4754 1162 4770 .
1189 4755 1196 4769 .
1223 4755 1230 4770 .
1254 4705 1436 4771 Walramns
1468 4703 1622 4788 archiepi-

290 4834 406 4904 scopus
423 4814 632 4898 Ooloniensis,
658 4815 747 4880 cuins
763 4813 869 4878 dictus
886 4812 1043 4878 Hemicus
1060 4812 1245 4899 capellanus
1261 4812 1485 4880 commensalis
1500 4811 1621 4896 existit,
