3642 5509
271 414 324 473 112
812 412 882 470 1328
900 412 1019 470 Januar
1040 410 1082 469 17.

269 597 367 663 clesie
389 598 422 661 in
446 596 609 680 Superiori
642 595 808 662 Lainstein
843 594 1027 676 facultates,
1062 598 1226 659 reservata
1261 591 1408 677 portione
1442 591 1600 679 predicta,

270 704 431 771 sufficiant
454 701 583 784 adhoc,
610 700 768 786 prelatum
792 720 956 766 numerum
979 698 1194 786 predictorum
1218 719 1275 766 sex
1299 700 1547 785 presbiterorum
1570 700 1603 764 in

271 809 387 877 dictaa
414 808 552 876 ecclesia
580 808 613 872 in
638 806 868 873 Ediehenstoin
892 807 1085 873 auctoritate
1108 806 1256 892 predicta
1278 808 1474 873 constituere
1499 812 1532 871 et
1554 826 1602 872 or-

271 917 382 982 dinare
406 935 567 1001 procures.
604 914 640 980 Si
664 934 741 981 vero
765 914 937 980 facultates
961 912 1055 979 huius
1077 914 1205 1000 prefate
1229 914 1366 980 ecclesie
1389 914 1422 979 iu
1438 914 1602 999 Superiori

269 1024 437 1089 Lainstein
468 1043 526 1108 pro
559 1021 647 1087 dicto
686 1039 819 1087 numero
851 1042 910 1088 sex
950 1022 1199 1106 presbiterorum
1238 1020 1328 1088 dicta
1364 1022 1512 1107 portione
1550 1018 1604 1085 de·

270 1136 375 1196 tracta
407 1128 554 1195 sufficere
587 1148 650 1193 non
683 1127 837 1210 valerent,
873 1134 908 1193 tu
931 1126 1166 1211 nichilominus,
1197 1128 1284 1195 facta
1311 1147 1370 1212 per
1397 1134 1429 1193 te
1456 1126 1603 1213 primitus

269 1236 387 1303 unione
410 1233 567 1321 predicta,
597 1235 751 1300 minorem
779 1253 944 1301 numerum
974 1233 1131 1300 dictorum
1156 1234 1414 1320 presbiterorum,
1438 1240 1604 1301 reservata

271 1343 359 1409 dicta
382 1343 529 1429 portione
553 1361 706 1425 congrua,
739 1340 859 1408 ibidem
889 1342 1039 1408 instituas
1063 1348 1096 1407 et
1119 1340 1256 1425 ordines,
1290 1349 1384 1427 prout
1407 1340 1527 1406 videris
1549 1360 1602 1405 ex-

270 1449 393 1537 pedire.
424 1448 565 1527 Quorum
589 1449 727 1513 omnium
744 1448 994 1533 presbiterorum
1010 1468 1068 1534 pro
1086 1449 1148 1514 hac
1164 1448 1235 1513 vioe
1258 1445 1443 1531 nominatio,
1468 1445 1601 1513 duorum

270 1577 346 1623 vero
370 1556 539 1622 dumtaxat
562 1551 726 1640 perpetuis
749 1554 866 1621 futuris
889 1556 1086 1640 temporibus
1106 1553 1149 1619 ad
1165 1556 1268 1639 ipsum
1291 1554 1441 1635 nobilem,
1466 1554 1600 1620 aliorum

269 1672 376 1729 autern
408 1663 657 1747 presbiterorum
690 1662 829 1745 ipsorum
857 1660 899 1726 ad
931 1661 1089 1746 prefatum
1113 1668 1268 1727 rectorem
1293 1660 1380 1727 dicte
1405 1660 1541 1727 ecclesie
1566 1661 1600 1725 in

268 1769 498 1836 Edicheustein
521 1768 719 1854 presentatio
742 1766 860 1833 debeat
883 1770 1121 1854 pertinere...
1164 1769 1240 1833 Dat.
1265 1768 1358 1835 Aviu.
1384 1768 1464 1834 XVI
1488 1768 1533 1833 kl.
1557 1767 1602 1833 fe·

270 1878 389 1943 bruarii
412 1898 442 1942 a.
467 1874 667 1941 duodecimo.

430 2002 501 2070 Rep.
522 2002 560 2053 88
576 2000 602 2070 f.
621 1998 690 2054 200¹
707 2015 756 2053 nr.
774 2000 861 2054 3530.
888 2029 921 2039 -
946 2000 1061 2070 Apopr.
1079 2015 1156 2055 saec.
1176 1998 1271 2055 XVII
1289 1997 1476 2055 Wiesbadert.
1513 1998 1601 2054 Areo.

429 2104 491 2159 rep.
511 2086 589 2158 suist
606 2086 724 2143 ldstec'n
742 2104 792 2145 nr.
811 2092 862 2143 la.

379 2398 500 2467 1373.
527 2402 615 2466 1328
638 2401 777 2469 „Ianuar
803 2401 854 2465 17.
879 2397 1044 2486 Aotpnoa.

375 2545 535 2610 Iohannes
555 2543 654 2608 XXII
678 2542 816 2609 Gerlaco
840 2544 950 2608 comiti
974 2541 1015 2607 de
1038 2542 1194 2610 Nassuwe
1219 2549 1252 2606 et
1275 2542 1394 2624 Agneti
1418 2541 1486 2607 eius
1510 2543 1601 2606 uxori

269 2649 417 2735 indulget
440 2650 604 2716 licentiam
628 2649 767 2716 habendi
791 2650 894 2715 altare
918 2649 1080 2735 portatile.

375 2757 509 2823 Sincere
532 2756 713 2824 devotionis
736 2756 873 2823 affectus
890 2806 896 2819 .
916 2806 950 2822 ..
997 2756 1072 2821 Dat.
1100 2756 1193 2824 Avin.
1220 2754 1299 2819 XVI
1323 2754 1368 2820 lrl.
1393 2754 1545 2821 februarii
1570 2776 1600 2822 a.

269 2862 470 2929 duodecimo.

417 2987 490 3057 ch.
509 2989 548 3041 86
564 2985 590 3057 f.
609 2986 669 3042 332
685 3002 734 3041 ar.
752 2987 820 3042 925.

372 3273 493 3342 1377.
526 3276 613 3340 1328
634 3274 773 3341 Januar
799 3274 850 3341 17.
878 3272 1045 3361 Aoiprron.

375 3416 535 3485 Iohannes
555 3418 654 3484 XXII
678 3417 815 3483 Gerlaco
840 3418 949 3483 comiti
973 3415 1015 3482 de
1037 3416 1194 3483 Nassawe
1218 3424 1250 3483 et
1274 3417 1394 3502 Agneti
1418 3416 1486 3485 eius
1510 3419 1600 3483 uxori

269 3524 401 3589 Trever.
427 3522 511 3589 dioc.
535 3523 692 3607 indulget,
725 3530 772 3607 ut,
805 3525 832 3589 si
862 3523 999 3591 forsitan
1023 3522 1065 3588 ad
1089 3524 1161 3589 loca
1184 3525 1404 3591 ecclesiastico
1429 3525 1601 3590 interdicto

269 3631 438 3715 supposita
460 3650 516 3697 eos
539 3630 706 3716 pervenire
730 3630 910 3714 contigerit,
940 3632 1063 3715 possint
1085 3633 1117 3695 in
1140 3632 1204 3698 illis
1229 3652 1285 3717 per
1306 3631 1505 3699 sacerdotem
1522 3631 1601 3717 ydo-

268 3757 363 3803 neum
387 3738 515 3803 missam
540 3745 573 3803 et
595 3738 661 3803 alia
685 3736 794 3804 divina
824 3738 932 3805 officia
956 3738 1065 3803 facere
1090 3739 1248 3805 celebrari
1273 3740 1391 3806 clausis
1415 3740 1518 3805 ianuis
1542 3748 1600 3805 etc.

375 3844 566 3910 Deuotionis
589 3850 694 3910 vestre
716 3846 962 3911 sinceritas...
1010 3845 1085 3911 Dat.
1102 3847 1196 3913 Aviu.
1221 3846 1299 3911 XVI
1323 3847 1368 3911 kl.
1393 3846 1546 3911 februarii
1570 3867 1600 3911 a.

270 3950 471 4016 duodecimo.

428 4075 501 4145 Rep.
520 4076 559 4129 85
575 4074 600 4144 f.
620 4075 681 4130 332
698 4092 746 4131 ur.
766 4077 831 4131 926.

375 4351 496 4419 1378.
533 4355 621 4420 1328
644 4355 783 4421 Jaocar
807 4355 858 4420 17.
880 4353 1047 4441 Amyron.

373 4493 534 4561 Iohannes
551 4495 649 4561 XXII
672 4495 771 4562 nobili
795 4497 864 4562 viro
880 4497 1038 4581 Heynone
1062 4495 1102 4562 de
1119 4495 1309 4581 [lerenburg
1331 4496 1423 4562 militi
1447 4504 1480 4563 et
1500 4498 1599 4564 nobili

267 4601 391 4668 mulieri
415 4602 498 4669 Onse
526 4604 595 4669 eius
623 4604 714 4669 uxori
747 4602 905 4688 indulget,
938 4612 1106 4669 uteorum
1130 4602 1472 4689 coniessorydoneus‚
1506 4625 1600 4688 quem

379 4787 410 4849 a)
428 4779 463 4835 in
483 4796 545 4852 rep.
564 4779 695 4836 additur
713 4782 872 4837 mendose:
893 4784 1032 4852 portione
1051 4782 1187 4837 detracta
1207 4783 1348 4838 sustlcerc
1369 4800 1431 4837 non
1456 4783 1600 4837 valerent.
