3642 5509
250 418 303 474 160
799 418 869 474 1328
886 416 962 475 Juni
980 416 1023 475 30.

355 616 476 684 1497.
507 620 594 683 1328
617 618 704 683 Joai
726 619 781 683 30.
812 614 978 704 Aoipaoa.

356 760 515 826 Iohannes
540 760 639 825 XXII
668 759 804 826 Iohanni
837 767 913 826 nato
939 759 1075 827 Gerardi
1107 760 1271 845 burgravii
1304 760 1346 827 de
1379 762 1582 829 Homerstein

250 867 374 933 confert
398 868 477 933 eccl.
502 868 535 933 S.
553 868 678 933 Florini
701 868 734 933 in
757 866 959 934 confluentia
982 868 1115 934 Trever.
1140 867 1224 934 dioc.
1249 868 1482 952 canonicatum,
1515 890 1583 955 pre·

249 974 387 1040 bendum
411 994 488 1041 vero
511 974 617 1039 eidem
640 980 795 1040 reservat,

355 1080 550 1147 Laudabilia
573 1086 628 1146 tue
651 1081 766 1147 merita
783 1130 791 1147 .
809 1130 843 1147 ..
891 1082 966 1146 Dat.
984 1082 1079 1147 Avia.
1098 1083 1131 1148 II
1147 1081 1192 1147 kl.
1214 1082 1283 1147 iulii
1306 1105 1336 1149 a.
1357 1082 1559 1150 duodecimo.

355 1190 394 1254 ln
417 1209 445 1255 e.
462 1210 504 1254 m.
529 1188 708 1254 Bonnensis
731 1195 763 1253 et
779 1187 813 1254 S.
831 1188 975 1254 Castoris
998 1190 1031 1254 in
1048 1189 1251 1256 Confluentis
1267 1190 1377 1256 Colca.
1402 1196 1434 1255 et
1450 1191 1581 1256 Trever.

249 1297 333 1363 dioc.
351 1296 483 1362 decams
506 1315 546 1361 ac
569 1297 723 1381 magistro
739 1295 860 1362 Iacobo
877 1295 918 1362 de
933 1296 1058 1363 Mutina
1073 1297 1245 1364 scolastico
1262 1298 1346 1363 Tull.
1365 1297 1582 1364 ecclesiarum.

411 1419 483 1491 Rep.
502 1422 542 1474 88
559 1419 584 1490 f.
604 1419 661 1474 124
688 1435 736 1476 ar.
754 1422 839 1477 3317.

354 1696 478 1764 1498.
503 1698 590 1761 1328
613 1698 700 1763 Jaai
722 1697 777 1762 30.
803 1695 968 1783 Aoipaon.

353 1840 514 1907 lohannes
535 1839 635 1904 XXII
660 1838 831 1905 Wilhelmo
854 1838 896 1904 de
912 1839 1037 1906 Linchc
1062 1838 1179 1907 clerico
1197 1840 1306 1907 Goion.
1331 1838 1415 1907 dioc.
1439 1845 1582 1906 reservat

248 1948 438 2014 beneficium
471 1948 728 2014 ecclesiasticum
761 1968 832 2015 cum
866 1967 944 2013 cura
972 1947 1024 2014 vel
1056 1950 1126 2015 sine
1154 1970 1231 2015 cura
1255 1954 1439 2015 consuetam
1462 1947 1581 2013 abalim

248 2054 375 2122 clericis
405 2055 606 2123 secularibus
634 2055 804 2139 assignari,
838 2056 929 2121 cuius
952 2055 1085 2140 fructus,
1118 2057 1145 2123 si
1169 2057 1238 2123 sine
1262 2076 1339 2122 cura
1362 2056 1470 2132 fuerit,
1495 2055 1582 2138 quio·

247 2162 351 2229 decim
376 2162 577 2228 marcharum
600 2182 626 2228 s.
645 2168 667 2227 t.
689 2161 721 2226 d.
747 2162 888 2228 valorem
918 2182 1058 2228 annuum
1086 2183 1150 2229 non
1179 2163 1349 2247 excedant,
1382 2162 1425 2228 ad
1447 2161 1581 2248 disposi-

246 2271 364 2335 tionem
399 2269 527 2336 ahbatis
557 2276 590 2335 et
613 2275 791 2335 conventus
818 2269 1017 2336 Prumiensis
1040 2267 1107 2335 ord.
1133 2269 1167 2336 S.
1193 2267 1316 2337 Bened.
1340 2269 1472 2335 Trever.
1497 2267 1580 2336 dioc.

247 2377 457 2443 communiter
480 2377 532 2442 vel
556 2376 684 2443 divisim
708 2382 869 2461 spectans.

353 2483 534 2550 Laudabile
558 2484 784 2567 testimonium,
809 2482 895 2567 quod
913 2532 920 2549 .
939 2531 973 2549 ..
1009 2484 1086 2551 Dat.
1111 2484 1204 2550 Avia.
1229 2485 1262 2550 II
1285 2483 1330 2548 ld.
1362 2482 1431 2549 iulii
1454 2504 1483 2549 a.
1505 2481 1581 2548 duo·

247 2589 384 2657 decimo.

355 2698 392 2764 In
415 2718 444 2764 e.
469 2720 510 2764 m.
545 2698 669 2766 decano
692 2706 726 2765 et
752 2698 925 2765 scolastico
954 2700 989 2765 S.
1017 2699 1138 2766 Florini
1167 2700 1199 2765 in
1223 2698 1424 2767 Confluentis
1448 2699 1577 2768 Trever.

248 2805 332 2872 dioc.
356 2825 396 2871 ac
419 2807 539 2872 Iacobo
563 2805 604 2873 de
627 2807 749 2872 Mutina
772 2806 944 2874 scolastico
968 2808 1052 2873 Tull.
1077 2808 1154 2877 eccl.
1180 2807 1346 2892 capellano
1370 2806 1489 2893 papali.

397 2931 469 3001 Rep.
489 2932 527 2986 88
543 2931 567 3002 f.
587 2930 653 2985 123¹
671 2946 720 2987 ar.
738 2933 823 2985 3316.

354 3208 476 3275 1499.
501 3211 589 3275 1328
612 3210 699 3277 Juai
721 3210 776 3275 30.
805 3208 970 3297 Aoipaoa.

355 3352 522 3417 lohannes
546 3352 655 3416 XXII
684 3353 870 3417 Hearioam
903 3352 944 3417 de
976 3352 1161 3439 Viroeborp
1193 3352 1351 3417 habilitat
1383 3356 1414 3417 et
1443 3352 1580 3438 fractas

249 3459 483 3543 beneficiorum
506 3459 806 3523 ewlesiaatiooram
829 3460 871 3523 ab
895 3479 931 3523 eo
955 3460 1080 3524 iniuste
1103 3464 1277 3544 perceptos
1301 3459 1407 3523 eidem
1429 3460 1579 3523 remittit.

355 3597 526 3682 [Iohannes
549 3600 659 3685 XXII]
682 3601 822 3666 Henrico
846 3599 888 3666 de
911 3600 1126 3686 Viruemburg
1150 3602 1302 3667 canonico
1328 3600 1520 3667 Coloniensi.

354 3706 515 3774 Nobilitas
538 3708 677 3791 generis,
705 3727 827 3773 morum
852 3706 949 3774 decor
977 3757 985 3773 .
1015 3758 1022 3773 .
1051 3756 1058 3773 .
1105 3707 1259 3775 Exhibite
1282 3706 1440 3791 siquidem
1464 3726 1522 3792 pro
1546 3708 1580 3787 (l)

247 3813 339 3880 nobis
362 3832 403 3879 ex
427 3820 520 3899 parte
550 3820 606 3880 tua
633 3814 797 3900 petitionis
820 3814 919 3881 series
943 3814 1140 3899 continebat,
1165 3814 1250 3898 quod
1274 3816 1349 3879 olim
1374 3812 1582 3880 canonicatus

247 3928 281 3987 et
303 3919 485 4007 prebendas
513 3922 546 3987 in
580 3922 693 3989 maiori
726 3930 759 3989 et
791 3921 849 3992 SS.
876 3923 1104 4009 Apostolomm
1127 3921 1308 3989 Coloniensi
1333 3927 1366 3988 et
1389 3920 1582 3987 Treverensi

246 4048 371 4095 necnon
394 4030 580 4097 Susaciensi
612 4037 645 4098 et
678 4032 839 4098 Bonnensi
872 4031 983 4099 Colon.
1008 4030 1092 4096 dioc.
1125 4050 1165 4096 ac
1197 4031 1230 4095 in
1263 4028 1384 4096 eisdem
1408 4028 1580 4111 Bonnensi,

247 4136 431 4203 Susaciensi
463 4144 496 4203 et
519 4137 579 4204 SS.
605 4139 831 4224 Apostolorum
860 4138 1007 4225 ecclesiis
1030 4138 1250 4223 preposituras
1273 4143 1402 4203 curatas
1423 4155 1487 4201 una
1511 4155 1582 4201 cnm

247 4243 387 4327 quodam
419 4244 687 4311 archidiaconatu
721 4244 864 4311 eiusdem
888 4245 1088 4313 coloniensis
1121 4244 1257 4311 ecclesie
1289 4245 1351 4328 ipsi
1383 4243 1582 4328 prepositure

247 4350 335 4417 dicte
357 4352 537 4419 Bonnensis
561 4353 770 4418 ecclesiarum
794 4355 829 4435 (l)
853 4373 991 4436 adnexo,
1025 4372 1158 4436 quarum
1182 4349 1326 4417 redditus
1350 4356 1478 4417 centnm
1500 4370 1582 4415 mar·

247 4457 378 4524 charum
402 4459 577 4526 secundum
601 4462 799 4527 taxationem
825 4462 958 4544 antique
981 4460 1106 4526 decime
1122 4459 1262 4525 valorem
1286 4477 1425 4524 annuum
1449 4476 1512 4522 non
1529 4476 1583 4523 ex·

247 4564 375 4641 cedunt,
398 4587 438 4632 ac
461 4568 698 4653 parrochialem
722 4568 892 4634 ecclesiam
918 4570 951 4633 in
966 4566 1098 4633 Asbach
1122 4564 1209 4631 dicte
1225 4564 1335 4631 Colon.
1353 4563 1436 4631 dioc.
1458 4584 1583 4630 necnon

246 4672 385 4757 quedam
419 4676 627 4760 prestimoaia
659 4676 728 4743 sive
762 4681 867 4741 comes
897 4674 930 4739 in
955 4672 1179 4757 Aldealrirgen
1203 4679 1235 4738 et
1258 4671 1292 4737 in
1315 4671 1517 4757 hiolenheym
1541 4672 1582 4736 ab

246 4783 318 4875 ipsa
342 4781 505 4849 Bonnensi
528 4781 667 4849 eeclesia
690 4782 917 4869 dependentia,
950 4780 1032 4847 alias
1066 4780 1126 4847 tibi
1158 4782 1313 4847 canonice
1336 4779 1465 4865 collata,
1498 4796 1583 4845 asse
