3642 5509
266 442 320 500 496
805 448 875 505 1332
893 447 1012 506 Ianuar
1031 447 1073 505 10.

267 627 436 713 nullusque
470 637 576 717 preter
608 651 665 696 nos
698 632 796 698 etiam
825 632 887 698 hac
912 632 984 698 viee
1007 631 1048 698 de
1072 632 1128 698 illa
1151 631 1321 718 disponere
1344 634 1447 720 possit
1469 654 1528 719 pro
1552 651 1600 716 eo,

269 736 354 820 quod
378 759 436 804 nos
459 738 514 804 diu
538 746 614 805 ante
638 741 838 806 vacationem
871 739 1052 806 huiusmodi
1081 761 1190 807 omnes
1213 740 1390 826 dignitates
1414 747 1602 827 personatus

268 853 301 909 et
324 845 429 912 officia
453 856 623 931 ceteraque
647 849 803 914 beneficia
835 848 1058 914 ecclesiastica
1091 869 1361 933 quorumcumque
1390 870 1447 935 per
1475 868 1600 916 assecu-

267 954 387 1018 tionem
411 953 604 1039 dignitatum
629 964 854 1040 personatuum
885 955 1060 1022 effictorem
1084 961 1118 1020 et
1145 956 1369 1022 beneficiorum
1394 956 1527 1022 aliorum
1552 976 1601 1022 ec·

268 1061 519 1128 clesiasticorum
545 1083 602 1148 per
624 1083 682 1129 nos
698 1083 754 1128 seu
771 1065 965 1129 auctoritate
988 1068 1098 1130 nostra
1121 1069 1198 1129 tunc
1222 1063 1408 1130 collatorum
1433 1070 1467 1129 et
1482 1069 1600 1129 extunc

268 1169 533 1236 conferendorum
567 1170 688 1236 eisdem
722 1171 914 1253 ubicumque
948 1176 1023 1236 tunc
1057 1172 1207 1236 vacantia
1231 1178 1263 1237 et
1286 1173 1416 1238 inantea
1446 1178 1601 1237 vacatura

268 1276 432 1342 collationi
451 1287 483 1343 et
507 1277 709 1364 dispositioni
733 1283 842 1344 nostre
858 1299 897 1342 ac
914 1277 1000 1344 sedis
1024 1277 1170 1363 predicte
1193 1278 1377 1364 specialiter
1400 1286 1601 1346 reservantes

269 1382 470 1452 decrevimus
493 1393 612 1452 extunc
635 1387 758 1452 irritum
783 1392 816 1451 et
839 1387 944 1468 inane,
972 1385 1000 1451 si
1024 1406 1116 1452 secus
1140 1407 1236 1472 super
1259 1387 1320 1452 hiis
1343 1408 1363 1452 a
1387 1406 1449 1469 quo
1480 1434 1512 1451 ..
1541 1387 1600 1452 sci·

270 1499 360 1557 enter
384 1494 435 1558 vel
458 1495 643 1579 ignoranter
667 1493 838 1578 eontigerit
861 1494 1058 1578 attemptari,
1083 1515 1140 1560 nos
1163 1495 1332 1561 volentes.
1351 1500 1433 1559 ..te
1457 1496 1489 1559 in
1514 1493 1601 1559 dicta

269 1600 406 1665 ecclesia
422 1601 455 1666 S.
473 1602 605 1684 Florini,
630 1603 720 1667 cuius
744 1601 856 1666 existis
872 1601 1055 1682 canonicus,
1080 1602 1215 1686 amplius
1232 1601 1398 1678 honorare,
1422 1600 1601 1687 predictam

269 1710 502 1792 preposituram
526 1710 559 1774 S.
576 1709 698 1774 Florini
722 1709 768 1775 sic
792 1715 973 1790 vacantem,
999 1709 1050 1773 cui
1073 1728 1150 1774 cura
1174 1710 1317 1774 imminet
1340 1709 1600 1790 animarum,

268 1817 450 1899 apostoIIca
466 1817 524 1881 tibi
540 1817 732 1882 auctoritate
758 1815 952 1881 conferimus
970 1867 975 1878 .
994 1864 1001 1880 .
1020 1865 1027 1880 .
1045 1835 1107 1880 non
1125 1816 1327 1883 obstantibus
1350 1817 1601 1899 quibuscumque

268 1923 397 1988 statutis
509 1925 577 1990 sive
611 1923 697 2006 quod
726 1923 758 1987 in
783 1922 898 1988 eadem
927 1922 1065 1988 ecclesia
1093 1923 1125 1988 S.
1148 1923 1269 1988 Florini
1293 1924 1351 1988 sub
1376 1923 1601 2009 expectatione

269 2030 431 2112 prebende
465 2032 655 2096 auctoritate
689 2029 867 2115 apostolica
900 2031 931 2093 in
966 2030 1153 2094 canonicum
1187 2049 1222 2095 es
1252 2036 1400 2115 receptus
1429 2049 1486 2096 seu
1515 2028 1600 2112 quod

270 2137 390 2219 pateris
419 2140 452 2203 in
482 2144 570 2203 etate
598 2137 771 2216 deiectum,
806 2157 877 2201 cum
905 2137 938 2200 in
967 2135 1186 2202 sextodecimo
1211 2138 1305 2202 etatis
1329 2143 1383 2202 tue
1407 2157 1490 2202 anno
1514 2135 1601 2201 dum·

269 2250 361 2309 taxat
394 2248 584 2311 constitutus
617 2264 687 2310 osse
721 2243 840 2310 dicaris
869 2296 876 2311 .
906 2293 913 2308 .
944 2293 950 2306 .
1010 2242 1085 2309 Dat.
1111 2244 1205 2310 Avin.
1236 2264 1337 2310 nonas
1366 2243 1599 2310 decembrica.

269 2351 498 2417 sextodchmo.

377 2462 413 2525 ln
438 2481 466 2526 e.
483 2482 525 2524 rn.
550 2459 673 2525 decano
691 2460 870 2525 Bunnensis
887 2459 998 2526 Colon.
1017 2458 1100 2524 dioc.
1126 2479 1165 2525 ac
1181 2458 1342 2524 Tullensis
1366 2479 1405 2524 ac
1422 2457 1455 2527 S.
1470 2458 1600 2544 Georgii

270 2569 379 2634 Oolon.
404 2569 584 2634 scolasticis
608 2568 824 2633 ecclesiarum.

418 2691 491 2762 ch.
514 2692 569 2747 103
587 2706 634 2745 nr.
654 2693 716 2745 178.

376 2956 502 3022 2⁰81.
528 2959 614 3021 1332
638 2959 778 3022 Junccar
803 2958 855 3021 10.
880 2954 1045 3042 Avipaon.

376 3101 536 3166 Iohannes
560 3101 659 3165 XXII
693 3100 939 3184 archiepiscopo
963 3099 1145 3165 Coloniensi
1170 3118 1208 3163 ac
1233 3099 1475 3165 Monasteriensi
1499 3097 1601 3164 Padc·

269 3209 417 3274 burnensi
441 3217 474 3274 et
498 3208 737 3291 Osnuburgcnsi
766 3207 928 3292 episcopis
957 3205 1089 3270 nunciat
1119 3226 1153 3271 se
1182 3205 1355 3270 decernere
1385 3207 1507 3270 irritum
1533 3226 1603 3290 pro-

269 3337 392 3382 cessum
416 3323 528 3381 contra
552 3315 691 3381 nobilem
716 3314 817 3379 virum
833 3314 1006 3398 Symoncm
1032 3311 1192 3378 dominum
1210 3311 1430 3398 Lippensema
1458 3313 1489 3376 in
1515 3311 1602 3378 sedIs

268 3424 445 3508 uprrstolieo
480 3422 666 3488 obedientia
700 3422 922 3506 persistentem
958 3426 1183 3504 attemptatum
1220 3420 1260 3485 ab
1290 3418 1408 3485 Ottone
1443 3419 1525 3486 duce
1561 3418 1602 3485 de

270 3531 497 3616 Luncnburglr‚
523 3531 576 3613 qui
601 3549 672 3594 cum
696 3527 855 3593 nonnullis
879 3528 951 3592 aliis
975 3526 1135 3592 nobilibus
1151 3533 1184 3592 ct
1205 3526 1400 3610 ignobilibus
1424 3526 1551 3592 clericis
1571 3532 1603 3592 ct

268 3641 360 3706 laicis
393 3640 531 3724 partium
564 3634 738 3700 earumdem
768 3634 935 3700 Ludovico
960 3635 1085 3698 Basaro
1114 3632 1249 3698 adheret
1277 3641 1374 3716 atque
1398 3633 1520 3699 dictum
1544 3634 1602 3719 Sy·

268 3767 394 3812 nronem
429 3765 622 3828 quamquam
652 3743 685 3807 in
717 3741 852 3808 eundem
889 3742 1008 3806 nullam
1045 3741 1163 3806 lrabeat
1199 3740 1450 3806 iurisdictionem
1486 3742 1602 3807 iniuste

270 3855 362 3919 citari
386 3855 474 3935 fecit,
505 3859 538 3917 ct
561 3852 593 3916 in
617 3839 641 3925 ‘v'
665 3850 806 3916 marchis
835 3849 962 3932 argenti
991 3846 1107 3914 dandis
1136 3854 1169 3913 et
1196 3847 1358 3914 solvendis
1386 3846 1474 3914 dicto
1499 3847 1536 3913 L.
1561 3847 1602 3914 dc

270 3961 410 4026 anaria
437 3959 701 4043 condempnavit3
740 3956 854 4023 iisdem
884 3955 1028 4037 mandat,
1062 3956 1211 4038 quatinus
1239 3962 1304 4020 tarn
1329 3955 1441 4022 ducem
1466 3955 1601 4021 cundem

270 4091 365 4152 apuam
398 4068 479 4132 alios
512 4066 652 4150 quosvis,
686 4086 766 4148 quos
793 4074 904 4131 contra
933 4083 1103 4150 processus
1133 4062 1354 4129 inhibitionem
1379 4071 1412 4129 et
1439 4061 1603 4130 decretum

270 4178 431 4263 prefatum
460 4173 641 4239 invenerint
671 4171 912 4256 quomodolibet
936 4170 1121 4254 deliquisse,
1146 4169 1312 4235 declarent
1336 4177 1369 4236 ct
1392 4171 1603 4255 pronuncient

271 4284 440 4350 incurrisse
464 4280 627 4347 interdicti
652 4280 993 4346 excommunicationis
1018 4285 1049 4343 et
1073 4278 1154 4343 alias
1177 4279 1363 4342 sententias.

377 4390 469 4456 Sicut
492 4388 534 4453 ad
559 4409 757 4455 communem
780 4387 1005 4454 notitiam...
1060 4387 1136 4453 Dat.
1161 4385 1255 4453 Avin.
1281 4385 1347 4450 IIII
1371 4384 1444 4452 idus
1467 4387 1602 4451 ianuarii

271 4523 301 4567 a.
325 4499 413 4565 XVI.

431 4633 504 4703 Rep.
524 4634 578 4687 116
595 4632 620 4702 f.
639 4631 708 4686 250¹
726 4646 773 4684 ar.
794 4631 884 4695 1313,·
903 4629 956 4683 Ra.
975 4627 1057 4683 1509.

272 4791 485 4802 ...ss——

379 4852 409 4915 a)
430 4849 623 4919 Lappensem
642 4847 676 4902 ia
694 4862 756 4916 rep.
