3642 5509
719 427 789 484 1339
808 429 976 483 December
996 428 1038 483 11.
1489 426 1542 483 565

209 629 383 692 remanere,
409 610 529 694 prolem
554 615 736 696 susceptam
760 615 793 675 et
816 607 1054 694 suscipiendam
1071 629 1111 674 ex
1135 607 1315 675 huiusmodi
1339 608 1541 674 matrimomo

208 716 383 801 legitimam
408 715 600 784 nunciando.

316 823 433 890 Oblata
456 825 548 890 nohis
571 823 747 890 dilecti...
794 825 871 890 Dat.
889 823 983 890 Avin.
1000 824 1050 888 III
1074 823 1146 889 idus
1170 822 1349 891 decembris
1373 843 1402 887 a.
1420 822 1540 905 quinto.

367 968 439 1038 Rep.
459 968 515 1022 127
533 983 581 1021 nr.
601 968 666 1021 474.

316 1275 445 1342 2369.
476 1278 562 1342 1339
587 1276 770 1343 December
794 1278 846 1340 11.
875 1272 1043 1363 Aoipaoa.

314 1419 509 1486 Benedictus
533 1420 599 1484 XII
628 1418 868 1504 archiepiscopo
893 1418 1005 1485 (tolon.
1035 1417 1178 1501 mandat,
1208 1420 1358 1503 quatinus
1388 1438 1459 1484 cum
1483 1418 1542 1502 Sy-

207 1547 300 1593 mone
324 1526 412 1592 dicto
436 1526 536 1592 Becki
561 1531 594 1592 et
618 1525 814 1611 hlech[ti]lde
838 1524 993 1592 Seroders
1017 1526 1127 1592 Colon.
1153 1526 1237 1592 dioc.
1262 1528 1316 1609 qui
1344 1526 1541 1609 ignorantes,

208 1634 292 1716 quod
315 1635 397 1698 inter
421 1653 475 1699 eos
509 1631 771 1717 impedimentum
804 1637 959 1697 existeret
992 1653 1033 1697 cx
1066 1653 1114 1716 eo,
1149 1633 1234 1716 quod
1267 1632 1404 1716 quedam
1429 1631 1542 1696 mulier

207 1741 392 1825 coniugata,
416 1761 511 1823 quarn
541 1747 637 1806 antea
661 1740 782 1825 Symon
811 1741 985 1806 carnaliter
1012 1748 1219 1826 cognoverat,
1248 1740 1352 1807 eidem
1376 1728 1542 1806 Mechtildi

206 1854 276 1912 erat
305 1848 336 1912 in
364 1848 458 1913 tertio
491 1847 778 1930 consanguinitatis
808 1846 913 1931 gradu
944 1848 1124 1931 coniuncta,
1153 1849 1388 1914 matrimonium
1418 1855 1541 1912 contra-

207 1961 331 2035 xerunt,
348 1954 521 2039 dispenset,
547 1962 581 2020 ut
597 1955 630 2020 iu
647 1955 847 2020 matrimonio
865 1956 912 2020 sio
929 1962 1093 2021 contracto
1109 1955 1198 2022 licite
1214 1974 1378 2020 remanere
1401 1954 1541 2036 valeant,

206 2062 327 2146 prolem
349 2069 532 2147 susceptam
556 2070 589 2128 et
611 2061 850 2148 suscipiendam
873 2082 914 2128 ex
938 2060 1118 2128 huiusmodi
1141 2059 1341 2127 matrimonio
1366 2061 1541 2145 legitimam

207 2168 419 2236 decernendo.

312 2277 465 2344 Exhibita
488 2278 580 2343 nohis
602 2297 659 2362 pro
685 2282 777 2361 parte
795 2325 802 2342 .
821 2324 854 2341 ..
900 2278 977 2342 Dat.
1001 2275 1097 2342 Avin.
1123 2275 1185 2341 VII
1208 2273 1281 2341 idus
1308 2274 1488 2341 decembris
1510 2296 1540 2340 a.

206 2384 325 2466 quinto.

354 2509 427 2577 Rep.
447 2509 503 2563 127
521 2524 569 2562 or.
588 2509 652 2563 830.

312 2835 438 2902 2370.
478 2836 564 2899 1338
587 2835 859 2901 laneae-1339
886 2835 1076 2900 December.

311 2973 470 3040 Iohannes
495 2971 604 3055 Ogerii
639 2972 781 3039 decanus
817 2973 983 3040 Belnensis
1022 2972 1175 3038 collector
1213 2971 1373 3037 fructuum
1413 2990 1539 3037 camere

205 3083 380 3167 apostolice
409 3083 441 3155 iu
465 3080 673 3165 Lugdunensi
698 3080 870 3147 Viennensi
901 3079 1069 3146 Bisuntina
1092 3079 1333 3145 Tarantaaiensi
1360 3084 1393 3145 et
1421 3078 1538 3145 Treve

202 3190 286 3255 rensi
311 3187 485 3273 provinciIs
509 3188 682 3275 deputatus
705 3186 812 3253 reddit
834 3185 982 3273 predicte
998 3206 1123 3253 camere
1147 3186 1303 3251 rationem
1328 3185 1369 3252 de
1392 3185 1539 3273 pecuniis

203 3297 244 3363 ab
268 3298 337 3381 ipso
361 3298 499 3381 receptis
529 3301 561 3361 et
588 3296 737 3381 expensis
763 3295 849 3361 infra
876 3295 1112 3380 suprascriptos
1135 3292 1216 3360 duos
1239 3314 1339 3361 annos
1362 3294 1395 3359 in
1419 3294 1538 3361 Treve-

202 3405 286 3471 rensi
309 3402 485 3489 provincia.

355 3544 605 3603 Collectoriorum
625 3548 644 3601 t.
664 3548 719 3601 135
737 3545 763 3615 f.
782 3545 905 3601 821-89
909 3562 923 3615 ,·
941 3543 1054 3600 Kirech
1067 3560 1123 3614 pp.
1142 3544 1297 3599 147-156.

310 3903 433 3970 23⁷1.
464 3903 551 3967 1340
573 3903 713 3969 Joeaat·
732 3905 787 3968 31.
821 3900 987 3987 Avipooo.

310 4047 505 4113 Benedictus
529 4046 595 4110 XII
619 4046 862 4132 archiepiscopo
887 4044 1068 4112 Coloniensi
1092 4043 1234 4128 mandat,
1259 4044 1408 4127 quatinus
1437 4063 1472 4109 se
1495 4043 1540 4107 in-

203 4155 319 4220 formet
352 4154 393 4220 de
426 4156 474 4235 iis,
508 4173 570 4236 que
594 4151 780 4220 Ludovicus
814 4153 985 4239 episcopus
1007 4152 1184 4220 hlindensis
1211 4150 1378 4218 Ludovioo
1411 4149 1452 4216 de
1479 4151 1539 4215 Ba-

204 4264 294 4328 varia
318 4260 476 4328 adherens
500 4261 613 4345 egerit,
637 4267 680 4344 et,
704 4262 731 4326 si
755 4260 914 4327 invenerit
937 4261 983 4326 ita
1006 4280 1086 4343 ease,
1118 4258 1254 4326 eundem
1284 4260 1372 4342 citet,
1396 4263 1432 4323 nt
1454 4258 1541 4324 intra

203 4371 371 4434 terminum
396 4374 629 4453 competentem
654 4368 831 4454 apostolico
855 4388 890 4434 se
915 4369 1100 4454 conspectui
1124 4372 1333 4453 representet.

310 4476 519 4561 Significavit
541 4477 633 4542 noble
657 4474 796 4542 dilectus
818 4476 905 4542 filius
922 4474 1146 4562 Heydensicus
1170 4474 1210 4540 de
1227 4472 1411 4539 Brochusen
1435 4479 1541 4539 rector

204 4584 415 4670 parrochialis
448 4584 583 4649 ecclesie
612 4583 645 4647 in
675 4582 775 4649 Reme
799 4581 975 4650 Mindensis
1005 4582 1089 4649 dioc.
1108 4632 1115 4647 .
1135 4630 1168 4647 ..
1216 4580 1292 4646 Dat.
1316 4579 1411 4645 Avin.
1438 4579 1469 4644 II
1493 4578 1538 4644 lrl.

202 4692 356 4759 lehman'i
381 4712 411 4757 a.
437 4698 539 4758 sexto.

364 4835 436 4905 Rep.
458 4834 514 4890 128
533 4850 579 4889 nr.
599 4832 677 4904 227;
697 4834 748 4890 ez.
768 4832 854 4891 20⁶3.
