3642 5509
751 428 821 482 1333
840 427 973 484 October
993 429 1034 483 14.
1484 429 1537 484 471

201 626 353 672 reserare.
402 607 471 675 Nec
496 606 608 673 credat
636 614 692 674 tua
720 607 892 694 prudentia
921 607 1007 692 quod
1039 611 1072 675 iu
1102 608 1148 674 tui
1181 608 1414 676 detractionem
1444 609 1538 676 nobis

202 713 390 799 supradicta
418 715 594 801 scripserit,
627 715 685 782 sed
715 715 880 782 fidelitatis
908 716 1045 784 stimulis
1069 717 1220 801 agitatus.
1270 717 1378 782 Virum
1408 715 1537 800 quidem

201 821 305 905 ipsum
333 823 367 886 in
391 823 498 888 multis
521 823 729 908 probavimus
753 822 923 908 providum
947 832 980 890 et
1003 822 1141 890 fidelem.
1189 825 1265 890 Dat.
1291 825 1335 889 Vl
1359 845 1461 891 nonas
1484 845 1537 895 oc·

201 928 303 994 tohris
326 950 357 995 a.
382 929 505 995 XVIII.

308 1037 345 1100 In
370 1055 397 1102 ο.
422 1058 463 1103 m.
488 1037 597 1104 comiti
621 1037 803 1105 Iuliacansi.

350 1161 422 1232 Bag.
443 1160 538 1232 ms.
558 1161 622 1217 121¹
640 1177 687 1216 ar.
708 1163 789 1217 1113.

309 1420 438 1487 2184.
469 1423 556 1487 1333
579 1423 721 1488 October
746 1425 798 1488 14.
823 1421 1018 1510 (Anigros.)

692 1572 733 1657 [a.
757 1573 1046 1659 MCCOXXXIH1.

308 1680 369 1746 Die
392 1681 493 1747 XIIII
522 1702 563 1745 m.
588 1681 729 1751 octobris
752 1679 785 1746 d.
810 1682 925 1747 Petrus
949 1681 1105 1766 Guigonis
1135 1680 1177 1747 de
1201 1679 1400 1747 castronovo
1428 1677 1535 1744 archi-

199 1785 355 1854 diaconus
379 1785 419 1852 de
437 1788 516 1853 Vico
540 1788 573 1852 in
596 1788 676 1853 eccl.
694 1789 830 1855 Metensi
853 1787 896 1854 ad
921 1788 1136 1874 colligendum
1160 1789 1284 1855 fructus
1307 1785 1534 1854 beneficiomm

200 1894 489 1961 ceclesiasticorum
514 1894 548 1959 in
571 1895 740 1962 Bisontios
762 1900 796 1961 et
820 1897 1013 1964 Treverensi
1037 1896 1211 1981 provinciis
1235 1895 1447 1961 existentium
1471 1893 1534 1958 ool·

199 2001 300 2067 lector
333 2022 396 2067 una
429 2022 499 2067 cum
531 2001 563 2068 d.
587 2004 795 2090 Raymaado
823 2003 865 2068 de
890 2004 983 2069 Valle
1007 2005 1115 2070 Aurea
1148 2001 1304 2069 canonico
1336 2001 1535 2086 Lingonensi

199 2108 353 2174 collector
377 2107 551 2193 deputatus
574 2108 615 2174 de
639 2110 776 2195 pecunia
800 2129 858 2194 per
880 2112 969 2196 ipsos
983 2090 1182 2177 'collectores
1211 2114 1345 2194 recepta
1368 2107 1401 2173 in
1425 2108 1535 2174 Bisan-

198 2216 267 2281 tina
289 2215 424 2282 Meteusi
443 2216 587 2282 Tullensi
605 2216 796 2284 virdunensi
819 2224 851 2284 et
867 2217 1069 2284 Lausanensi
1091 2217 1279 2285 civitatibus
1295 2223 1328 2282 et
1352 2214 1535 2282 diocesibus

200 2321 240 2387 de
265 2321 422 2388 liuchbus
445 2322 641 2409 supradictis
669 2324 849 2409 assignavit
877 2345 1004 2391 camere
1028 2324 1060 2390 d.
1085 2325 1184 2392 nostri
1208 2344 1293 2411 pape
1316 2343 1374 2390 suo
1397 2331 1431 2388 et
1453 2321 1534 2388 dicti

199 2429 323 2513 college
346 2430 395 2496 sui
418 2431 605 2496 nomine-
943 2431 1132 2562 MOCLXXX
1151 2431 1221 2498 flor.
1238 2431 1318 2497 auri.

948 2575 1097 2641 IIXVIII
1120 2574 1152 2640 d.
1177 2574 1277 2660 regal.
1302 2574 1381 2640 auri.

949 2682 1012 2748 LII
1036 2683 1230 2769 partsienses
1253 2683 1332 2748 auri.

947 2790 1013 2856 XX
1037 2790 1069 2857 d.
1093 2789 1137 2856 ad
1161 2788 1348 2856 cathedram
1372 2786 1452 2855 auri.

304 2931 386 2995 Item
409 2932 589 3017 assignavit
612 2932 717 2998 eidem
747 2952 873 3000 camere
892 2971 926 2980 -
943 2877 1056 2999 IolLXl
1078 2931 1148 3000 flor.
1172 2932 1252 2998 auri.

360 3055 479 3112 introit
499 3059 526 3111 a
545 3055 629 3112 nait.
648 3058 703 3112 rao
719 3057 744 3128 s.
763 3058 807 3112 11.

303 3315 425 3383 2185.
456 3315 543 3379 1333
566 3312 705 3378 October
728 3310 782 3376 20.
798 3307 965 3398 Anigros.

306 3461 473 3526 Iohannes
498 3457 608 3522 XXII
639 3455 747 3521 trihus
780 3457 1014 3521 enecatortbas
1036 3457 1188 3537 mundat,
1213 3455 1373 3540 quatinus
1396 3453 1532 3519 Emori·

196 3570 272 3635 coni
296 3570 337 3634 de
354 3567 541 3634 Scbooecke
564 3565 724 3631 canonico
749 3563 883 3630 ecclesie
907 3565 948 3630 de
964 3564 1172 3630 Mouasterzb
1195 3564 1233 3628 ἐπ
1248 3562 1436 3648 Meyneoelt
1453 3582 1532 3648 pre·

191 3678 387 3762 poaitaram
410 3675 558 3740 academ
582 3672 660 3739 ecel.
685 3673 873 3758 conferant.

303 3817 476 3904 [Iohannes
491 3815 607 3900 XXII]
632 3814 757 3882 decano
781 3823 814 3881 et
838 3816 963 3881 cantori
980 3815 1017 3883 Β.
1034 3815 1136 3880 llario
1151 3813 1312 3898 Aquensis
1327 3811 1429 3879 Leod.
1446 3812 1531 3880 dioc.

195 3947 235 3991 ac
258 3924 427 4011 Leyvoldo
452 3923 492 3989 de
516 3921 657 3992 Northof
681 3922 837 3988 canonico
860 3921 963 3988 Leod.
988 3923 1069 3988 eccl.

303 4032 377 4098 Vite
400 4051 439 4097 ac
468 4049 589 4096 morum
618 4029 770 4095 honestas
886 4029 1015 4096 Dudum
1128 4029 1223 4094 Helia
1247 4027 1335 4094 dicto
1359 4027 1401 4094 de
1424 4028 1533 4094 Mona·

195 4139 292 4205 sterio
317 4138 350 4204 in
373 4136 557 4223 llleynevelt
586 4137 721 4202 ecclesie
750 4135 896 4221 predicte
926 4137 1081 4202 canonico
1106 4141 1286 4223 exponente
1309 4136 1411 4218 uobis,
1445 4134 1530 4219 quod

195 4247 397 4331 prepositura
413 4245 514 4330 ipsius
530 4244 667 4317 ecclesie
682 4263 724 4309 ex
740 4262 780 4309 eo
796 4251 872 4310 tunc
888 4244 1038 4320 vacabat,
1063 4242 1149 4327 quod
1166 4241 1328 4326 quondam
1344 4241 1532 4309 Alexander

196 4352 237 4418 de
253 4351 436 4418 Brunsheru
460 4359 556 4418 antea
580 4351 716 4417 ecclesie
739 4349 886 4437 predicte
909 4351 1091 4436 prepositus
1114 4357 1190 4416 tunc
1213 4349 1386 4416 defunctus
1408 4348 1529 4416 dictam

196 4460 428 4546 preposituram
454 4480 561 4525 curam
586 4459 763 4525 animamm
787 4457 957 4524 habentem
982 4478 1046 4524 una
1065 4478 1136 4524 cum
1154 4455 1319 4543 qna[dam]
1335 4457 1530 4543 parrochiali

195 4569 334 4634 ecclesia
366 4575 439 4652 post
469 4575 501 4632 et
534 4572 645 4632 contra
678 4566 938 4632 constitutionem
969 4571 1122 4650 nostram,
1158 4585 1253 4649 quam
1284 4563 1405 4631 dudum
1433 4584 1530 4651 super

196 4675 379 4760 pluralitate
403 4723 410 4739 .
430 4723 464 4738 ..
490 4672 715 4739 beneficiorum
746 4671 1036 4739 ecclesiasticorum
1148 4669 1322 4755 edidimus,
1361 4691 1462 4756 usque
1486 4671 1527 4738 ad

195 4780 281 4848 diem
306 4783 354 4848 sui
379 4782 485 4847 obitus
509 4781 646 4848 retinere
669 4787 920 4867 presumpserat,
943 4800 1059 4867 penam
1082 4780 1273 4866 privationis
1296 4780 1440 4848 eiusdem
1460 4799 1529 4865 pre·
