3642 5509
274 451 326 509 144
825 456 896 513 neas
916 454 1002 529 nprn
1020 456 1046 515 s.

381 635 423 701 Ut
448 634 489 699 de
513 636 671 701 contentis
694 638 727 701 in
755 657 905 722 processu
1038 640 1112 704 Dat.
1136 638 1221 705 AvIn
1243 638 1288 706 hl.
1314 638 1448 726 [aprilis]
1471 664 1502 709 a.
1526 641 1602 707 duo·

272 740 407 808 decimo.

432 848 496 918 Rep
525 849 981 920 114pe.11s.173nr.1696.
1039 865 1044 875 ·

381 1119 502 1186 1458.
528 1123 615 1187 1328
637 1121 742 1207 April
763 1124 796 1187 5.
826 1119 1019 1209 (Avs'poou.)

377 1264 535 1331 Iohannes
557 1265 657 1330 XXII
686 1265 842 1331 universis
866 1266 1065 1351 principibus
1089 1274 1155 1333 tam
1179 1269 1409 1335 ecclesiasticis
1433 1291 1528 1353 quam
1552 1292 1601 1338 se·

269 1371 430 1439 cularibus
462 1373 494 1437 in
527 1372 684 1438 electione
716 1372 803 1456 regis
831 1372 1046 1439 Romanorum
1076 1374 1108 1439 in
1137 1376 1361 1461 imperatorem
1392 1376 1601 1463 promovendi

268 1498 381 1544 vocem
405 1477 596 1544 habentibus
619 1477 761 1544 destinat
784 1478 919 1561 litteras,
944 1479 1059 1563 quibus
1085 1481 1222 1548 insertus
1246 1489 1295 1549 est
1319 1490 1410 1550 tenor
1433 1503 1602 1569 processus

269 1590 381 1651 contra
413 1583 614 1651 Ludovicum
648 1584 689 1651 de
719 1586 860 1651 Bavaria
892 1584 1005 1669 habiti,
1040 1588 1093 1671 qui
1127 1588 1257 1674 incipit:
1294 1590 1422 1657 Dudam
1450 1644 1458 1661 .
1488 1642 1495 1657 .
1523 1589 1602 1657 facti

269 1691 449 1759 evidencia.

372 1800 558 1866 Processum
592 1819 649 1885 per
681 1818 739 1865 nos
770 1799 975 1885 pridem...
1025 1802 1099 1867 Dat.
1124 1822 1200 1867 vero
1225 1803 1432 1870 hulusmodi⁸
1455 1806 1483 1871 is
1507 1804 1602 1871 dictis

269 1907 468 1992 principibus
490 1914 540 1973 est
563 1927 663 1971 nonas
687 1906 798 1991 aprilis
821 1928 850 1972 a.
876 1906 1077 1974 duodecimo.

418 2032 490 2101 Rep.
508 2034 562 2084 114
579 2032 604 2102 f.
624 2032 679 2085 167
697 2046 745 2085 nr.
766 2033 840 2086 1654
860 2032 972 2100 (temtus
991 2031 1143 2102 mutilus).

374 2265 496 2333 145⁹.
522 2268 609 2332 1328
633 2266 735 2353 April
755 2270 788 2332 6.
815 2268 915 2333 Korn.

372 2409 464 2476 Prior
487 2410 728 2476 PredIcatorum
758 2419 790 2476 et
819 2410 1016 2495 guardianus
1041 2412 1194 2478 llinornm
1218 2433 1343 2480 necnon
1367 2414 1404 2479 B.
1429 2414 1599 2499 Augustini

266 2522 299 2583 et
323 2516 359 2585 B.
377 2517 478 2582 hlarie
501 2517 542 2583 de
565 2518 673 2583 Monte
697 2517 834 2584 Carmeli
859 2518 983 2604 priores
1007 2518 1152 2585 ordinum
1178 2520 1310 2585 fratrum
1335 2520 1499 2586 domorum
1524 2520 1600 2585 clvi·

267 2624 343 2689 tatis
368 2622 568 2690 ColonIensis
590 2627 743 2690 nunciant
768 2623 902 2691 Iohanni
927 2645 1011 2711 pape
1035 2626 1145 2707 XXII,
1171 2626 1256 2710 quod
1281 2647 1322 2693 ex
1346 2626 1499 2693 mandato
1517 2628 1600 2692 llen·

265 2729 324 2795 rici
348 2729 582 2816 archiepiscopi
598 2730 796 2797 Coloniensis
820 2730 901 2798 duas
925 2732 1049 2799 litteras
1070 2732 1209 2799 bullatas
1225 2733 1367 2799 eiusdem
1383 2754 1479 2819 pape,
1504 2754 1599 2799 unam

265 2834 426 2903 vedelicet
449 2845 560 2903 contra
583 2838 785 2917 Ludovieum
809 2840 882 2903 olim
908 2838 1021 2905 ducem
1044 2840 1183 2906 Bavsrie
1207 2848 1240 2908 et
1263 2841 1358 2906 alium
1383 2847 1495 2906 contra
1517 2841 1599 2905 Mar-

265 2943 370 3008 silium
401 2942 442 3009 de
468 2945 582 3011 Padua
611 2954 643 3010 et
666 2944 840 3011 Iohannem
865 2945 906 3010 de
930 2945 1077 3012 Ianduno
1101 2954 1291 3033 receperunt
1327 2952 1473 3030 (quarum
1497 2948 1600 3032 prima

265 3051 393 3135 incipit:
430 3051 595 3119 Adversus
618 3054 720 3118 virurn
755 3054 936 3137 reprobum,
972 3053 1135 3120 destinata
1165 3063 1213 3121 est
1240 3055 1484 3141 archiepiscopo
1508 3053 1599 3121 Colo·

264 3157 367 3224 niensi
401 3160 532 3242 eiusque
564 3160 776 3242 suffraganeis
807 3168 840 3225 et
863 3160 942 3225 data
970 3168 1020 3227 est
1043 3162 1201 3228 Avinione
1226 3162 1271 3227 VI
1295 3162 1339 3227 kl.
1364 3162 1544 3228 novembris
1567 3183 1598 3247 p.

264 3286 295 3331 n.
312 3286 342 3330 a.
356 3264 555 3344 duodecimo,
580 3268 683 3332 altera
706 3268 834 3352 incipit:
859 3266 990 3332 Cortum
1015 3287 1209 3352 processum,
1233 3289 1290 3354 per
1306 3289 1400 3352 quern
1414 3320 1421 3333 .
1437 3318 1444 3334 .
1459 3319 1477 3351 .,
1502 3268 1598 3337 desti·

264 3378 341 3438 nata
376 3379 424 3439 est
458 3373 703 3459 archiepiscopo
737 3373 922 3440 Coloniensi
958 3374 1090 3457 eiusque
1124 3374 1338 3459 suffraganeis
1373 3384 1405 3442 et
1439 3382 1489 3441 est
1520 3375 1598 3441 data

262 3476 423 3544 Avinione
447 3479 510 3544 Vll
533 3481 578 3544 kl.
602 3480 784 3546 novembris
809 3501 840 3565 p.
864 3501 895 3547 u.
920 3502 949 3545 a.
975 3480 1189 3562 duodecimo),
1219 3482 1369 3565 qnodque
1392 3482 1451 3547 has
1475 3484 1598 3549 litteras

262 3585 297 3649 in
321 3585 446 3668 volgari
470 3586 656 3669 sublingua
680 3595 825 3652 materna
848 3587 1023 3653 seeundum
1048 3588 1220 3653 earundem
1245 3589 1442 3655 intellectum
1466 3588 1500 3655 in
1524 3609 1599 3673 qua·

264 3700 337 3757 tuor
369 3690 518 3758 domibus
550 3694 615 3759 snIs
647 3693 801 3779 predictis
834 3693 887 3758 die
919 3696 1030 3760 munds
1058 3697 1205 3781 proxima
1228 3702 1301 3781 post
1325 3696 1442 3763 festum
1465 3696 1597 3782 pasche,

263 3819 324 3883 que
349 3798 437 3864 cadit
460 3819 558 3885 super
587 3820 688 3866 nonas
717 3801 828 3885 apriIIs
856 3802 1014 3886 presentis
1037 3823 1120 3867 anno
1147 3803 1231 3868 1328
1255 3804 1288 3867 in
1311 3803 1510 3869 sermonibus
1532 3806 1598 3869 suls

261 3926 325 3971 non
349 3905 477 3972 modica
500 3905 619 3973 ibidem
644 3908 754 3992 populi
779 3908 982 3974 multitudine
1012 3915 1210 3993 congregata
1233 3917 1448 3996 exposuerunt
1464 3919 1497 3976 et
1520 3912 1596 3996 pub·

261 4014 442 4079 lIcaverunt
464 4014 693 4100 sollempniter.

368 4120 504 4187 Noverit
526 4121 683 4188 sauctitas
707 4129 815 4189 vestra
833 4174 840 4189 .
859 4172 892 4189 ..
927 4126 1042 4191 Actum
1067 4132 1100 4191 ct
1122 4126 1321 4209 recognitum
1346 4126 1376 4191 in
1402 4125 1539 4191 ecclesia
1562 4125 1596 4191 S.

261 4226 363 4293 Marie
392 4226 434 4291 ad
463 4224 583 4311 gradus
607 4228 717 4299 Colon.
747 4231 948 4315 presentibus
977 4231 1106 4297 domino
1136 4232 1307 4317 Reynardo
1337 4231 1537 4298 thesaurario
1561 4232 1595 4297 S.

261 4333 408 4400 Severini
438 4354 561 4401 necnon
586 4334 728 4403 Iohanne
752 4336 794 4402 de
818 4336 969 4421 Pistnino,
1000 4339 1140 4405 Henrico
1165 4338 1346 4404 Mercenieh
1372 4345 1404 4403 et
1428 4337 1595 4404 Gerhurdo

262 4440 304 4507 de
327 4441 463 4506 Murlren
495 4441 629 4509 arcariis
661 4443 696 4509 S.
720 4444 821 4509 Marie
853 4442 896 4510 ad
929 4443 1048 4528 gradus
1081 4447 1160 4512 eccl.
1185 4446 1295 4512 Oolon.
1328 4452 1359 4511 ct
1384 4444 1524 4511 Henrico
1553 4446 1595 4512 de

262 4548 398 4634 Oastorp
432 4548 549 4615 clerico
574 4549 683 4617 Colou.
718 4549 801 4616 dioc.
836 4551 972 4618 testibus
1007 4550 1048 4617 ad
1082 4554 1239 4637 prchssa
1262 4553 1385 4619 vocatis
1418 4552 1477 4619 sub
1511 4571 1594 4618 anuo

261 4654 382 4721 domini
407 4654 555 4740 predicto
578 4655 756 4724 Indictione
780 4656 839 4722 XI.
865 4658 945 4722 VIII
968 4656 1040 4723 idus
1063 4658 1185 4744 aprilis.

362 4833 391 4907 a)
409 4835 529 4893 lacuna.
