3642 5509
268 450 322 510 412
831 454 900 511 1331
920 454 994 511 Junl
1015 453 1057 510 16.

267 635 360 719 pituli
384 634 435 702 rel
459 635 573 702 saltem
606 637 735 702 maioris
766 635 868 722 partis
896 637 1038 721 ipsorum
1070 656 1231 721 nunqnam
1260 634 1417 702 eumalio
1444 634 1602 701 beneficio

237 828 242 833 .
267 744 462 827 permutabit
485 750 518 809 et
541 743 626 827 quod
651 751 685 810 tn
709 746 805 810 ctiam
828 745 891 810 hec
915 744 1038 827 iurasti,
1063 765 1102 809 ac
1126 744 1376 828 quibuscumque
1392 744 1521 810 statutis
1538 792 1545 807 .
1565 792 1571 807 .
1594 791 1600 806 .

267 851 403 916 ecclesie
435 852 468 917 S.
496 852 631 918 Dionisii
654 901 659 914 .
680 902 687 917 .
706 902 713 918 .
734 872 790 917 seu
818 851 904 935 qued
937 853 1172 938 preposituram
1207 852 1242 916 B.
1268 852 1370 917 hlarie
1403 850 1445 917 nd
1479 849 1601 935 gradus

267 956 377 1023 Colon.
402 966 434 1023 et
458 960 489 1023 in
505 959 706 1025 Traiectensi
730 968 762 1025 et
786 960 954 1025 Werdcnsi
978 980 1018 1025 ac
1034 960 1195 1025 Bnnnensi
1212 958 1322 1025 Gelon.
1346 958 1430 1023 dioc.
1456 958 1602 1024 ecclesiis

268 1066 474 1133 canonicatus
508 1073 539 1131 ct
571 1066 754 1152 prebendas
792 1068 927 1149 obtines,
970 1068 1046 1132 licet
1084 1066 1124 1132 de
1154 1067 1343 1133 canonicatu
1375 1072 1407 1132 et
1435 1064 1602 1151 prebenda

267 1192 391 1238 necnon
416 1173 606 1256 quibusdam
630 1175 772 1240 curtibus
795 1194 852 1240 seu
876 1174 1070 1240 obedientiis
1094 1174 1236 1241 eiusdem
1261 1173 1438 1239 Bonnensis
1462 1173 1601 1240 ecclesie

268 1327 302 1344 ..
329 1280 457 1365 litigare
485 1284 628 1347 noscaris
661 1289 693 1348 et
723 1281 807 1365 qrrud
842 1302 944 1367 nuper
976 1282 1017 1347 de
1050 1282 1293 1348 canonicatibus
1316 1288 1349 1345 et
1372 1280 1544 1366 prebendis
1567 1281 1599 1345 in

266 1387 508 1455 hlberstadcnsi
532 1396 565 1454 et
588 1389 804 1455 Fritzlaricnsi
837 1390 981 1474 blagnnt.
1010 1388 1094 1455 dieo.
1124 1388 1269 1455 ccelesiis
1301 1393 1378 1454 tnnc
1411 1388 1601 1454 vacantibus

268 1494 427 1580 ...[tibi]
452 1495 601 1562 duximus
624 1495 868 1581 providendum,
893 1516 1025 1579 qnorum
1049 1498 1282 1582 possessionem
1298 1494 1436 1561 nondum
1461 1495 1599 1580 adeptus

265 1601 367 1685 luisti,
397 1623 436 1669 ae
461 1603 692 1687 parrochialem
718 1603 886 1670 ecelesiam
911 1603 945 1669 S.
971 1603 1101 1669 Andree
1125 1604 1327 1670 Pataviensis
1351 1601 1435 1668 dioc.
1461 1603 1519 1667 tibi
1537 1648 1544 1665 .
1564 1651 1598 1667 ..

266 1709 415 1776 duximus
438 1710 691 1777 conferendam.
710 1760 742 1775 ..
761 1712 836 1776 Dat.
861 1711 956 1779 Arin.
981 1711 1060 1776 XVI
1083 1710 1128 1776 kl.
1152 1709 1221 1776 iulii
1244 1732 1274 1777 a.
1299 1708 1548 1794 quintodecimo.

371 1819 409 1883 In
433 1838 460 1883 e.
485 1839 526 1882 m.
551 1817 585 1883 S.
611 1817 722 1884 Crucis
745 1824 778 1883 et
800 1818 834 1884 S.
854 1818 947 1883 Panh
973 1816 1073 1884 Leod.
1098 1816 1230 1884 decanis
1253 1837 1292 1883 ac
1315 1815 1498 1883 scolastico.
1523 1816 1601 1881 Tul·

265 1924 362 1992 tensis
386 1924 463 1992 ecel.

413 2049 487 2119 Rep.
506 2049 544 2104 99
567 2049 591 2119 f.
612 2049 668 2104 271
685 2066 734 2105 nr.
753 2051 835 2104 1651.

371 2333 499 2400 2048.
531 2337 616 2399 1331
641 2337 727 2401 June·
752 2338 804 2399 16.
829 2334 995 2421 Ace'puea.

371 2476 532 2542 Iohannes
555 2477 654 2541 XXII
679 2476 813 2543 Iohanni
849 2476 889 2543 de
919 2476 1110 2561 Aquadnetn
1146 2478 1270 2543 confert
1307 2480 1530 2543 cunculcatnm
1564 2486 1599 2544 ct

264 2582 460 2669 prebendam
484 2605 523 2648 ac
547 2584 746 2650 scolastriam
770 2585 906 2650 ecclesie
920 2583 1110 2651 Wcrdensis
1127 2584 1237 2651 Gelon.
1262 2584 1357 2666 dioc,
1382 2605 1444 2667 qne
1468 2584 1598 2667 quidem

267 2691 436 2757 scolastria
469 2711 530 2757 nec
553 2691 696 2775 dignitas
730 2711 790 2757 nce
820 2697 1020 2776 personatus,
1053 2691 1110 2757 sed
1146 2692 1281 2777 simplex
1312 2692 1449 2757 officium
1479 2691 1598 2769 existit,

265 2805 418 2865 vacantes
442 2818 499 2883 per
524 2799 644 2864 obitum
670 2797 866 2883 Hcydcnrici
891 2798 932 2864 de
948 2798 1093 2865 Essende
1118 2800 1276 2884 capellani
1300 2798 1387 2866 sedis
1410 2800 1598 2885 apostolice,

264 2924 327 2969 nen
358 2905 505 2971 obstante
529 2904 614 2989 quod
639 2906 722 2973 isin
747 2905 826 2972 ecel.
850 2906 885 2971 S.
910 2906 1056 2973 Severini
1081 2906 1190 2973 Gelon.
1224 2908 1447 2973 canonicatum
1471 2914 1504 2973 et
1528 2928 1598 2993 pre·

265 3010 404 3077 bendam
428 3032 467 3078 ae
491 3011 682 3078 decanatum
706 3013 839 3078 obtinet.

370 3118 590 3203 Suffragantia
613 3120 670 3185 tibi
704 3120 890 3185 merita...
937 3121 1013 3185 Dat.
1035 3121 1128 3187 Avin.
1153 3120 1231 3187 XVI
1255 3120 1300 3186 kl.
1325 3121 1393 3186 iulii
1417 3142 1447 3187 a.
1472 3121 1600 3205 quinto-

263 3225 399 3294 decimo.

370 3334 408 3399 In
432 3355 459 3400 e.
483 3356 524 3399 m.
549 3334 582 3399 S.
607 3333 765 3402 Gereonis
788 3342 821 3401 et
844 3336 877 3402 S.
904 3336 1035 3420 Georgii
1059 3336 1169 3403 Oolon.
1194 3336 1326 3403 decanis
1355 3358 1395 3403 ae
1426 3336 1598 3403 scolastico

264 3441 424 3507 Tullensis
447 3443 526 3507 ecel.

425 3566 495 3635 1109.
513 3566 551 3619 97
569 3582 616 3619 ur.
636 3568 700 3621 359.

369 3852 501 3919 2049.
528 3855 614 3918 1331
638 3856 726 3921 Juoc'
751 3856 801 3918 16.
827 3852 993 3940 Acipuou.

369 3984 528 4051 Iohannes
551 3986 651 4052 XXII
674 3988 828 4072 magistre
845 3986 1009 4054 chardo
1026 3987 1183 4073 Stephani
1211 3988 1336 4054 notario
1360 3988 1446 4054 sedis
1470 3996 1599 4074 aposte-

263 4091 325 4156 lice
349 4092 473 4156 confert
497 4095 719 4159 canonicatum
744 4102 776 4160 et
799 4094 995 4179 prebendam
1022 4115 1092 4160 cum
1117 4114 1180 4160 una
1204 4094 1329 4160 decima
1352 4094 1441 4160 dicta
1466 4096 1596 4161 1100ιο0-

263 4197 433 4263 eemcchin
458 4206 490 4264 et
513 4199 705 4269 obedientiis
728 4222 785 4267 seu
808 4203 962 4285 curtibus,
987 4222 1067 4285 quos
1084 4201 1242 4285 quendam
1261 4200 1461 4270 Hcdcnricus
1485 4202 1525 4268 de
1542 4204 1599 4269 Es·

262 4302 362 4371 sende
382 4305 468 4371 sedis
488 4308 664 4391 apostolice
681 4310 867 4394 capellanus
890 4310 922 4374 in
947 4310 1025 4375 eccl.
1043 4310 1204 4376 Bonnensi
1222 4309 1399 4393 obtinebat,
1424 4310 1479 4392 qni
1495 4330 1598 4396 nuper

262 4411 294 4477 in
318 4411 382 4478 illis
405 4414 550 4498 partibus
573 4416 687 4481 clausit
711 4416 796 4483 diem
821 4423 1007 4500 extremum,
1031 4438 1094 4482 non
1117 4416 1318 4483 obstantibus
1341 4418 1593 4501 quibuscumque

262 4520 392 4585 statutis
415 4526 449 4584 ct
473 4521 754 4588 consuetudinibus
777 4523 919 4591 eiusdem
945 4523 1082 4590 ecclesie
1099 4531 1131 4588 et
1147 4524 1201 4589 illo
1226 4524 1402 4609 presertim,
1427 4544 1491 4606 qno
1513 4524 1597 4591 inter

262 4627 327 4692 alia
350 4628 383 4691 in
406 4626 520 4692 eadem
549 4630 687 4696 ecelesia
711 4633 818 4697 caveri
842 4631 971 4715 dieitur,
1000 4630 1085 4715 quod
1109 4630 1214 4697 nullus
1238 4630 1419 4697 huiusmodi
1454 4630 1597 4699 decimas

261 4733 468 4801 obedienciae
482 4736 551 4801 sive
568 4744 674 4804 curtes
690 4739 792 4824 possit
808 4740 840 4804 in
857 4740 971 4806 eadem
996 4739 1134 4806 ecclesia
1158 4738 1313 4822 obtinere,
1338 4737 1399 4805 nisi
1423 4739 1597 4805 eanonicus

265 4842 481 4929 prebendatns
505 4842 603 4910 luerit
619 4851 694 4912 actu
718 4846 751 4912 iu
768 4848 973 4933 perceptione
997 4847 1157 4914 fruetuum
1181 4846 1343 4933 prehende
1365 4866 1422 4917 sue
1445 4849 1597 4932 existens,
