3642 5509
747 439 817 494 1328
837 438 967 494 October
987 439 1028 492 11.

325 644 444 714 1557.
472 648 558 711 1328
582 645 734 730 [October
764 648 815 713 11.
836 644 1013 731 Aeipaoel.

328 789 488 855 lebannes
516 789 658 874 capitulo
692 808 731 853 ac
765 788 923 854 universis
946 786 1077 854 vasallis
1101 794 1134 852 et
1156 785 1293 853 subditis
1317 787 1396 853 ecel.
1420 787 1551 871 Magon·

222 897 286 960 tine
319 897 461 977 nunciat,
494 894 579 977 qued
612 895 751 961 ecclesie
775 895 976 977 Magnetine,
1013 893 1103 959 cuius
1136 892 1350 978 provisionem
1383 895 1446 960 iam
1480 904 1554 959 ante

220 1001 340 1067 Mathis
363 1001 485 1067 obitum
509 1003 685 1067 reservavit
708 1000 776 1066 sedi
801 1002 989 1086 apostolice,
1024 1000 1166 1086 providit
1195 999 1236 1065 de
1261 1021 1397 1085 persona
1422 1001 1552 1066 Henriei

222 1111 376 1195 prepositi
412 1110 548 1174 ecclesie
580 1110 758 1174 Bonnensis
792 1111 824 1173 in
861 1108 1051 1175 diaconatus
1086 1108 1197 1173 ordine
1233 1109 1407 1190 constituti,
1444 1110 1553 1190 eisque

221 1216 362 1300 mandat,
387 1217 537 1299 quatinus
560 1215 665 1281 eidem
689 1216 792 1281 electo
817 1217 948 1298 eiusque
972 1215 1102 1282 vicariis
1130 1215 1322 1280 officialibus
1346 1223 1379 1280 et
1402 1215 1555 1280 ministris

221 1330 366 1408 pareant.

328 1431 414 1497 Oura
437 1431 609 1516 pastoralis
633 1431 751 1497 officii.
766 1480 796 1496 ..
837 1433 910 1497 Dat.
937 1438 998 1496 etc.
1024 1430 1074 1515 [=
1091 1432 1186 1500 Avin.
1212 1431 1239 1496 V
1262 1429 1335 1498 idus
1358 1430 1500 1496 octobris
1523 1451 1553 1494 a.

222 1537 329 1624 Xllll.

371 1663 443 1732 sep.
464 1665 516 1716 115
535 1675 582 1730 ps.
595 1645 617 1717 ἰ
634 1663 658 1734 f.
677 1661 723 1716 ss
742 1679 790 1717 ar.
809 1664 874 1717 svs.

328 1934 450 2002 1558.
476 1937 564 2000 1328
586 1934 726 2002 October
752 1938 803 2001 11.
828 1934 994 2021 Aoipaoo.

328 2078 487 2143 Iohannes
510 2077 611 2142 XXII
646 2078 889 2164 archiepiscopo
914 2078 1026 2144 Oolon.
1057 2083 1090 2142 et
1119 2077 1271 2163 episcopo
1294 2076 1396 2144 Leod.
1421 2097 1462 2143 ac
1484 2096 1554 2162 pre·

221 2185 326 2269 posito
352 2183 520 2250 Zeflicensi
544 2183 653 2250 Colon.
679 2184 762 2250 dioc.
787 2183 930 2263 mandat,
960 2185 1109 2266 quatinus
1133 2185 1273 2250 Henrico
1297 2185 1400 2250 electo
1423 2184 1554 2268 Mogon-

222 2293 299 2372 tino,
333 2291 374 2357 de
407 2293 496 2358 euius
529 2299 595 2357 tum
624 2291 779 2376 prepositi
805 2293 982 2358 Bonnensis
1015 2311 1154 2376 persona
1177 2313 1263 2377 papa
1286 2290 1426 2377 providit
1449 2290 1554 2356 eidem

221 2397 368 2480 ecclesie,
393 2399 537 2464 efficacis
561 2397 758 2464 defensionis
781 2399 924 2485 presidio
953 2399 1151 2481 assistentes,
1175 2399 1372 2484 prepositum
1397 2398 1554 2465 decanum

221 2513 254 2570 et
290 2506 465 2591 capitulum
499 2525 537 2570 ac
567 2506 739 2571 canonicos
772 2526 897 2570 necnon
936 2505 1092 2571 vassallos
1126 2512 1189 2572 etc.
1225 2506 1361 2572 ecclesie
1396 2505 1554 2591 prelibale

220 2619 371 2678 moneant
394 2619 427 2678 et
450 2611 616 2693 inducant,
649 2618 685 2677 ut
717 2611 801 2677 infra
835 2617 1069 2696 competentem
1103 2614 1270 2679 terminum
1305 2613 1553 2698 peremptorium

220 2717 358 2786 eundem
388 2721 523 2786 electum
548 2721 580 2784 in
604 2725 764 2805 pastorem
798 2719 941 2786 eiusdem
975 2720 1111 2786 ecclesie
1144 2720 1303 2806 recipiant
1326 2727 1357 2786 et
1381 2718 1554 2786 admittant

221 2846 260 2892 ae
285 2825 389 2892 eidem
414 2832 558 2912 pareant.

328 2932 457 3000 Pridem
487 2933 625 3001 ecelesia
648 2934 837 3018 Magnetida
863 2983 870 2998 .
900 2983 907 3000 .
938 2983 945 2999 .
988 2933 1066 2999 Dat.
1091 2934 1186 2999 Avin.
1212 2933 1240 2998 V
1263 2931 1336 3000 idus
1359 2933 1500 2999 octobris
1524 2954 1553 2997 a.

221 3039 451 3106 tertiodecimo.

380 3165 453 3235 Rsp.
474 3167 527 3219 115
542 3180 592 3235 ps.
613 3164 632 3218 Ι
643 3165 669 3236 f.
689 3167 726 3220 81
744 3179 792 3220 er.
812 3166 876 3220 476.

325 3454 447 3522 1559.
473 3459 561 3522 1328
585 3458 727 3523 October·
752 3459 802 3521 12.
827 3455 992 3542 Aeipboa.

329 3598 489 3665 Iohannes
513 3600 613 3665 XXII
637 3599 778 3666 Henrieo
802 3600 906 3666 electo
930 3600 1119 3684 Magnetino
1144 3600 1285 3680 nunciat,
1311 3598 1394 3682 qnod
1419 3596 1460 3662 de
1484 3595 1553 3662 eius

220 3725 357 3789 persona
390 3705 531 3790 providit
564 3707 701 3773 ecclesie
725 3707 913 3790 Magundne
944 3726 1002 3791 per
1026 3706 1148 3771 obitum
1172 3706 1294 3772 Matbie
1316 3705 1445 3771 vacanti
1470 3724 1550 3769 eum·

221 3831 282 3895 que
317 3820 392 3878 tunc
426 3813 622 3899 prepositum
651 3813 788 3880 ecclesie
813 3814 992 3879 Bonnensis
1016 3812 1126 3879 Gelon.
1150 3812 1234 3878 dioc.
1264 3811 1400 3898 prefecit
1423 3811 1554 3895 Magnu-

220 3919 287 3984 tine
311 3918 447 3985 ecclesie
470 3921 504 3985 in
528 3921 807 4006 archiepiscopum
832 3927 865 3985 et
888 3927 1060 4006 pastorem.

330 4026 456 4092 Pridem
482 4027 620 4093 ecelesia
644 4027 832 4112 Maguntina
851 4075 858 4090 .
874 4077 905 4090 ..
936 4027 1012 4091 Dat.
1037 4027 1105 4091 llIl
1128 4025 1201 4092 idus
1224 4027 1364 4093 octobris
1387 4047 1417 4090 a.
1442 4025 1553 4091 tercio·

221 4131 356 4198 decimo.

417 4239 489 4309 Ray.
511 4241 565 4293 115
581 4255 629 4308 pa.
649 4241 669 4293 1
683 4239 707 4310 f.
727 4240 765 4294 98
782 4255 831 4294 ar.
851 4241 915 4296 559.

326 4546 449 4614 1550.
475 4549 563 4613 1328
586 4548 738 4614 Octobris
763 4549 814 4612 14.
840 4546 1005 4633 Aeipaoa.

324 4688 497 4773 [lohannes
519 4689 631 4774 XXII]
656 4690 796 4756 Henrieo
820 4688 1063 4775 archiepiscopo
1088 4690 1280 4757 Coloniensi.

327 4797 438 4882 Nuper
461 4797 599 4863 ecclesia
616 4797 803 4882 Maguntina
824 4815 881 4882 per
897 4797 1018 4863 obitum
1035 4799 1086 4864 bo.
1103 4818 1164 4863 me.
1181 4796 1305 4863 Matbie
1324 4848 1331 4863 .
1350 4846 1357 4863 .
1376 4848 1383 4862 .
1405 4807 1552 4882 vacante,
