3642 5509
281 457 335 512 454
802 457 871 512 1332
890 457 1065 512 November
1083 457 1109 510 2.

283 657 416 702 ...en
451 637 589 704 ecclesia
623 636 817 722 parrochiali
851 635 940 722 opidi
972 635 1022 702 sui
1056 635 1097 702 de
1129 635 1279 720 Nidegen
1306 637 1418 702 Colon.
1451 635 1536 700 dioc.
1569 636 1620 701 ius

283 743 455 810 habuerint
478 751 678 829 patronatus,
709 753 816 809 tamen
840 763 899 829 per
922 745 1027 808 aviam
1058 764 1148 808 suam
1173 745 1226 809 vel
1249 743 1496 829 predecessores
1519 743 1620 827 ipsius

282 851 409 918 comitis
438 852 567 937 prefata
590 851 727 918 ecclesie
755 851 909 917 fratribus
940 851 1110 935 hospitalis
1133 851 1168 917 S.
1192 850 1352 916 lohannes
1376 850 1620 916 lerosolimitani

281 960 390 1024 extitit
425 961 602 1042 assignata,
641 979 703 1042 qne
738 960 779 1024 ab
815 960 862 1024 eis
897 979 955 1044 per
988 960 1163 1041 sexaginta
1197 979 1287 1025 amos
1322 958 1374 1022 vel
1407 959 1535 1022 circiter
1569 963 1618 1022 est

281 1086 440 1152 possessa,
465 1075 498 1131 et
514 1065 599 1149 quod
618 1067 761 1152 prefatus
778 1085 885 1132 comes
902 1066 1036 1132 eundern
1054 1066 1236 1148 ecclesiam,
1260 1067 1294 1131 in
1310 1086 1375 1149 qua
1391 1077 1457 1131 tres
1479 1065 1618 1150 hospita-

282 1172 354 1238 larii
378 1171 548 1238 dumtaxat
572 1174 624 1238 vel
651 1175 737 1238 eirea
761 1181 936 1254 morantur,
965 1175 1097 1239 summis
1120 1173 1253 1238 affectat
1276 1172 1446 1239 desideriis
1468 1174 1501 1236 in
1525 1172 1617 1236 colle

282 1281 405 1364 gnatam
429 1281 510 1364 erigi
544 1287 576 1344 et
600 1280 787 1346 honorabile
817 1281 988 1364 collegium
1023 1281 1248 1345 canonicorum
1273 1281 1463 1345 secularium
1496 1280 1617 1344 institui

281 1387 313 1451 in
338 1385 463 1452 eadem
522 1386 628 1465 Quare
661 1387 753 1452 nohis
777 1408 834 1473 pro
864 1395 1039 1473 partesue
1073 1388 1183 1453 extitit
1206 1387 1369 1452 humiliter
1391 1387 1617 1472 supplicatum,

282 1501 318 1560 ut
352 1494 513 1577 aliquibus
550 1493 700 1560 discretis
732 1497 933 1560 committere
968 1493 1184 1578 dignaremur,
1221 1504 1256 1560 ut
1292 1495 1354 1580 ipsi
1389 1493 1506 1560 fratres
1540 1492 1617 1558 dicti

283 1600 451 1687 hospitehs
473 1603 506 1666 in
531 1602 669 1668 ecclesia
693 1602 821 1688 prefata
844 1610 1008 1668 morantes
1031 1601 1073 1667 ad
1096 1603 1163 1668 alia
1185 1602 1257 1668 loca
1280 1612 1313 1666 et
1336 1603 1517 1668 mansiones
1539 1599 1618 1665 dicti

281 1708 451 1793 hospitalis
483 1711 516 1774 in
550 1711 702 1775 comitatu
736 1730 793 1775 suo
828 1711 1003 1776 existentes
1037 1711 1230 1774 anctoritate
1263 1718 1372 1775 nostra
1400 1708 1617 1788 transferrent,

282 1816 398 1899 quibus
421 1816 566 1901 prefatus
597 1837 704 1882 comes
728 1867 734 1880 .
759 1867 766 1880 .
790 1865 798 1880 .
819 1823 952 1903 paratus
976 1826 1025 1882 est
1048 1866 1055 1881 .
1081 1866 1088 1880 .
1112 1866 1120 1881 .
1143 1838 1200 1902 pro
1224 1819 1364 1902 ipsorum
1387 1816 1618 1883 sustentatione

282 1921 411 1989 decenti
427 1925 512 1990 bona
528 1925 744 2010 competentia
761 1926 929 2007 assignare
945 1925 977 1988 iu
999 1925 1296 2011 recompensatione
1312 1925 1465 1989 honorum
1482 1923 1619 1989 ecclesie

280 2029 457 2114 antedicto,
480 2031 624 2116 ipsisque
647 2032 802 2097 iratribus
825 2033 873 2097 sic
896 2032 1062 2097 translatis
1084 2031 1245 2118 prefatam
1261 2032 1441 2114 eeclesiam,
1466 2028 1618 2114 quamde

282 2137 537 2223 parrochialibus
560 2138 705 2204 ecclesiis
729 2137 871 2204 eiusdem
894 2141 1074 2214 comitatus,
1098 2139 1132 2204 in
1156 2139 1271 2221 quihus
1294 2139 1343 2203 ius
1366 2139 1490 2204 obtinet
1513 2143 1618 2222 patro-

281 2251 387 2327 natus,
412 2244 510 2310 etde
534 2245 608 2311 aliis
630 2247 723 2313 honis
750 2246 815 2312 suis
838 2246 944 2312 dotari
967 2246 1142 2328 desiderat,
1171 2247 1205 2310 in
1229 2246 1432 2329 collegiatam
1457 2245 1619 2327 erigerent

282 2371 323 2416 ac
339 2350 519 2417 huiusmodi
537 2371 647 2417 omnes
662 2353 881 2438 parrochiales
897 2353 1077 2419 ecclesias.
1097 2402 1105 2418 .
1122 2354 1375 2437 .imperpetuum
1392 2357 1619 2418 connecterent

283 2465 316 2524 et
339 2458 475 2540 unirent,
511 2461 682 2524 reservatis
705 2461 868 2546 perpetuis
896 2461 1027 2526 vicariis
1058 2461 1137 2526 inibi
1170 2461 1336 2525 servituris
1359 2469 1392 2524 et
1424 2458 1466 2524 ad
1491 2477 1618 2544 presen-

283 2565 437 2631 tationem
462 2565 542 2632 dicti
570 2567 696 2632 comitis
720 2566 926 2633 instituendis
954 2570 987 2632 in
1011 2568 1058 2633 eis
1081 2566 1123 2632 de
1146 2568 1286 2652 ipsorum
1310 2567 1520 2652 proventibus
1544 2586 1617 2630 con·

280 2673 371 2757 gruis
403 2674 632 2757 portionibus.
657 2723 663 2739 .
688 2723 695 2738 .
719 2681 751 2740 et
785 2674 869 2758 quod
904 2675 1052 2740 indicta
1078 2675 1236 2740 eccelesia
1272 2674 1314 2739 de
1345 2672 1494 2757 Nidegen
1529 2674 1620 2737 iuxta

281 2779 453 2845 facultates
486 2781 693 2846 ecclesiarum
729 2780 909 2848 huiusmodi
933 2781 1143 2847 uniendamm
1177 2780 1283 2847 eidem
1316 2791 1349 2847 et
1376 2782 1452 2857 alia,
1485 2800 1547 2863 qne
1570 2778 1617 2843 illi

282 2907 339 2972 per
362 2887 484 2953 dictum
508 2889 657 2955 comitem
682 2891 884 2972 contingeret
907 2890 1076 2973 assignari,
1106 2895 1309 2954 statuerent.
1328 2940 1335 2954 .
1354 2895 1500 2954 .certum
1525 2906 1618 2952 cano-

281 2995 423 3060 nicarum
457 2996 647 3062 secularium
671 3017 836 3062 numerum
869 3005 902 3062 et
925 2997 1024 3062 ctiam
1059 2996 1306 3082 prebendarum,
1339 3016 1378 3061 ac
1410 2995 1617 3081 prepositum,

282 3102 335 3184 qui
360 3111 503 3186 preesset
526 3102 705 3171 huiusmodi
731 3104 881 3186 collegio,
906 3111 940 3169 et
963 3102 1134 3186 decanum,
1158 3111 1191 3169 et
1207 3103 1292 3186 quod
1309 3103 1352 3169 ad
1368 3102 1618 3168 nominationem

282 3206 363 3274 dicti
387 3211 512 3275 comitis
536 3209 597 3275 hac
613 3211 685 3276 vioe
701 3210 743 3276 ad
766 3211 1000 3296 preposituram
1025 3209 1217 3276 decanatum
1235 3217 1268 3277 et
1283 3208 1465 3295 prebendas
1488 3205 1616 3275 eosdem

281 3335 435 3400 personas
466 3315 612 3400 ydoneas
645 3317 850 3382 instituerent
882 3318 915 3381 in
950 3315 1125 3402 collegiata
1157 3318 1296 3382 ecclesia
1329 3315 1504 3384 antedicta.
1550 3315 1617 3382 Nos

281 3423 416 3506 itaque.
435 3472 442 3487 .
460 3469 467 3484 .
486 3422 673 3490 discretioni
700 3429 831 3489 vestre.
851 3473 857 3487 .
876 3473 883 3486 .
903 3422 1105 3506 mandamus,
1129 3424 1331 3506 quatinus..
1350 3475 1358 3489 .
1375 3422 1416 3489 de
1441 3421 1617 3488 redditibus

370 3528 511 3595 eiusdem
543 3529 583 3594 de
607 3527 754 3614 Nidegen
785 3535 817 3594 et
847 3530 982 3595 aliarum
1014 3532 1223 3597 ecelesiarum
1254 3531 1554 3616 predictarum
1578 3550 1617 3595 ao

283 3637 578 3722 recompensatione
601 3634 697 3701 dictis
720 3635 875 3702 iratribus
898 3638 1052 3703 facienda
1071 3644 1104 3703 et
1128 3638 1200 3704 aliis
1223 3638 1388 3723 premissis
1411 3640 1616 3705 omnibus...

283 3763 340 3810 vos
358 3793 365 3808 .
381 3793 388 3808 .
405 3742 593 3826 diligentius
616 3743 794 3810 informetis
818 3751 851 3810 et
876 3765 1074 3829 quecumque
1098 3746 1281 3830 superbiis
1304 3746 1502 3829 inveneritis,
1525 3746 1617 3811 nohis

367 3851 487 3916 reterre
518 3851 645 3932 curetis,
682 3857 716 3915 ut
747 3857 855 3917 vestra
885 3872 980 3938 super
1009 3852 1070 3919 hoe
1101 3854 1257 3919 relatione
1285 3855 1443 3937 instructi,
1476 3851 1561 3935 quod
1584 3853 1616 3916 in

283 3957 345 4023 hac
370 3965 461 4043 parte
483 3956 695 4023 ordinandum
720 3958 827 4040 inerit,
852 3961 1011 4044 possimus
1033 3961 1193 4026 salubrius
1215 3959 1375 4026 ordinare.
1421 3961 1497 4026 Dat.
1522 3960 1615 4024 Avin.

283 4064 351 4130 llll
375 4085 477 4130 nonas
501 4064 685 4130 novembris
708 4087 737 4130 a.
764 4065 889 4132 decimo
915 4067 1062 4152 septimo.

445 4188 518 4258 Rep.
538 4190 594 4243 104
612 4205 659 4242 ar.
680 4191 774 4257 1366;
793 4190 844 4245 aa.
865 4192 948 4246 1576.

390 4459 512 4526 2144.
543 4463 629 4526 1332
654 4463 839 4529 November
861 4467 893 4529 2.
922 4462 1088 4549 Aoipaoo.

390 4602 551 4669 Iohannes
573 4603 671 4669 XXII
707 4605 847 4671 Henrico
879 4605 922 4670 de
954 4604 1142 4692 Spaiuheim
1177 4606 1301 4672 confert
1334 4606 1472 4672 ecclesie
1505 4606 1614 4673 Golon.

284 4709 527 4794 thesaurariam,
560 4729 621 4793 que
654 4711 789 4796 simplex
822 4712 960 4778 officium
990 4715 1060 4778 sine
1089 4733 1167 4780 cnra
1196 4714 1316 4796 existit,
1349 4721 1518 4780 vacantem
1549 4732 1617 4798 per-

284 4817 515 4903 promotiouem
540 4823 573 4882 et
596 4818 869 4885 consecrationem
892 4820 1046 4886 Walrami
1070 4819 1306 4906 archiepiscopi
1330 4820 1453 4904 Colon,
1476 4841 1540 4886 non
1563 4820 1617 4886 ob·
