3642 5509
787 430 856 488 13³5
874 429 958 486 Mllru
976 429 1019 488 29.
1516 430 1569 486 489

234 613 338 680 bitcro
362 619 395 679 et
418 613 521 678 soluta
545 614 654 698 genito
679 613 853 700 dispenset,
878 620 1000 679 utnon
1024 614 1172 680 obstante
1196 612 1327 679 delectu
1351 612 1504 678 natalium
1526 611 1569 677 ad

234 743 343 790 omnes
374 742 484 790 sacros
508 722 636 788 ordines
659 724 838 809 promoveri
864 729 896 788 et
919 721 1108 788 beneficium
1133 722 1396 805 ecclesiasticum,
1421 724 1517 788 etiam
1541 724 1567 788 si

236 852 344 898 curam
368 831 488 897 habeat
511 833 699 912 animarum,
724 832 867 896 obtinere
891 831 1003 916 possit.

341 939 540 1005 Constitutus
563 940 596 1004 in
620 938 784 1025 presentia
805 944 916 1004 nostra
945 987 952 1004 .
982 987 990 1003 .
1020 987 1028 1004 .
1075 939 1150 1004 Dat.
1175 939 1270 1004 Avin.
1295 939 1362 1004 IIII
1385 938 1430 1003 kl.
1456 938 1569 1025 aprilis
1667 963 1671 970 ·

234 1068 264 1114 a.
288 1048 401 1134 primo.

398 1155 470 1225 Rep.
491 1154 549 1209 120
566 1171 614 1208 nr.
633 1153 690 1208 742
705 1153 761 1211 litt.
783 1157 846 1211 186.

339 1427 469 1494 2232.
505 1429 590 1495 1335
619 1431 717 1494 Mdrz
741 1429 793 1493 29.
824 1430 989 1515 Acipaoa.

342 1571 537 1638 Benedictus
561 1573 627 1637 XII
661 1570 905 1658 archiepiscopo
930 1571 1122 1638 Treverensi
1151 1570 1293 1656 mandat,
1324 1574 1475 1657 quatinus
1498 1593 1569 1638 cnm

235 1680 375 1746 Henrico
400 1679 441 1746 de
456 1679 589 1745 Witlich
615 1680 733 1745 acolito
750 1679 881 1746 Trever.
900 1679 984 1745 dioc.
1008 1678 1049 1745 de
1072 1680 1251 1765 presbitero
1276 1688 1308 1746 ct
1331 1681 1436 1746 soluta
1459 1682 1568 1764 genito

235 1787 410 1874 dispenset,
435 1793 470 1854 ut
493 1808 556 1853 non
575 1788 724 1854 obstante
741 1786 872 1854 defectu
889 1788 1043 1854 natalium
1060 1787 1101 1853 ad
1119 1808 1229 1854 omues
1245 1790 1425 1874 superiores
1441 1788 1570 1855 ordines

234 1897 414 1983 promoveri
438 1902 471 1961 et
501 1895 691 1963 bcneiicium
721 1894 986 1979 ecclesiasticum,
1022 1895 1119 1960 etiam
1152 1897 1180 1961 si
1215 1915 1323 1961 curam
1357 1895 1477 1962 habeat
1504 1897 1569 1961 ani-

235 2025 368 2088 marum,
392 2004 537 2071 obtinere
560 2005 669 2090 possit.

343 2111 542 2178 Constitutus
566 2112 599 2176 in
622 2111 784 2197 presentia
807 2117 918 2177 nostra
947 2160 955 2176 .
985 2161 992 2175 .
1023 2160 1030 2177 .
1076 2111 1153 2176 Dat.
1177 2111 1272 2177 Avin.
1296 2111 1433 2177 1111k1.
1457 2111 1569 2197 aprilis

236 2241 265 2288 a.
289 2221 401 2306 primo.

384 2322 835 2396 Qfflmmmffi

341 2534 470 2601 2233.
504 2536 591 2600 1335
618 2533 721 2620 April
745 2537 778 2600 5.
809 2534 975 2623 Avipoon.

342 2677 535 2744 Benedictus
560 2678 625 2743 XlI
649 2678 785 2744 Iohanni
810 2678 897 2745 dicto
923 2679 1087 2746 Vrimser²
1110 2680 1235 2746 confert
1258 2681 1337 2745 cccl.
1362 2680 1570 2746 Treverensis

235 2785 470 2867 canonicatum,
503 2785 702 2872 prebendam
726 2807 801 2852 vero
835 2786 940 2852 cidem
974 2795 1128 2870 reservat,
1162 2809 1224 2853 non
1254 2788 1403 2853 obstante
1428 2785 1514 2870 quod
1538 2785 1572 2851 in

235 2894 372 2960 ecelesia
405 2892 586 2960 Nuhusensi
620 2899 714 2960 extra
747 2914 853 2960 muros
885 2895 1145 2962 wormacienses
1177 2897 1402 2961 canonicatum
1435 2903 1468 2960 et
1500 2916 1570 2980 pre·

235 2998 373 3066 bendam
398 3000 531 3066 obtinet.

341 3107 530 3193 apostolice
563 3106 650 3174 sedis
683 3109 953 3194 circumspecta.
983 3161 991 3176 .
1021 3159 1029 3175 .
1087 3111 1164 3176 Dat.
1197 3110 1293 3176 Avin.
1326 3131 1427 3177 nonas
1458 3111 1570 3197 aprilis

233 3236 262 3280 a.
287 3217 401 3301 primo.

340 3325 378 3388 ln
412 3341 439 3387 e.
468 3343 509 3387 m.
546 3322 808 3391 Monasteriensis
840 3323 873 3389 in
897 3325 1092 3411 ¹lleynerelt
1125 3332 1158 3392 et
1190 3325 1406 3394 cardonensis
1438 3327 1569 3393 Trever.

233 3427 317 3496 dioc.
342 3429 526 3498 cantoribus
550 3451 590 3497 ac
605 3431 752 3498 Rolando
776 3431 817 3498 de
833 3433 1018 3520 Scarampis
1042 3436 1197 3500 canonico
1221 3434 1445 3502 Laudunensis
1468 3437 1568 3504 eccle-

232 3540 361 3604 siarum.

381 3645 455 3715 ch.
474 3646 532 3699 120
550 3661 596 3699 nr.
616 3647 680 3700 477.

339 3848 466 3915 2234.
493 3852 579 3916 1335
603 3853 676 3917 Mai
698 3855 753 3918 23.
774 3851 943 3940 Avipaoa.

340 3973 534 4042 Benedictus
558 3977 624 4041 XlI
654 3978 751 4044 Petro
776 3979 890 4044 Mureti
915 3979 1144 4048 archidiacono
1168 3981 1210 4048 de
1234 3984 1314 4049 Vico
1339 3984 1371 4048 in
1396 3984 1476 4050 cccl.
1500 3985 1567 4049 Me-

232 4083 325 4165 tensi,
360 4102 453 4165 quem
476 4084 635 4151 Iohannes
658 4085 758 4152 XXII
789 4088 994 4154 collectorem
1022 4089 1158 4155 fructum
1189 4091 1280 4173 primi
1309 4093 1384 4157 anni
1415 4091 1568 4160 incertis

233 4188 417 4257 civitatibus
447 4191 630 4260 diocesibus
654 4199 687 4260 et
710 4196 855 4280 partibus
884 4195 1063 4282 deputavit,
1087 4197 1229 4281 mandat,
1262 4201 1412 4283 quatinus
1435 4201 1467 4264 in
1492 4201 1565 4265 civi·

232 4296 352 4362 tatibus
376 4297 558 4365 diocesibus
582 4308 614 4365 ct
637 4303 782 4386 partibus
806 4302 960 4387 predictis
982 4326 1039 4390 per
1056 4325 1091 4370 se
1109 4326 1148 4371 ac
1172 4306 1422 4373 subcollectores
1446 4307 1568 4374 fructus

231 4404 363 4470 annales
387 4411 544 4472 restantes
560 4413 594 4471 et
609 4427 815 4492 quoscunque
832 4409 913 4476 alios
928 4418 1103 4497 proventus
1119 4412 1162 4478 ad
1179 4433 1339 4480 cameram
1356 4415 1567 4500 apostolicam

232 4517 417 4596 spectantes
441 4514 572 4596 exigere
596 4515 735 4581 studeat.

338 4618 467 4684 Dudum
491 4620 595 4687 felicis
620 4621 853 4692 recordationis
870 4675 878 4691 .
897 4675 903 4691 .
924 4676 931 4691 .
956 4627 1031 4693 Dat.
1050 4629 1144 4694 Avin.
1170 4629 1202 4694 X
1225 4629 1270 4695 kl.
1295 4631 1373 4696 iunii
1399 4652 1428 4697 a.
1452 4631 1564 4717 primo.

232 4726 472 4807 ——Bep
493 4729 551 4781 130
567 4727 592 4798 f.
611 4729 658 4784 471
675 4745 723 4785 nr.
743 4732 809 4786 309.

340 4833 369 4901 a)
389 4803 550 4890 Iro—indice
570 4835 700 4908 lepitur:
719 4837 863 4894 Primiser
881 4841 927 4895 oei
948 4840 1098 4896 Vrimiser.
