3642 5509
829 395 898 453 1827
917 395 979 454 Julr
999 398 1023 454 1.

360 586 533 651 Personam
557 587 645 646 tuam
668 579 749 645 tuis.
767 627 797 644 ..
822 579 899 643 Dat.
918 579 1011 645 Avin.
1028 580 1074 646 kl.
1092 579 1159 645 iulii
1182 602 1213 646 a.
1230 579 1410 649 undecimo.

360 693 397 756 In
422 711 450 756 e.
474 712 515 756 m.
549 688 584 754 S.
611 685 758 753 Severini
782 692 814 750 et
838 685 871 750 S.
889 686 991 752 Marie
1014 686 1055 751 ad
1080 686 1200 770 gradus
1224 688 1334 754 Colon.
1358 691 1532 775 prepositis
1555 696 1588 755 et

254 799 369 865 Bosolo
394 797 435 863 de
458 796 574 862 Parma
599 794 753 862 canonico
778 793 994 858 Tornacensis
1017 793 1095 859 eccl.
1121 795 1288 879 capellano
1313 797 1431 881 papali.

413 923 485 990 ch.
504 923 541 975 84
559 919 584 989 Γ.
603 919 668 972 349¹
688 934 735 970 nr.
756 917 840 972 2907.

360 1207 475 1276 1215.
509 1210 595 1273 1327
622 1207 698 1272 Jatz·
725 1209 753 1269 1.
781 1203 945 1291 Aoiprroo.

359 1353 516 1418 lohannes
549 1350 647 1414 XXII
681 1349 776 1414 Petro
801 1348 887 1413 Petri
913 1346 954 1413 de
977 1348 1118 1432 Mestorp
1152 1350 1185 1413 in
1215 1349 1329 1415 Bnnna
1358 1352 1483 1417 confert
1507 1353 1585 1418 eccl.

254 1465 285 1528 S.
302 1461 431 1526 Andree
455 1458 564 1526 Colon.
590 1456 824 1538 canonicatum,
849 1455 1046 1541 prebendam
1070 1476 1145 1521 vero
1171 1456 1275 1522 eidem
1299 1466 1451 1526 reservat.

362 1567 574 1650 Exigentibus
599 1571 651 1629 tue
675 1562 911 1648 probitatis...
942 1563 1017 1627 Dat.
1037 1563 1128 1628 Avin.
1146 1563 1191 1628 kl.
1207 1564 1275 1629 iulii
1300 1586 1329 1631 a.
1347 1564 1525 1632 undecimo.

360 1676 397 1740 In
421 1693 449 1739 e.
475 1695 516 1737 m.
550 1671 661 1738 abbati
694 1671 878 1736 monasterii
907 1671 1089 1736 Tuiciensis
1113 1670 1225 1736 Solon.
1258 1671 1340 1737 dioc.
1366 1680 1400 1739 et
1424 1675 1586 1759 preposito

254 1785 285 1851 S.
301 1783 404 1848 Marie
428 1779 471 1848 ad
494 1777 614 1864 gradus
638 1777 749 1844 Solon.
774 1797 813 1842 ac
837 1776 955 1843 Busolo
979 1776 1021 1842 de
1044 1777 1162 1843 Parma
1192 1778 1348 1845 canonico
1373 1781 1586 1847 Tornacensis

253 1892 332 1957 eccl.
357 1889 524 1975 capellano
547 1887 667 1973 papali.

412 2030 484 2099 Rep.
502 2031 541 2082 84
557 2028 582 2098 Γ.
601 2026 662 2081 350
679 2042 727 2081 nr.
747 2027 833 2080 2908.

358 2342 474 2409 1216.
500 2343 586 2406 1327
610 2339 687 2406 Juli
710 2343 741 2404 2.
763 2338 928 2425 Aciprrorr.

360 2485 517 2551 lohannes
533 2484 632 2549 XXII
656 2483 848 2548 Thilrnanno
865 2481 906 2547 de
923 2482 1017 2549 Unna
1041 2483 1166 2548 confert
1189 2483 1269 2549 eccl.
1287 2483 1345 2548 SS.
1360 2483 1584 2567 Apostolorum

251 2592 360 2659 Solon.
398 2591 630 2673 canonicatum,
670 2589 865 2676 prebendam
899 2610 976 2656 vero
1010 2590 1114 2655 eidem
1148 2597 1301 2673 reservat,
1337 2611 1400 2654 non
1435 2591 1584 2656 obstante

251 2699 335 2782 quod
368 2701 400 2764 in
435 2699 595 2764 Bonnensi
628 2697 821 2764 Essendensi
853 2703 884 2761 et
910 2696 1120 2762 Deitkiroben
1149 2698 1294 2763 ecelesiis
1318 2697 1526 2763 canonicatus
1551 2704 1583 2763 et

251 2804 430 2892 prebendas
465 2825 504 2871 ac
545 2804 776 2890 parrochialem
812 2803 983 2869 ecclesiam
1023 2805 1055 2868 in
1090 2804 1315 2889 Leygelingen
1350 2804 1460 2870 Oolon.
1498 2804 1583 2869 dioc.

250 2915 384 2981 obtinet.

354 3019 575 3103 Suffragantia
599 3018 658 3084 tibi
681 3018 797 3084 merita
810 3067 817 3083 .
832 3066 863 3082 ..
888 3018 963 3084 Dat.
977 3018 1072 3085 rivin.
1091 3017 1135 3082 Vl
1150 3038 1253 3083 nonas
1268 3018 1337 3083 iulii
1354 3041 1382 3084 a.
1401 3017 1581 3084 undecimo.

354 3127 390 3192 ln
415 3147 443 3192 e.
461 3148 501 3192 m.
526 3126 650 3193 decano
675 3134 706 3191 et
730 3125 900 3192 scolastico
925 3125 959 3192 S.
976 3126 1078 3191 Marie
1102 3124 1143 3190 ad
1167 3124 1288 3207 gradus
1311 3125 1421 3190 Colon.
1446 3145 1485 3191 ac
1509 3126 1583 3189 Am·

248 3236 354 3302 brosio
378 3235 420 3300 de
443 3234 626 3300 Mediolano
650 3233 805 3297 canonico
829 3231 1079 3298 Mediolanensis
1102 3232 1320 3297 ecelesiarum.

415 3376 489 3447 Rep.
508 3379 545 3430 84
562 3375 586 3445 Γ.
603 3375 639 3430 79
666 3389 715 3429 rar.
742 3373 826 3428 2210.

355 3650 469 3717 1217.
501 3652 587 3715 1327
610 3652 687 3717 Jata'
710 3654 741 3714 2.
767 3648 932 3737 Aoiprrorr.

351 3795 512 3861 Iohannes
534 3792 635 3859 XXII
662 3791 836 3858 Bertboldo
860 3790 901 3858 de
926 3792 1096 3878 Toffingen
1120 3794 1245 3861 confert
1268 3794 1347 3860 eccl.
1372 3792 1406 3859 S.
1431 3792 1582 3858 Arnnalis

247 3904 323 3969 Met.
347 3902 486 3968 diocesis
519 3899 751 3981 canonicatum,
785 3900 981 3984 prebendam
1015 3920 1091 3967 vero
1123 3900 1227 3968 eidem
1251 3907 1404 3984 reservat,
1440 3921 1502 3966 non
1527 3901 1581 3966 ob·

247 4017 353 4076 stante
387 4007 473 4092 quod
506 4013 693 4093 perpetuam
727 4008 879 4072 vicariam
915 4008 1125 4092 parrochialis
1155 4009 1234 4074 eccl.
1264 4009 1296 4073 in
1318 4007 1439 4074 Werde
1463 4009 1581 4074 valoris

247 4118 343 4183 annui
376 4122 499 4201 septem
532 4113 731 4178 marcharum
760 4115 886 4197 argenti
910 4135 936 4179 s.
954 4122 977 4179 t.
994 4114 1025 4178 d.
1056 4116 1179 4181 obtinet
1208 4121 1240 4180 ct
1268 4135 1366 4199 super
1389 4116 1579 4181 canonicatu

247 4231 280 4290 et
302 4221 466 4308 prebenda
491 4219 569 4285 eccl.
594 4221 627 4285 S.
653 4219 793 4306 Adelplri
816 4221 847 4285 in
873 4221 1029 4289 Novillari
1054 4223 1298 4306 argentinensis
1322 4221 1406 4287 dioc.
1431 4221 1547 4306 litigat.

354 4329 476 4395 Meritis
501 4337 554 4393 lue
577 4329 813 4413 probitatis...
840 4329 914 4393 Dat.
931 4329 1025 4394 Avin.
1043 4330 1088 4394 Vl
1105 4349 1205 4394 nonas
1222 4329 1290 4394 iulii
1307 4351 1337 4395 a.
1356 4330 1534 4394 undecimo.

350 4437 388 4501 ln
411 4456 439 4501 e.
463 4456 504 4500 m.
537 4435 571 4500 S.
598 4435 686 4500 Petri
717 4435 963 4518 Argentincnsis
986 4443 1019 4502 et
1042 4437 1257 4520 Suburgensis
1279 4437 1314 4518 (l)
1338 4437 1581 4521 Argentinensis

247 4544 329 4610 dioc.
354 4543 525 4628 prepositis
549 4548 581 4609 et
604 4543 775 4608 scolastico
799 4543 961 4609 'bullensis
985 4544 1203 4609 ecclesiarum.

350 4721 354 4730 ·
394 4685 468 4758 Req.
488 4686 526 4738 84
544 4684 568 4754 Γ.
589 4686 635 4740 69‘
655 4701 700 4738 nr.
720 4685 804 4740 2153.
