3642 5509
733 436 803 507 isis
822 451 995 508 November
1012 445 1055 506 24.
1494 447 1547 508 289

213 650 309 719 super
340 631 495 719 predictis
528 634 671 699 favorem
694 640 783 698 tuum
807 640 953 718 prompte
978 629 1163 699 devotionis
1186 631 1356 700 affectibus
1379 632 1546 718 impertiri,

215 740 300 825 quod
327 747 436 826 preter
468 741 686 807 retributionis
715 747 826 807 eterne
853 743 1007 826 premium
1039 749 1178 806 nostram
1204 746 1236 806 et
1260 739 1437 825 apostolice
1461 739 1548 807 sedis

214 849 351 933 gratiam
376 849 505 914 uberIus
527 849 690 914 merearis.
737 848 813 913 Dat.
838 852 994 933 utsupra
1018 848 1274 930 (=Avin.VIII
1299 848 1343 914 kl.
1368 848 1548 916 decembris

214 978 244 1021 a.
269 951 534 1039 quartodecimo).

321 1082 360 1146 In
382 1101 410 1147 e.
436 1103 477 1146 m.
501 1081 655 1167 episcopo
678 1079 852 1148 Leodiensi
870 1131 877 1147 .
895 1130 930 1148 ..

321 1189 359 1253 In
383 1208 412 1254 e.
435 1210 476 1254 m.
501 1190 654 1274 episcopo
678 1189 889 1255 Traiectensi.

322 1297 360 1361 In
383 1315 411 1362 e.
435 1317 476 1360 m.
502 1345 562 1361 ...
587 1295 741 1382 episcopo
764 1295 1019 1363 Monasteriensi.

321 1404 359 1468 In
383 1423 411 1469 e.
436 1425 477 1469 m.
585 1405 738 1488 episcopo
761 1385 932 1470 Mindensi.

207 1589 217 1603 ‚
322 1512 360 1575 In
384 1532 413 1576 c.
438 1533 478 1576 nr.
589 1512 742 1596 episcopo
767 1510 1006 1596 Osnaburgens.
1053 1513 1129 1578 Dat.
1154 1519 1317 1598 utsupra.

366 1656 436 1724 [leq.
457 1657 510 1708 115
528 1669 575 1723 ps.
595 1654 669 1724 ΗΓ.
690 1656 744 1707 161
763 1669 811 1707 ur.
832 1655 921 1720 1910;
941 1656 993 1710 Re.
1015 1655 1099 1709 1229.

324 1976 464 2044 *lssdd
497 1980 584 2044 1329
607 1980 794 2046 November·
816 1983 869 2046 24.
896 1979 1061 2068 Aoipucu.

325 2121 492 2187 lolzauues
520 2124 631 2187 XXII
665 2124 914 2209 Hepdeuricuur
943 2115 1159 2210 prepositum
1192 2123 1224 2188 S.
1249 2122 1402 2189 Severini
1436 2121 1549 2190 Colou.

218 2236 249 2293 et
277 2228 541 2295 Godeseltulcum
573 2231 615 2295 de
647 2221 824 2314 Burberplt
861 2232 1074 2296 scolasticum
1106 2231 1322 2295 Buuueusem
1359 2230 1551 2295 collectores

217 2356 348 2401 camere
379 2338 560 2420 apostolice
591 2338 732 2402 iustruit
765 2338 805 2403 de
837 2338 1033 2425 collipeudis
1053 2338 1223 2423 fructibus
1246 2338 1480 2422 beneficiorum
1504 2357 1552 2402 ec-

218 2443 483 2509 clesiastieorum
507 2451 538 2509 et
561 2445 708 2510 decimis.

325 2592 496 2676 [Iohannes
526 2593 637 2678 XXII]
671 2594 896 2681 Heydenricus
923 2595 1087 2681 preposito
1116 2596 1149 2662 S.
1179 2595 1325 2661 SeverIni
1354 2593 1551 2662 Coloniensis

218 2706 250 2764 et
273 2699 497 2767 Godeschalco
521 2700 562 2768 de
585 2702 753 2787 Barbergh
786 2703 956 2769 scolastico
984 2703 1162 2770 Bonnensis
1192 2703 1303 2771 Colon.
1334 2703 1417 2769 dioc.
1452 2704 1551 2768 eccle-

217 2808 346 2874 siarum.

324 2915 506 2982 Laudabile
529 2918 755 3001 testimonium,
785 2917 871 3001 quod
900 2916 942 2983 de
965 2922 1071 2983 vestre
1094 2917 1261 2984 fidelitatis
1284 2923 1317 2983 ct
1341 2919 1552 3003 circumspec-

218 3022 314 3089 tionis
346 3022 503 3089 industria
532 3030 598 3090 tam
627 3044 737 3111 per..
763 3025 892 3090 Petrum
918 3024 959 3091 de
985 3025 1111 3111 Ungula
1135 3027 1272 3110 prIorem
1297 3024 1409 3091 domus
1433 3024 1550 3090 Tholo-

218 3150 296 3196 sane
319 3131 490 3217 hospitalis
513 3133 546 3198 S.
565 3132 718 3199 Iohannis
741 3133 997 3199 Ierosolimitane
1022 3153 1117 3218 quarn
1141 3131 1222 3199 alios
1245 3131 1309 3196 lide
1326 3131 1441 3215 dignos
1465 3130 1553 3196 sudi-

219 3238 332 3318 vimus,
364 3240 477 3304 merito
501 3259 559 3306 nos
582 3239 716 3322 inducit,
751 3247 785 3305 ut
808 3239 849 3305 de
874 3241 965 3306 vobis
994 3241 1027 3305 iu
1051 3241 1167 3305 nostris
1192 3246 1224 3304 et
1248 3240 1384 3304 ecclesIe
1408 3239 1552 3304 Romane

219 3345 357 3429 negotiis
380 3347 564 3430 specialiter
588 3346 794 3413 confidamus.
827 3348 877 3412 Ea
900 3354 1032 3433 propter
1056 3348 1276 3413 collectionem
1300 3346 1459 3411 fructuum
1483 3344 1552 3410 red·

219 3450 341 3517 dituum
379 3459 412 3518 et
447 3460 657 3538 proventuum
692 3453 919 3520 beneficiorum
956 3455 1247 3520 ecclesiasticorum
1279 3455 1311 3518 in
1344 3453 1478 3518 civitate
1514 3472 1552 3516 ac

220 3557 341 3625 diocesi
376 3565 409 3624 et
444 3561 611 3644 provincia
639 3561 821 3627 Coloniensi
844 3563 1029 3627 vacantium
1063 3569 1096 3626 et
1128 3567 1353 3627 vaceturorum
1386 3558 1552 3642 usquead

219 3666 412 3732 triennium.
433 3715 439 3730 .
459 3716 466 3730 .
484 3669 715 3734 commissimus
738 3669 830 3733 vobis
854 3674 886 3733 et
911 3675 1031 3734 certam
1056 3675 1180 3753 partein
1203 3669 1328 3733 illorum
1353 3665 1553 3733 concedendi

221 3822 228 3839 .
247 3823 254 3838 .
273 3825 280 3839 .
298 3772 541 3860 archiepiscopo
558 3774 738 3840 Coloniensi
764 3777 896 3857 eiusque
920 3775 1132 3861 suffraganeis
1148 3826 1154 3840 .
1173 3825 1180 3839 .
1200 3826 1205 3837 .
1225 3776 1441 3842 concessimus
1462 3773 1554 3840 vobis

221 3880 496 3963 ...facultatem
529 3883 675 3949 volentes
705 3881 791 3964 qrrod
822 3881 944 3948 eisdem
975 3890 1007 3948 et
1030 3884 1162 3950 cuilibet
1185 3883 1325 3968 ipsorum
1350 3902 1421 3948 cum
1445 3879 1553 3947 condi-

220 3987 365 4055 cionibus
381 3987 414 4052 in
430 3987 550 4054 eisdem
572 3988 687 4055 litteris
711 3990 870 4055 contentis
894 3996 1041 4072 quartam
1065 3996 1199 4074 partem,
1224 3991 1251 4056 si
1268 3989 1421 4074 expedire
1439 4009 1554 4074 cogno·

220 4097 341 4180 veritis,
366 4097 506 4179 alioquin
528 4097 655 4162 tertiam
672 4095 832 4162 dictorum
848 4095 1008 4162 fructuum
1027 4143 1034 4159 .
1053 4146 1060 4162 .
1080 4146 1087 4160 .
1105 4096 1299 4180 concedatis,
1323 4097 1415 4164 nobis
1431 4095 1554 4161 litteras

220 4203 261 4269 de
285 4208 401 4286 quarta
423 4202 475 4268 vel
499 4202 540 4268 de
564 4204 666 4269 tercia
688 4209 781 4288 parte
811 4203 976 4289 predictis,
1008 4203 1122 4286 quibus
1145 4205 1178 4269 in
1201 4203 1263 4269 hac
1287 4209 1379 4290 parte
1402 4223 1466 4269 non
1488 4209 1555 4268 ute·

219 4310 308 4394 mini,
341 4312 530 4394 quantocius
562 4311 723 4377 remissuri
755 4331 797 4377 ac
829 4310 1007 4376 ordinaturi
1031 4330 1102 4377 cum
1133 4312 1266 4397 prelatis
1299 4310 1430 4394 elsdem,
1467 4307 1555 4393 quod

219 4416 282 4503 ipsi
306 4417 471 4503 pecunias,
496 4436 558 4502 que
581 4418 774 4502 colligentur
797 4438 838 4484 ex
861 4417 958 4485 dictis
982 4417 1148 4500 fructibus,
1173 4418 1216 4483 ad
1233 4425 1353 4484 certum
1375 4417 1480 4483 locum
1496 4436 1553 4484 seu

221 4524 303 4609 loca,
327 4545 421 4609 quem
445 4526 497 4592 vel
521 4546 583 4609 que
606 4525 689 4592 inira
713 4525 834 4592 dictam
859 4525 1058 4612 provinciam
1083 4526 1129 4592 eis
1153 4525 1404 4609 assignaverim,
1435 4523 1554 4590 deferri

221 4631 345 4698 faciant
367 4634 433 4700 suis
457 4634 608 4718 periculis
632 4639 664 4699 et
688 4634 847 4719 expensis.
895 4633 938 4698 Et
962 4631 1179 4717 quiade...
1205 4632 1357 4718 episcopo
1380 4630 1555 4699 Leodiensi

221 4739 407 4824 speeiaIIter
431 4740 630 4824 confidimus,
663 4740 792 4807 videtur
825 4740 1012 4826 expediens,
1047 4739 1133 4824 quod
1157 4741 1190 4805 in
1214 4740 1281 4806 eius
1309 4740 1466 4821 manibus,
1501 4737 1556 4822 qui

221 4866 322 4933 prope
346 4867 479 4933 reguum
504 4848 640 4915 Francis
665 4855 771 4914 castra
795 4848 914 4914 dIcitur
938 4849 1058 4914 habere
1082 4848 1267 4931 fortissima,
1291 4848 1426 4933 pecunie
1450 4845 1557 4913 huius·

257 4986 346 5035 vum
362 4987 490 5041 massan
505 4987 536 5033 11.
1310 4971 1345 5028 lt
