3642 5509
272 393 339 448 cta·
830 391 900 446 1338
919 390 993 446 Juni
1012 389 1055 444 27.

272 595 329 659 per
354 594 408 639 eos
431 573 619 639 satisfacere
642 573 763 653 volunt,
795 571 904 637 dilecti
933 570 991 635 lilii
1015 568 1256 636 Predicatorum
1282 568 1438 633 Minorum
1462 567 1602 632 Heremi-

272 691 376 746 tarum
400 681 433 747 S.
459 678 632 764 Augustini
663 686 695 744 et
720 678 963 745 carmelitarum
992 677 1124 742 fratrum
1151 675 1296 742 ordinum
1321 675 1444 760 priores
1466 674 1601 740 ministri

273 786 423 854 custodes
445 794 479 853 et
501 785 650 871 gardiani
680 806 719 851 ac
748 792 925 851 conventus
949 794 981 850 et
1009 805 1143 870 persone
1172 784 1351 869 singulares
1376 782 1548 848 eorundem
1571 787 1604 846 et

272 895 326 961 alii
351 894 491 979 religiosi
516 895 656 979 exempti
684 892 829 960 ordinum
860 892 993 958 aliorum
1019 912 1077 978 pcr
1100 891 1320 958 coloniensem
1350 891 1514 956 civitatem
1538 888 1604 954 dio-

273 1002 371 1068 cesim
394 1010 428 1067 et
450 1001 648 1088 provinciam
672 1021 713 1067 ac
736 1020 794 1085 per
821 1006 930 1086 partes
959 999 1082 1066 vicinas
1115 999 1279 1065 constituti
1310 998 1361 1065 vel
1383 997 1536 1072 ,nonnulli
1564 1017 1604 1063 ex

273 1111 328 1189 eis,
362 1109 452 1174 lucra
485 1108 675 1193 temporalia
708 1107 868 1174 honestati
898 1106 983 1172 fame
1015 1113 1047 1171 et
1069 1105 1195 1173 iusticie
1219 1105 1429 1192 preferentes,
1462 1125 1517 1171 eos
1540 1124 1604 1170 ser-

271 1217 417 1283 monibus
441 1214 577 1299 blandis,
611 1216 784 1298 quinimmo
818 1214 1032 1281 fraudulentis
1061 1214 1102 1280 ad
1134 1213 1397 1280 satisfaciendum
1425 1234 1483 1298 pro
1508 1212 1604 1278 dictis

275 1324 418 1390 ablatis.
437 1374 444 1389 .
463 1323 567 1390 .locis
590 1342 698 1388 eorum
716 1371 723 1386 .
743 1373 776 1387 ..
799 1322 953 1406 alliciunt,
977 1322 1054 1387 licet
1076 1321 1257 1388 huiusmodi
1280 1320 1461 1387 satisfactio
1486 1318 1604 1386 eisdem

275 1430 518 1516 archiepiscopo
543 1437 575 1495 et
598 1430 735 1496 ecclesie
759 1430 842 1495 foret
864 1429 1040 1496 secundum
1064 1429 1221 1495 iusticiam
1246 1427 1407 1495 facienda.
1454 1429 1497 1493 Et
1520 1426 1605 1512 qnod

273 1525 496 1605 detestabilius
525 1545 582 1620 est,
617 1539 761 1624 peccatis
790 1537 924 1603 aliorum
954 1537 1080 1621 alligari
1110 1543 1230 1602 temere
1257 1557 1321 1602 non
1346 1542 1504 1620 verentes,
1537 1555 1606 1621 pre-

273 1654 363 1712 textu
398 1646 638 1732 privilegiorum
669 1646 726 1728 eis,
760 1651 795 1710 nt
824 1650 980 1729 asserunt,
1014 1665 1033 1709 a
1062 1644 1139 1711 sede
1172 1645 1350 1730 apostolica
1384 1663 1606 1710 concessorum

278 1751 441 1840 predictos
465 1759 611 1837 raptores
634 1772 690 1818 seu
714 1751 899 1818 detentores
922 1772 980 1838 per
1004 1773 1059 1818 eos
1083 1751 1217 1818 allectos
1240 1750 1348 1820 taliter
1372 1771 1429 1819 seu
1453 1750 1607 1837 deceptos

278 1859 319 1925 de
342 1859 432 1925 facto
456 1880 476 1925 a
499 1858 655 1945 predictis
687 1860 806 1926 ablatis
838 1861 974 1926 extortis
997 1867 1030 1925 ct
1054 1861 1155 1944 raptis
1179 1879 1218 1925 ac
1246 1859 1363 1926 iniuste
1390 1857 1530 1925 detentis
1553 1859 1607 1924 ab·

273 1968 403 2034 solvunt
420 2016 427 2032 .
497 1973 629 2052 propter
657 1966 742 2050 quod
773 1967 879 2033 dictus
908 1966 1171 2052 archiepiscopus
1194 1987 1251 2052 pro
1275 1986 1309 2032 se
1334 1972 1366 2032 et
1389 1966 1526 2033 ecclesia
1549 1987 1607 2034 sua

276 2074 319 2141 ad
342 2095 402 2140 nos
424 2094 520 2160 super
543 2073 606 2139 hiis
634 2072 728 2139 duxit
760 2073 923 2139 humiliter·
955 2072 1189 2158 requirendum.
1237 2073 1397 2152 Quocirca
1420 2073 1606 2140 discretioni

278 2189 408 2249 vestre.
428 2232 434 2246 .
453 2231 460 2246 .
478 2180 676 2264 mandamus,
694 2183 843 2264 quatinus
862 2232 868 2246 .
888 2233 894 2246 .
915 2231 920 2246 .
939 2181 1059 2249 eisdem
1076 2181 1236 2267 prioribus
1252 2181 1406 2248 ministris
1422 2180 1608 2248 custodibus

276 2296 310 2356 et
332 2289 499 2374 gardianis
522 2295 555 2354 et
578 2289 788 2355 conventibus
812 2295 845 2354 et
868 2289 1013 2374 personis
1036 2290 1252 2374 singularibus
1276 2288 1448 2355 eorundem
1472 2289 1608 2371 aliisque

272 2397 433 2481 religiosis
456 2396 615 2480 exemptis
644 2395 790 2461 ordinum
820 2416 1091 2480 quorumcumque
1115 2417 1154 2462 cx
1182 2404 1275 2481 parte
1298 2403 1408 2463 nostra
1431 2395 1608 2462 districtius

274 2503 419 2569 inhibere
443 2505 570 2584 curetis,
597 2523 638 2569 ne
661 2505 739 2569 talia
763 2505 848 2570 bona
871 2504 992 2571 eisdem
1017 2504 1260 2590 archiepiscopo
1281 2511 1314 2569 et
1338 2505 1474 2571 ecclesie
1498 2504 1608 2570 dehita

274 2611 515 2696 quomodolibet
546 2611 594 2677 eis
622 2612 732 2677 ablata
765 2613 909 2697 recipere
942 2613 993 2678 vel
1026 2612 1107 2679 tales
1136 2613 1177 2678 ab
1206 2612 1387 2678 huiusmodi
1411 2619 1511 2696 reatu,
1547 2613 1609 2678 nisi

274 2718 420 2804 primitus
454 2739 550 2802 super
583 2717 644 2784 hiis
678 2719 799 2786 eisdem
833 2719 1077 2805 archiepiscopo
1102 2726 1134 2784 et
1158 2720 1294 2786 ecclesie
1317 2740 1374 2786 sue
1397 2720 1495 2786 fuerit
1518 2721 1609 2785 satis-

278 2827 412 2907 factum,
446 2824 488 2890 de
518 2845 582 2908 qua
608 2827 830 2892 satisfactione
861 2827 940 2912 ipsis
969 2828 1056 2912 prius
1079 2826 1135 2891 fiat
1159 2825 1239 2893 tides
1263 2847 1320 2912 per
1344 2827 1474 2912 publiea
1497 2829 1610 2892 instru-

274 2939 382 3000 menta
406 2933 513 3016 sigillo
537 2932 678 2998 eiusdem
703 2934 939 3019 archiepiscopi
962 2935 1113 3017 sigillata,
1138 2943 1324 3019 presumant
1348 2935 1514 3001 absolvere
1535 2955 1610 3018 quo·

274 3039 445 3124 quomodo.
492 3043 540 3104 Ac
573 3040 798 3107 nichilominus
827 3043 951 3108 vocatis
981 3040 1103 3108 eisdem
1128 3047 1161 3106 et
1185 3040 1267 3125 aliis,
1302 3042 1355 3124 qui
1387 3043 1507 3108 fuerint
1537 3062 1609 3107 evo-

280 3148 387 3231 candi,
421 3170 486 3232 eos,
521 3170 601 3233 quos
632 3151 815 3235 repereritis
848 3151 1030 3217 huiusmodi
1063 3152 1147 3216 bona
1180 3151 1288 3217 taliter
1320 3152 1491 3238 recepisse,
1524 3150 1611 3216 infra

275 3262 398 3321 certum
422 3257 590 3322 terminum
614 3265 848 3343 competentem
872 3308 932 3324 ...
956 3257 997 3323 ad
1022 3257 1254 3323 restituendum
1277 3258 1334 3324 illa
1357 3260 1409 3325 vel
1432 3279 1489 3344 pro
1513 3257 1611 3325 dictis

281 3363 373 3428 bonis
405 3363 658 3431 satisfactionem
693 3367 870 3450 plenariam
904 3364 1118 3432 exhibendam
1148 3364 1393 3451 archiepiscopo
1418 3372 1450 3432 et
1474 3365 1611 3432 ecclesie

282 3469 466 3536 memoratis
482 3472 698 3556 appellatione
715 3474 903 3558 postposita,
927 3479 1021 3558 prout
1037 3471 1153 3538 iustum
1169 3472 1277 3555 fuerit,
1302 3473 1512 3558 compellatis,
1537 3492 1610 3537 con·

283 3576 474 3644 tradictores
497 3600 555 3664 per
579 3599 744 3645 censuram
778 3581 1031 3646 ecelesiasticam
1066 3578 1284 3666 appellatione
1316 3583 1496 3667 postposita
1529 3601 1610 3646 corn·

282 3684 453 3769 poscendo.
499 3687 615 3752 Testes
638 3696 755 3770 autem,
789 3688 844 3771 qui
875 3688 995 3752 fuerint
1025 3688 1190 3770 nominati,
1222 3689 1250 3753 si
1273 3707 1307 3753 re
1330 3689 1437 3772 gratia
1460 3687 1535 3755 odio
1559 3688 1611 3752 vel

280 3791 394 3857 timore
417 3793 644 3872 subtraxerint,
675 3814 810 3860 censura
838 3794 934 3860 simili
966 3794 1183 3880 appellatione
1212 3803 1357 3862 cessante
1382 3796 1507 3880 cogatis
1531 3795 1612 3860 veri·

282 3900 341 3963 tati
366 3901 580 3966 testimonium
604 3900 850 3986 perhibere...
898 3903 974 3967 Dat.
999 3902 1093 3968 Avin.
1119 3902 1147 3966 V
1171 3901 1215 3967 lrl.
1240 3902 1308 3967 iulii
1332 3924 1361 3969 a.
1387 3909 1510 3986 quarto.

423 4026 497 4097 Ray.
518 4026 574 4081 126
590 4043 638 4080 nr.
657 4026 723 4080 279.

382 4288 510 4354 2835.
538 4292 625 4355 1338
649 4291 736 4356 Jum*
759 4290 812 4354 27.
841 4289 1007 4376 Avipaou.

382 4430 578 4499 Benedictus
603 4432 669 4497 XII
705 4433 870 4499 Bertramo
900 4433 1079 4499 Suderman
1113 4435 1267 4501 canonico
1302 4435 1382 4501 eccl.
1407 4435 1440 4502 S.
1464 4435 1611 4502 Severini

277 4539 387 4605 Oolon.
413 4541 464 4605 cui
493 4560 579 4624 papa
608 4560 709 4625 nuper
737 4541 815 4606 eccl.
847 4541 879 4606 S.
907 4541 1053 4606 Severini
1078 4540 1188 4608 Goion,
1213 4544 1437 4609 canonicatum
1462 4544 1611 4626 contulit,

276 4645 473 4732 prebendam
498 4667 574 4714 vero
598 4655 630 4713 et
660 4647 916 4732 supplementum
947 4667 1070 4714 necnon
1103 4647 1295 4733 dignitatem
1324 4650 1374 4716 vel
1405 4661 1611 4735 personatum

275 4760 331 4820 aut
354 4752 492 4818 officium
521 4774 592 4820 cum
617 4775 693 4821 cura
716 4755 767 4820 vel
790 4757 859 4822 sine
883 4775 959 4821 cura
979 4793 1022 4803 -
1054 4775 1186 4839 quorum
1215 4756 1373 4841 siquidem
1398 4757 1609 4843 supplementi
