3642 5509
758 457 829 513 1330
847 456 1024 527 September
1043 455 1086 512 29.
1514 453 1568 510 373

234 637 297 705 fert
326 639 462 706 ecclesie
493 639 528 705 S.
555 639 701 704 Severini
725 638 836 704 09199.
866 637 1103 720 canonicatum,
1137 634 1332 722 prebendam
1356 656 1432 702 vero
1461 634 1567 702 eidem

234 767 250 810 r
365 755 388 810 t.

250 765 535 919 esen(Iannrdabilia
559 860 613 918 199
636 853 830 917 merita...
863 853 939 917 Dat.
965 852 1058 917 Avin.
1084 852 1132 917 III
1157 851 1201 916 kl.
1227 852 1367 918 octobris
1390 873 1419 917 9.
1445 850 1567 935 quinto·

233 959 370 1027 decimo.

341 1069 378 1133 In
403 1089 432 1134 9.
449 1090 489 1133 m.
514 1068 626 1134 abbati
649 1068 834 1132 monasterii
851 1067 885 1132 S.
898 1067 1031 1131 Martini
1047 1065 1160 1132 colon.
1185 1073 1217 1130 et
1239 1067 1403 1151 preposito
1420 1065 1453 1132 S.
1467 1065 1567 1132 Marie

233 1175 275 1241 ad
299 1173 421 1260 gradus
444 1175 554 1242 (tolon.
578 1195 618 1240 ac
642 1171 766 1240 decano
790 1173 968 1261 Karpensis
992 1172 1103 1239 09199.
1128 1171 1212 1240 dioc.
1236 1173 1453 1240 ecclesiarum.

393 1301 465 1370 aeq.
484 1301 523 1355 99
539 1299 564 1370 f.
582 1299 646 1353 499
667 1313 716 1352 nr.
736 1299 801 1353 992.

341 1531 457 1597 1901.
484 1531 572 1597 1330
594 1531 788 1616 September
810 1533 864 1596 29.
888 1528 1053 1618 91919999.

339 1656 498 1722 Iohannes
523 1656 623 1722 XXII
647 1654 826 1722 Godefrido
851 1661 929 1721 nato
953 1654 1106 1721 Iohannis
1130 1654 1171 1720 (19
1195 1654 1337 1720 Vlaccen
1360 1653 1471 1720 militis
1495 1674 1566 1720 con-

232 1763 297 1828 1991
321 1763 400 1828 9991.
425 1763 458 1829 S.
484 1764 614 1848 Georgii
646 1763 756 1829 Colon.
786 1764 1023 1846 canonicatum,
1053 1761 1249 1848 prebendam
1277 1781 1354 1827 vero
1382 1759 1486 1828 eidem
1516 1780 1566 1827 re·

268 1876 351 1936 rat.

233 1890 305 1937 sev
338 1978 559 2063 suffragantia
582 1978 641 2045 tibi
664 1979 855 2045 merita...
880 1977 958 2042 Dat.
975 1978 1070 2044 Avin.
1088 1978 1138 2044 III
1161 1977 1206 2044 kl.
1231 1976 1372 2045 octobris
1394 1974 1566 2060 9991919-

232 2086 252 2150 d
294 2086 367 2150 im.

255 2106 293 2152 0⁰
339 2108 378 2258 19
401 2212 430 2259 9.
457 2215 499 2262 m.
523 2193 635 2258 abbati
660 2194 845 2259 monasterii
873 2191 907 2259 S.
935 2191 1063 2258 Martini
1088 2198 1120 2258 et
1143 2191 1307 2277 preposito
1331 2191 1365 2256 S.
1391 2190 1491 2257 119919
1519 2189 1562 2256 ad

229 2300 350 2384 grados
376 2301 487 2384 09199.
512 2320 552 2366 99
576 2294 699 2366 decano
723 2299 895 2385 Carpensis
919 2299 1029 2366 09199.
1055 2297 1138 2365 dioc.
1163 2297 1383 2367 ecclesiarum.

390 2425 462 2495 aeq.
482 2424 521 2479 99
538 2423 563 2494 f.
581 2426 636 2479 99
654 2440 703 2478 nr.
722 2424 789 2479 999.

334 2695 458 2764 1902.
483 2699 572 2763 1330
594 2697 787 2782 September
807 2698 862 2762 29.
890 2695 1055 2783 Aciyroa.

333 2823 490 2890 Iohannes
505 2822 604 2888 XXII
628 2823 767 2889 Henrioo
791 2829 868 2888 nato
892 2821 1023 2888 Henrici
1048 2821 1089 2888 de
1106 2821 1275 2888 Overbacb
1301 2820 1411 2888 militis
1436 2821 1562 2888 confert

227 2930 308 2996 9991.
331 2930 365 2996 S.
390 2931 554 2996 Onniberti
577 2930 811 3014 canonicatum,
836 2929 1034 3014 prebendam
1061 2949 1135 2996 vero
1159 2928 1264 2995 eidem
1287 2934 1441 2995 reservat.

333 3037 515 3103 Laudabile
540 3037 764 3119 testimoninm,
790 3034 874 3120 quod
893 3087 901 3102 .
920 3085 954 3101 ..
1001 3038 1077 3102 Dat.
1103 3037 1198 3102 Avin.
1221 3036 1270 3101 III
1293 3035 1338 3100 kl.
1364 3035 1505 3102 octobris
1528 3056 1558 3102 9.

228 3143 476 3226 quintodecimo.

332 3253 370 3317 In
394 3270 423 3316 9.
439 3274 480 3316 9.
505 3251 539 3318 S.
562 3252 790 3318 Pantbalconis
812 3258 845 3318 et
870 3250 904 3318 S.
929 3250 1057 3317 Martini
1082 3251 1192 3317 09199.
1218 3250 1484 3316 monasteriorum
1507 3250 1562 3315 ab

228 3358 355 3425 batibus
377 3379 417 3425 ao
441 3358 619 3426 Godofrido
643 3357 684 3424 de
707 3359 741 3426 S.
759 3359 935 3426 0991119919
960 3358 1115 3425 99999199
1140 3357 1251 3424 09199.

378 3483 451 3552 Rea.
470 3482 509 3537 98
528 3481 552 3553 f.
572 3484 626 3538 714
643 3497 691 3536 ar.
711 3482 779 3537 993.

331 3745 453 3812 lece.
480 3747 568 3811 1330
590 3746 784 3832 September
807 3747 861 3812 29.
897 3744 1065 3833 Aciyaorr.

333 3869 493 3937 lohannes
516 3870 616 3936 XXII
651 3871 785 3955 Hilgero
815 3871 991 3938 Hermanni
1020 3870 1205 3938 Hardevust
1235 3873 1390 3939 canonico
1422 3873 1499 3938 9991.
1526 3872 1559 3940 S.

226 3977 372 4057 Severini
396 3977 506 4043 Colon.
530 3985 674 4044 reservat
708 3977 897 4046 beneficium
931 3978 1185 4045 ecclesiasticum
1217 3999 1287 4045 cum
1317 3999 1394 4045 9999
1416 3981 1468 4046 991
1492 3979 1561 4046 9199

226 4104 304 4149 9999
328 4091 512 4150 consuetum
537 4085 654 4151 abolim
679 4085 806 4151 clericis
829 4085 1028 4152 secularibus
1051 4087 1220 4170 assignari,
1255 4087 1344 4153 cuins
1374 4086 1559 4171 99919991

226 4211 297 4256 cnm
322 4211 409 4274 cura,
434 4191 550 4275 viginti
573 4194 724 4277 quinque,
757 4194 784 4260 si
816 4212 892 4258 vero
922 4194 991 4260 sine
1015 4213 1092 4259 9999
1124 4193 1229 4278 199911,
1264 4192 1446 4277 quindecim
1478 4216 1560 4261 mar·

226 4298 356 4363 charum
390 4301 515 4384 argenti
548 4321 573 4366 s.
599 4307 622 4365 t.
647 4300 679 4366 d.
704 4301 846 4366 valorem
876 4320 1015 4366 annuum
1048 4322 1111 4368 non
1144 4300 1316 4385 excedunt,
1349 4301 1392 4367 ad
1425 4301 1560 4389 dIsposi-

225 4405 344 4472 tionem
380 4407 544 4473 abbatIsse
577 4414 610 4472 et
643 4413 819 4474 conventus
849 4409 1033 4475 monasterii
1058 4408 1158 4475 Vallis
1181 4409 1308 4475 comitis
1331 4407 1400 4475 ord.
1426 4409 1560 4478 0191999.

225 4512 336 4578 09199.
360 4511 444 4578 dioc.
479 4513 689 4581 communiter
718 4515 770 4580 vel
803 4514 931 4580 divisim
959 4522 1120 4600 99991999,
1153 4536 1217 4582 999
1245 4516 1393 4582 91919919
1417 4517 1503 4600 quod
1526 4518 1558 4583 in

225 4618 302 4684 eccl.
326 4620 360 4685 S.
378 4620 522 4687 Severini
547 4624 771 4688 conculcatum
795 4628 828 4688 91
851 4621 1048 4707 prebendam
1072 4622 1206 4689 obtinet.

226 4814 247 4879 d
291 4817 297 4830 .
331 4726 426 4793 Sedis
449 4728 627 4813 apostolice
650 4729 782 4815 copiosa
799 4778 806 4795 .
825 4780 858 4794 ..
882 4730 960 4795 Dat.
977 4728 1071 4796 Avin.
1089 4730 1138 4796 III
1157 4730 1203 4796 kl.
1220 4730 1361 4798 octobris
1384 4752 1413 4796 9.
1435 4731 1558 4815 quinto·

249 4835 362 4882 ecrmo.
768 4846 771 4851 ⁴
