3642 5509
225 375 281 433 ano
770 376 841 432 raso
858 375 944 447 Apro
964 373 1008 432 at.

332 558 384 623 Ex
407 556 588 623 devotionis
611 563 665 621 tue
688 557 883 622 meritis...
913 558 988 622 Dat.
1001 557 1096 623 Avin.
1108 557 1188 622 VIII
1211 556 1257 622 kl.
1281 557 1356 622 maii
1380 578 1410 623 a.
1434 565 1560 642 quarto-

226 664 363 731 decimo.

375 772 447 841 Req.
467 772 506 823 95
523 785 573 823 or.
591 769 659 823 523.

332 1010 458 1078 1878.
493 1014 581 1076 1330
603 1010 705 1096 April
729 1014 784 1075 24.
807 1010 973 1098 deipnoo.

332 1155 491 1220 Iohannes
514 1155 613 1219 XXII
645 1155 777 1220 Lorette
807 1156 971 1220 comitisse
995 1155 1036 1220 de
1060 1155 1247 1240 Spaiubeim
1271 1155 1418 1238 indulget
1446 1156 1559 1237 (facul-

225 1261 338 1347 tatem)
363 1261 503 1327 habendi
526 1282 634 1327 secum
658 1262 761 1326 altare
784 1262 947 1347 portatile,
971 1282 1152 1347 superque
1176 1264 1209 1326 in
1233 1263 1312 1327 locis
1336 1262 1463 1328 adhoc
1488 1283 1558 1328 eon-

225 1370 413 1454 gruentibus
435 1376 469 1434 et
490 1369 633 1434 honestis
656 1371 757 1454 possit
780 1389 838 1454 per
862 1371 1023 1454 proprium
1053 1369 1104 1436 vel
1133 1370 1229 1435 aliurn
1258 1370 1458 1435 sacerdotem
1481 1370 1558 1454 ydo-

225 1497 318 1542 neum
347 1477 475 1542 missam
505 1481 537 1540 et
566 1475 631 1541 alla
659 1474 770 1540 divina
797 1475 903 1540 officia
932 1495 1039 1541 coram
1068 1496 1103 1541 se
1132 1496 1172 1541 ac
1194 1475 1268 1542 filiis
1291 1477 1357 1542 suis
1380 1482 1413 1543 et
1436 1477 1559 1542 familia

225 1604 284 1650 sua
306 1584 416 1649 tacere
439 1580 606 1648 celebrari.

331 1691 464 1756 Sincere
496 1688 677 1754 devotionis
710 1688 879 1753 allectus.
906 1738 947 1752 ..
1011 1690 1083 1753 Dat.
1110 1686 1205 1753 Avin.
1238 1690 1316 1755 VIII
1350 1689 1393 1753 kl.
1426 1690 1557 1756 maiia.

226 1797 476 1882 quartodecimo.
1514 1780 1516 1787 ¹

374 1924 447 1992 Jeep.
466 1924 503 1976 95
520 1939 568 1975 ma
587 1921 652 1975 522.

332 2209 454 2276 1879.
485 2211 573 2275 1330
594 2207 697 2294 April
720 2212 772 2274 24.
798 2208 964 2297 Avipooo.

331 2335 492 2400 Iohannes
502 2333 602 2398 XXII
628 2332 780 2400 Gotfrido
804 2342 880 2399 nato
905 2334 1063 2417 quondam
1083 2336 1212 2401 Henrici
1239 2337 1364 2400 cornitis
1387 2334 1429 2400 de
1446 2334 1557 2421 Spain-

225 2443 310 2508 heim
345 2443 468 2507 confert
502 2441 581 2506 eccl.
615 2440 815 2507 Coloniensis
850 2443 1085 2518 canonicatum,
1120 2442 1317 2527 prebendam
1345 2463 1422 2508 vero
1453 2443 1556 2510 eidem

223 2555 378 2633 reservat,
401 2569 465 2615 non
488 2549 638 2614 obstante
661 2547 747 2631 qnod
771 2547 803 2613 in
828 2549 907 2614 eccl.
923 2549 1134 2616 Treverensis
1157 2551 1216 2615 sub
1240 2551 1465 2634 expectatione
1489 2571 1558 2636 pre·

224 2656 328 2723 bende
351 2657 385 2721 in
408 2656 596 2721 canonicum
619 2661 669 2721 est
690 2662 850 2741 receptus.

330 2764 399 2830 Illis
421 2762 560 2829 libenter
581 2761 761 2848 apostolice
778 2812 786 2828 .
804 2811 839 2828 ..
886 2765 960 2828 Dat.
986 2763 1080 2828 Arin.
1105 2763 1183 2828 VIII
1206 2761 1251 2826 kl.
1277 2762 1351 2828 maii
1375 2784 1405 2828 a.
1430 2771 1554 2847 quarto

224 2864 361 2932 decimo.

331 2974 368 3037 In
392 2992 420 3039 e.
445 2995 487 3038 m.
520 2972 644 3039 decano
677 2979 710 3039 et
743 2974 865 3040 cantori
892 2976 928 3039 B.
954 2973 1054 3040 Marie
1078 2975 1237 3056 Aquensis
1264 2974 1365 3040 Leod.
1399 2974 1483 3039 dioc.
1516 2995 1557 3040 ac

222 3081 362 3146 Henrico
386 3079 427 3146 de
450 3080 573 3146 Iuliaoo
596 3082 753 3146 canonino
776 3081 919 3150 Traiect.
943 3082 1163 3147 ecclesiarum.

371 3187 445 3257 ch.
463 3186 502 3240 96
519 3203 567 3240 nr.
586 3187 650 3242 609.

327 3459 453 3526 1880.
483 3461 572 3526 1330
594 3456 697 3546 April
719 3459 773 3523 24.
803 3457 968 3545 Aoiqoorr.

331 3583 491 3650 Iohannes
507 3584 607 3648 XXII
632 3583 772 3648 Henrico
795 3589 871 3648 nato
895 3582 1056 3665 quondam
1073 3582 1204 3649 Henrici
1228 3584 1354 3650 comitis
1376 3583 1418 3651 de
1441 3583 1554 3670 Spain·

224 3691 311 3757 heirn
345 3692 470 3757 confert
502 3691 582 3756 eccl.
615 3689 803 3773 Maguntine
835 3689 1074 3774 canonicatum,
1114 3690 1310 3776 prebendam
1342 3712 1418 3758 vero
1451 3693 1555 3758 eidem

223 3803 375 3864 reservat.

330 3904 518 3990 Apostolice
541 3903 628 3970 sedis
652 3902 784 3988 copiosa
915 3903 993 3969 Dat.
1018 3905 1113 3970 Arin.
1139 3905 1218 3970 VIII
1246 3905 1290 3970 kl.
1315 3906 1444 3972 maiia.
1469 3905 1555 3972 deci·

222 4016 400 4094 moquarto.

330 4118 367 4181 In
392 4137 420 4182 e.
446 4139 487 4182 m.
521 4117 645 4183 decano
679 4123 712 4183 et
745 4118 869 4183 cantori
902 4117 939 4182 B.
966 4117 1067 4184 Mario
1090 4118 1249 4202 Aquensis
1276 4119 1378 4186 Leod.
1402 4118 1487 4185 dioc.
1516 4141 1555 4186 ac

222 4225 363 4289 Henrico
387 4224 428 4289 de
453 4225 575 4290 Iuliaco
599 4225 755 4290 canonico
778 4225 991 4291 Traiectensi.

376 4349 449 4418 Req.
468 4350 505 4404 94
523 4366 572 4404 nr.
591 4351 663 4415 840,·
684 4350 736 4404 Ra.
756 4351 839 4403 1313.

328 4618 446 4685 1881.
475 4620 564 4686 1330
587 4617 690 4705 April
713 4623 767 4686 24.
792 4619 958 4707 Avipooo.

329 4762 488 4827 Iohannes
527 4761 625 4827 XXII
666 4763 805 4829 Henrico
841 4763 883 4830 de
918 4765 1021 4848 Aquis
1061 4765 1187 4831 confert
1226 4766 1305 4832 eccl.
1340 4765 1554 4834 (londonensis
