3642 5509
757 410 827 466 1332
846 410 940 482 April·
951 411 994 466 20.
1501 411 1554 468 439

214 589 324 660 Oolon.
351 593 493 676 mandat,
527 594 679 677 quatinus
708 593 920 660 Katberiuam
949 601 1058 661 natam
1088 594 1281 662 Theoderici
1312 595 1392 662 dicti
1417 597 1554 662 Vamne·

215 701 314 768 saulce
338 702 478 787 puellam
501 703 678 768 litteratam
696 702 807 768 Colon.
829 701 913 767 dioc.
940 702 1122 788 cupientem
1139 703 1171 768 in
1188 703 1380 770 monasterio
1397 705 1430 768 ln
1447 704 1552 791 Deyo·

215 810 330 895 kirgen
362 810 430 877 ord.
461 811 495 877 S.
520 808 640 876 Beued.
671 810 780 876 (tolon.
811 809 894 876 dioc.
928 830 991 875 uua
1026 831 1096 875 cnm
1131 811 1295 878 abbatissa
1328 818 1361 876 et
1393 818 1552 878 conventu

216 918 344 983 domino
368 918 530 1001 famulari,
553 918 678 984 faciant
701 918 812 1002 recipi,
837 919 864 982 si
888 919 931 982 sit
953 916 1081 1003 ydonea
1106 925 1139 984 et
1162 918 1250 984 aliud
1276 919 1465 985 canonicum
1489 940 1552 984 non

214 1027 360 1109 obsistat,
384 1027 416 1090 in
441 1026 529 1091 dicto
553 1026 747 1090 monasterio
771 1026 802 1088 in
827 1024 1026 1090 monacham.

320 1133 518 1200 Prudentum
541 1131 701 1217 virgiuum
726 1133 810 1198 votis
828 1181 835 1195 .
854 1181 887 1197 ..
937 1132 1011 1198 Dat.
1029 1132 1122 1199 Avin.
1141 1134 1204 1200 XIl
1231 1133 1274 1198 kl.
1300 1135 1375 1198 maii
1400 1155 1429 1199 a.
1447 1140 1553 1200 sexto·

216 1241 351 1308 decimo.

363 1367 436 1438 Rep.
457 1367 513 1422 103
530 1381 578 1419 nr.
597 1364 679 1421 1125.

321 1714 436 1780 2111.
463 1713 549 1777 1332
574 1711 676 1798 April
699 1713 753 1776 20.
778 1710 946 1798 Aviqooa.

321 1856 481 1922 Iohannes
497 1855 597 1920 XXII
622 1854 662 1920 de
686 1855 720 1921 S.
744 1854 875 1920 Andrea
899 1856 986 1920 etin
1013 1855 1236 1939 Hcysterbaob
1261 1856 1356 1921 Avin.
1382 1862 1414 1921 ct
1438 1855 1549 1922 Colon.

213 1966 309 2050 dyoc.
333 1963 600 2030 monasteriorum
633 1963 806 2027 abbatibus
838 1984 878 2028 00
910 1961 1081 2028 scolastico
1115 1963 1193 2028 eccl.
1225 1961 1258 2027 S.
1285 1961 1413 2028 Andrec
1438 1963 1549 2029 Colon.

214 2072 356 2154 mandat,
381 2071 531 2154 quatinus
555 2070 667 2135 Belem
692 2069 831 2152 Hengini
854 2069 888 2155 (l)
912 2069 1064 2135 advocati
1088 2070 1268 2136 Bnunensis
1292 2070 1462 2135 monialem
1486 2091 1549 2136 mo·

213 2180 345 2246 casterii
378 2180 410 2243 iu
435 2176 566 2263 Capella
599 2175 668 2241 ord.
693 2176 726 2242 S.
752 2175 874 2242 Beued.
909 2175 1020 2242 Golon.
1054 2175 1138 2242 dioc.
1169 2177 1353 2262 cupientem
1387 2176 1428 2242 dc
1461 2175 1549 2244 dioto

213 2285 418 2369 monasterio,
452 2285 541 2350 cuins
573 2284 698 2349 fructus
726 2284 791 2348 sint
819 2281 901 2349 adeo
937 2289 1048 2349 tennes
1077 2290 1110 2350 et
1139 2284 1250 2366 exiles,
1284 2283 1369 2366 quod
1394 2284 1549 2351 moniales

213 2393 354 2460 ciusdem
379 2393 532 2476 nequeint
556 2389 722 2456 commode
746 2390 930 2473 sustentari,
955 2411 989 2456 se
1014 2391 1180 2458 transferri
1204 2391 1246 2457 ad
1270 2393 1499 2458 monasterium
1516 2393 1548 2457 in

212 2502 418 2587 Deytlrirgen
442 2500 510 2565 ord.
535 2500 568 2564 S.
587 2498 708 2564 Bened.
734 2499 843 2565 (tolon.
869 2497 965 2582 dioc,
990 2499 1196 2566 transferant.

318 2609 496 2692 Religionis
527 2607 622 2690 zelus,
653 2609 719 2672 vite
748 2656 755 2670 .
785 2656 792 2671 .
822 2656 829 2670 .
889 2607 964 2671 Dat.
990 2606 1083 2674 Avin.
1113 2607 1178 2673 XII
1209 2608 1253 2671 kl.
1285 2608 1360 2673 maii
1385 2629 1414 2672 a.
1439 2613 1544 2673 sexto·

213 2716 349 2783 decimo.

364 2841 437 2910 Rep.
456 2842 513 2896 103
530 2856 578 2893 rar.
599 2839 680 2894 1126.

315 3127 436 3194 2112.
468 3131 554 3193 1332
579 3129 680 3213 April
704 3130 757 3191 24.
788 3126 953 3212 Aoipaon.

318 3271 478 3337 Iohannes
494 3271 595 3335 XXII
618 3269 781 3335 Walramo
806 3269 910 3335 electo
926 3268 1114 3336 Coloniensi
1132 3269 1290 3352 concedit,
1315 3276 1349 3335 ut
1365 3291 1385 3335 0
1401 3289 1548 3353 quocum-

212 3399 274 3460 que
298 3379 444 3443 malucrit
468 3379 611 3443 antistite
635 3397 749 3443 munus
773 3378 1024 3444 consecrationis
1049 3377 1151 3464 possit
1171 3379 1326 3461 recipere,
1351 3379 1402 3442 cui
1426 3383 1548 3462 prestet

212 3485 376 3551 fidelitatis
398 3487 622 3551 iuramentum.

320 3592 397 3658 (lum
422 3614 479 3661 uos
503 3593 707 3678 pridem...
740 3595 816 3659 Dat.
842 3595 936 3659 Avin.
963 3595 1043 3660 VIII
1068 3594 1111 3659 lrl.
1136 3593 1212 3660 maii
1237 3615 1266 3659 a.
1292 3593 1420 3660 domiuo
1444 3601 1547 3660 sexto.

371 3735 443 3805 Rep.
464 3737 518 3789 101
545 3751 593 3788 aar.
612 3738 686 3803 851,·
705 3736 756 3790 liz.
776 3751 823 3789 nr.
845 3735 930 3790 1532.

317 4036 432 4102 2113.
460 4041 545 4101 1332
569 4006 673 4122 Ilpa
695 4039 749 4100 11.
774 4035 939 4122 Aequos.

320 4197 479 4264 lohannes
495 4197 594 4262 XXII
619 4197 782 4263 Walramo
807 4198 911 4263 electo
930 4197 1111 4264 Coloniensi
1137 4199 1277 4282 nunciat,
1303 4199 1388 4282 quod
1408 4199 1545 4284 palleum

210 4305 251 4369 ab
276 4325 314 4368 co
338 4325 396 4388 per
420 4305 591 4369 chricum
622 4303 662 4371 dc
687 4305 875 4390 Spainbeim
905 4312 938 4370 ct
966 4307 1155 4389 magistrum
1181 4305 1392 4372 Godelridum
1423 4307 1544 4372 dictum

212 4411 253 4476 ‹le
288 4411 321 4475 S.
351 4411 524 4477 Ouniberto
558 4413 729 4478 canonicos
764 4412 970 4479 Colonienscs
1010 4413 1151 4480 ciusdem
1185 4415 1318 4480 nuncios
1349 4415 1545 4500 postulatum

212 4517 251 4600 ci,
276 4527 445 4603 postquam
469 4518 567 4583 fuerit
591 4527 805 4603 consecratus,
830 4540 887 4604 per
911 4520 1125 4586 Leodiensem
1150 4527 1183 4588 et
1198 4521 1485 4588 Monastericnsem
1505 4543 1544 4588 ac

211 4625 490 4709 Osnaburgcnsem
517 4627 685 4710 episcopos
719 4626 949 4710 assignandum
974 4647 1031 4712 per
1061 4629 1205 4714 prefatos
1234 4631 1367 4695 nuncios
1391 4629 1541 4712 destinat,

211 4739 246 4796 ut
270 4732 373 4799 cidem
398 4734 541 4818 episcopi
567 4733 616 4797 vel
647 4731 710 4798 duro
740 4741 796 4798 ant
824 4755 906 4800 uuus
930 4755 1038 4800 eornm
1062 4737 1123 4822 ipsi
1148 4735 1226 4802 illud
1251 4738 1417 4820 assignent
1441 4743 1472 4802 ct
1496 4757 1544 4803 so-

211 4840 301 4905 litum
326 4840 491 4906 fidelitatis
514 4841 727 4907 iuramentum
752 4843 793 4908 ab
817 4843 888 4928 ipsa
911 4841 1080 4929 recipiant.
