3642 5509
765 436 833 499 1331
854 442 937 499 Mlius
956 441 998 498 20.
1500 435 1553 498 399

217 623 381 690 constituti
417 622 592 690 subsidium
625 643 682 708 per
715 623 858 689 ordinem
888 623 1069 709 predictum
1105 624 1136 687 in
1170 622 1315 707 generali
1339 623 1478 708 capitulo
1505 622 1554 688 Ci-

217 730 324 798 stercii
343 731 504 797 celebrato
521 731 614 796 uobis
630 729 750 796 dudum
774 750 833 797 sua
853 750 941 795 mera
965 731 1160 796 liberalitate
1177 730 1316 794 oblatum
1342 730 1467 795 solvere
1490 751 1552 796 non

217 844 392 919 curassent,
423 839 456 902 iu
480 836 592 903 eodem
618 837 758 922 capitulo
782 837 953 904 novissime
978 837 1127 902 Cistercii
1151 837 1313 902 celebrato
1339 836 1475 919 quedam
1499 857 1553 903 ex·

216 946 282 1010 titii
305 944 395 1010 iacta
418 942 553 1010 dilinitio
571 944 619 1024 (Ι),
643 943 732 1009 cuius
756 949 846 1010 tenor
869 944 1015 1025 sequitur
1038 944 1070 1008 iu
1095 943 1156 1009 hoc
1180 944 1294 1009 verba:

323 1052 391 1119 Nos
419 1050 521 1116 irater
550 1049 737 1117 Guillelmns
770 1051 871 1116 abbas
897 1050 1046 1116 Cistercii
1076 1055 1183 1116 notum
1216 1051 1353 1116 facimus
1387 1050 1552 1133 universis,

217 1158 303 1240 quud
333 1177 417 1222 anno
445 1156 614 1222 millesimo
643 1155 752 1223 000⁰.
785 1155 913 1221 XXX0.
943 1158 1107 1224 innostro
1132 1158 1273 1242 capitulo
1297 1158 1440 1242 generali
1465 1158 1553 1224 sacta

216 1265 278 1330 fuit
301 1263 446 1346 dilinitio,
471 1264 561 1329 cuius
584 1269 675 1329 tenor
699 1265 841 1346 seqnitur
865 1269 897 1329 et
922 1269 970 1330 est
995 1265 1084 1330 talis:

324 1371 403 1438 Cum
428 1391 511 1436 auno
535 1372 688 1455 preterito
712 1370 807 1436 luerit
838 1370 1006 1456 difinitum,
1038 1370 1123 1455 quod
1152 1373 1287 1438 abbates
1317 1372 1438 1440 ordinis
1462 1380 1554 1440 extra

217 1499 350 1563 reguum
375 1479 511 1544 Francie
542 1478 708 1545 constituti
739 1476 905 1543 dimidiam
940 1479 1097 1545 decimam
1117 1529 1123 1546 .
1142 1479 1336 1565 ..pontifici
1368 1500 1553 1547 concessam

217 1587 443 1653 commissoriis
459 1585 602 1651 eiusdem
626 1587 751 1651 solvere
773 1606 836 1650 non
861 1585 1029 1652 differrent
1052 1586 1135 1652 iufra
1157 1586 1339 1670 quindecim
1364 1586 1444 1670 dies,
1469 1594 1553 1673 post·

217 1713 312 1776 quam
336 1693 378 1758 ab
402 1693 481 1778 ipsis
504 1692 623 1758 fuerint
639 1694 795 1775 requisiti,
819 1693 960 1776 alioquin
985 1714 1042 1778 pro
1065 1692 1221 1779 depositis
1241 1693 1442 1776 haberentur,
1467 1694 1553 1778 quod

216 1800 345 1884 quidem
374 1801 471 1882 aliqui
500 1819 691 1882 quamquam
721 1820 792 1866 cum
821 1799 975 1866 instantia
1004 1802 1115 1866 moniti
1144 1801 1251 1866 faeere
1281 1807 1551 1886 contempserunt,

217 1907 440 1974 excusationes
458 1907 591 1973 frivolas
614 1907 796 1990 allegando,
821 1906 974 1974 videlicet
999 1907 1084 1990 quod
1108 1909 1246 1993 ipsorum
1264 1909 1553 1975 commissariorum

217 2021 361 2100 potestas
384 2014 427 2080 ad
450 2034 558 2080 eorum
583 2016 764 2100 provincias
788 2015 917 2081 minime
941 2035 975 2080 sc
999 2014 1155 2098 extendit,
1185 2036 1225 2081 uc
1255 2014 1296 2081 de
1328 2022 1433 2081 cetero
1458 2035 1553 2081 excu-

216 2123 356 2190 sationes
380 2123 500 2189 habere
523 2123 653 2188 valeant
676 2121 856 2188 huiusmodi
879 2124 1089 2207 inpeccatis,
1122 2121 1243 2189 eisdem
1274 2123 1445 2188 abbatibus
1469 2123 1553 2208 capi-

220 2230 319 2295 tulum
345 2231 487 2296 strictius
511 2229 649 2314 precipit
671 2229 877 2313 iniungendo,
916 2228 1065 2312 quatinus
1091 2227 1209 2294 dictam
1236 2229 1392 2295 decimam
1417 2229 1553 2314 prefatis

215 2337 339 2402 nunciis
357 2386 364 2400 .
383 2385 390 2401 .
409 2388 415 2400 .
433 2335 595 2422 pontificis
617 2335 703 2400 iufra
726 2334 905 2420 predictum
930 2337 1096 2401 terminum
1122 2336 1247 2402 solvere
1270 2335 1422 2402 studeant
1446 2356 1486 2401 ex
1509 2337 1552 2402 iu-

218 2449 320 2527 tegro,
346 2442 419 2508 dum
447 2450 550 2508 tamen
568 2443 648 2527 ipsis
668 2441 840 2509 abbatibus
862 2443 965 2528 primo
983 2443 1170 2526 constiterit,
1196 2442 1282 2526 quod
1306 2441 1347 2508 ad
1372 2442 1553 2509 huiusmodi

216 2571 280 2615 nou
304 2550 445 2616 curando
469 2549 510 2615 de
534 2550 707 2634 provinciis
724 2550 842 2614 luerint
858 2548 1016 2635 deputati,
1041 2551 1099 2616 sub
1117 2551 1210 2636 penis
1232 2552 1266 2614 iu
1281 2549 1460 2616 difinitione
1484 2570 1553 2635 pre·

217 2658 315 2724 missa
331 2659 501 2739 contentis,
525 2677 605 2739 quas
628 2675 666 2723 eo
691 2658 769 2743 ipso,
793 2658 820 2722 si
843 2658 875 2721 iu
892 2656 1046 2724 solvendo
1063 2657 1266 2741 negligentes
1281 2655 1409 2736 luerint,
1434 2656 1554 2723 denun-

220 2766 287 2831 ciat
313 2763 475 2831 incidisse.
526 2764 645 2829 Datum
668 2764 727 2829 sub
751 2763 857 2848 sigillo
882 2770 990 2830 nostro
1015 2784 1099 2830 anuo
1123 2762 1243 2829 domiui
1268 2783 1330 2847 quo
1354 2784 1451 2849 supra
1474 2769 1554 2829 tem·

215 2891 293 2957 pore
315 2872 416 2938 uostn
439 2870 578 2956 predicti
602 2871 735 2956 capituli
759 2871 930 2956 generalis.

323 2979 409 3045 Saue
439 2999 510 3045 cum
534 2979 618 3044 sicut
645 2979 839 3063 accepimus,
870 2978 1011 3044 nonnulli
1040 2976 1176 3046 abbates
1205 2977 1347 3044 eiusdem
1373 2977 1494 3045 ordinis
1517 2979 1550 3043 iu

217 3088 361 3173 partibus
377 3087 569 3153 Alamannia
586 3093 829 3168 commorantes,
853 3086 924 3170 tibi,
949 3105 1043 3168 quem
1066 3086 1269 3152 collectorem
1286 3084 1466 3151 huiusmodi
1482 3086 1553 3151 sub·

215 3194 289 3259 sidii
308 3243 315 3258 .
335 3243 342 3258 .
361 3242 368 3258 .
384 3195 416 3258 iu
440 3193 559 3260 eisdem
584 3194 729 3279 partibus
746 3192 919 3278 deputasse
943 3193 1036 3258 alitor
1061 3213 1122 3258 uon
1147 3191 1289 3258 curando
1314 3191 1357 3257 de
1378 3191 1553 3277 provinciis

217 3298 426 3383 meminimus,
451 3299 630 3385 predictum
652 3321 714 3366 nou
737 3301 896 3366 duxeruut
918 3299 1094 3366 subsidium
1117 3298 1340 3382 exolvendum,
1366 3298 1553 3366 discretioni

216 3415 270 3472 tue
288 3456 295 3472 .
314 3457 321 3471 .
340 3457 346 3469 .
365 3407 562 3490 mandamus,
585 3407 762 3490 quatinus.
781 3457 788 3472 .
807 3460 814 3474 .
832 3406 961 3473 eosdem
979 3407 1114 3474 abbates
1132 3457 1137 3468 .
1158 3457 1164 3470 .
1185 3456 1191 3470 .
1209 3407 1371 3489 requirere
1388 3427 1450 3472 non
1466 3413 1552 3490 post-

216 3534 327 3599 ponas,
356 3520 392 3579 ut
422 3515 480 3579 tibi
504 3513 625 3578 dictum
651 3514 826 3581 subsidium
845 3565 851 3578 .
870 3564 877 3579 .
896 3564 903 3579 .
921 3535 983 3580 uon
1014 3515 1164 3579 omittant
1191 3513 1315 3579 solvere
1333 3559 1339 3574 .
1359 3563 1366 3577 .
1386 3562 1393 3577 .
1411 3512 1552 3594 alioquin

218 3641 274 3688 eos
291 3670 299 3687 .
318 3671 325 3686 .
343 3670 350 3685 .
368 3622 400 3686 iu
425 3641 538 3706 penam
564 3628 747 3686 contentam
771 3623 803 3686 iu
828 3621 1007 3687 difinitione
1031 3620 1176 3707 predicta
1202 3619 1376 3686 denuncias
1400 3618 1553 3686 incidisse

218 3729 371 3794 ...Dat
395 3729 490 3795 Aviu.
514 3727 587 3794 idus
610 3727 717 3794 martii
741 3751 770 3794 a.
795 3727 1044 3812 quintodecimo.

378 3852 450 3923 Req.
470 3853 526 3907 116
543 3853 568 3923 f.
588 3852 635 3906 67‘
653 3868 701 3906 rrr.
721 3853 970 3922 319;Rz.1444.

324 4124 452 4195 2022.
485 4131 570 4195 1331
594 4126 695 4195 Mdrz
719 4127 773 4193 20.
799 4127 965 4216 Aoiqrron.

324 4269 483 4337 lohannes
511 4271 609 4336 XXII
646 4271 805 4337 sinibaldo
838 4273 887 4336 tit.
913 4271 947 4337 S.
972 4270 1138 4336 Laurentii
1169 4271 1201 4335 in
1226 4268 1351 4337 Lucina
1374 4269 1553 4356 presbitero

217 4377 373 4443 cardinali
406 4377 555 4444 concedit
588 4378 778 4445 facultatem
811 4377 988 4463 recipiendi
1018 4377 1159 4443 anobili
1193 4379 1260 4443 viro
1290 4377 1433 4443 Aruoldo
1464 4377 1553 4443 dicto

217 4485 323 4551 Parvo
347 4485 388 4551 de
411 4484 683 4552 Breideubendelt
706 4485 747 4552 de
774 4487 873 4570 Aquis
906 4485 1061 4551 canonico
1095 4485 1231 4550 ecclesie
1263 4485 1422 4567 Aquensis
1451 4484 1552 4551 Leod.

218 4591 302 4657 dioc.
327 4591 368 4657 ad
395 4599 470 4657 vota
493 4591 622 4658 laicalia
646 4614 681 4660 so
705 4594 878 4661 transferre
902 4600 936 4659 et
958 4591 1103 4677 recipere
1138 4592 1299 4676 cingulum
1332 4592 1470 4656 militare
1501 4612 1553 4657 cu-

217 4701 328 4783 piente
353 4699 403 4764 vel
428 4698 573 4766 eiusdem
599 4709 804 4786 procuratore
829 4701 1077 4784 resignationem
1103 4700 1311 4764 canonicatus
1336 4705 1368 4763 et
1391 4697 1554 4783 prebende

217 4826 258 4874 ac
282 4805 448 4873 cuiusdam
472 4807 627 4892 simplicis
657 4807 803 4875 beneficii
832 4828 917 4874 noua
940 4805 1119 4890 vulgariter
1142 4807 1328 4892 nuncupati,
1362 4803 1448 4888 quod
1470 4805 1498 4870 is
1520 4805 1554 4872 iu
