3642 5509
323 410 376 465 126
838 410 908 468 1328
927 408 1063 469 Februar
1081 409 1106 467 6.

426 591 561 657 *lala
588 594 675 658 1328
697 595 850 660 Februor
872 596 904 657 6.
931 592 1095 679 Actaeon.

427 734 587 801 Iohannes
615 735 711 801 XXII
746 734 869 801 decano
898 734 1035 802 ecclesie
1059 736 1095 801 Β.
1120 733 1222 802 llarie
1245 736 1406 819 Aquensis
1435 736 1535 803 Leod.
1566 736 1651 804 dioc.

319 841 462 925 mandat,
487 844 636 926 quatinus
659 862 708 923 ea,
738 861 799 924 que
822 842 863 907 de
888 843 979 908 bonis
1003 842 1188 908 monasterii
1212 842 1401 927 Campensis
1424 842 1493 910 ord.
1518 843 1652 911 Gistcrc.

320 949 430 1015 Oolon.
455 949 539 1017 dioc.
563 969 620 1034 per
644 950 867 1015 consessiones
894 951 936 1016 ab
964 950 1082 1015 abbate
1106 956 1139 1015 et
1162 958 1322 1016 conventu
1345 970 1516 1035 eorumque
1539 951 1652 1037 prede·

320 1058 501 1124 sessoribus
523 1057 627 1123 factas
651 1056 792 1122 alienata
815 1055 974 1122 invenerit
997 1056 1108 1122 illicite
1125 1057 1178 1123 vel
1201 1057 1366 1139 distracta,
1390 1057 1434 1123 ad
1456 1058 1506 1123 ius
1526 1066 1559 1123 et
1581 1079 1651 1144 pro-

319 1166 489 1251 prietatem
513 1162 656 1231 eiusdem
680 1164 823 1247 legitime
846 1183 999 1241 revocare
1022 1171 1182 1250 procuret,
1215 1185 1278 1230 non
1306 1164 1508 1232 obstantibus
1535 1165 1651 1231 litteris

319 1273 537 1339 instrumentis
559 1272 746 1337 iuramentis
769 1272 1064 1339 renunciationibus
1087 1273 1179 1358 penis
1196 1278 1228 1337 et
1244 1271 1536 1338 confirmationibus
1560 1292 1650 1338 occa·

318 1381 407 1446 slone
429 1380 555 1446 illarum
579 1381 818 1446 concessionum
842 1378 972 1447 additis.

425 1487 478 1554 Ad
501 1486 698 1554 audientiam
722 1493 863 1553 nostram
887 1486 1063 1572 pervenit.
1091 1537 1099 1551 .
1126 1536 1134 1553 .
1181 1488 1257 1553 Dat.
1284 1488 1377 1553 Avin.
1400 1486 1473 1553 idus
1496 1487 1650 1553 februarii

318 1611 349 1677 p.
366 1612 397 1657 n.
414 1612 445 1657 a.
469 1590 670 1656 duodeoImo.

481 1715 530 1771 Or.
552 1715 674 1770 membr.
695 1731 764 1770 ctum
784 1714 912 1784 plumbo
926 1714 1020 1784 pond.
1068 1711 1130 1769 Sub
1149 1712 1237 1784 plica
1260 1714 1301 1769 ad
1325 1711 1442 1770 sinistr.
1476 1742 1508 1752 -
1541 1742 1574 1752 —
1612 1714 1651 1767 Iu

474 1803 548 1876 plic.
567 1805 610 1860 ad
628 1804 734 1860 deaetr:
754 1803 828 1874 (con
847 1800 987 1874 legibile).
1024 1803 1062 1857 In
1081 1802 1186 1857 dorso:
1217 1803 1250 1857 P.
1270 1804 1308 1858 de
1327 1802 1443 1859 Nussia.
1472 1832 1505 1841 —
1528 1802 1649 1857 1223εά-

480 1895 561 1965 dors.
580 1894 668 1951 Arcb.
688 1910 750 1965 rep.
770 1890 855 1947 Abtei
875 1890 978 1962 Oamp.
999 1908 1046 1946 nr.
1064 1891 1130 1947 392.

425 2160 541 2227 1410.
577 2161 663 2225 1328
687 2160 841 2225 Februur
863 2161 895 2225 6.
920 2157 1086 2245 Aoipnou.

421 2303 582 2369 Iohannes
605 2302 704 2367 XXII
739 2302 904 2386 preposito
928 2302 961 2367 S.
985 2301 1087 2367 Maris
1116 2300 1157 2365 ad
1187 2300 1306 2384 gradus
1330 2300 1438 2366 Colon.
1468 2308 1501 2365 et
1524 2298 1647 2366 decano

318 2432 357 2478 ac
380 2410 578 2477 thesaurario
602 2409 796 2474 Xanctensis
820 2408 930 2474 Oolon.
956 2407 1039 2473 dioc.
1064 2408 1142 2473 eccl.
1168 2406 1309 2490 mandat,
1339 2408 1488 2491 quatinus
1511 2407 1648 2473 Mariam

317 2526 424 2585 natam
450 2516 613 2582 Wilbelmi
648 2515 689 2581 de
723 2514 927 2581 Broecbusen
960 2515 1098 2600 puellam
1132 2515 1305 2580 litteratam
1340 2514 1441 2580 Leod.
1476 2514 1560 2579 dioc.
1595 2534 1647 2579 cn·

317 2626 456 2712 pientem
491 2624 522 2688 in
556 2624 748 2688 monasterio
772 2621 937 2689 Nussiensi
966 2620 1033 2686 ord.
1059 2621 1092 2687 S.
1116 2620 1236 2688 Bened.
1261 2620 1371 2688 Goion.
1405 2620 1489 2686 dioc.
1519 2620 1647 2687 domiuo

318 2731 492 2815 formulari,
517 2731 544 2797 si
564 2731 607 2797 sit
629 2729 758 2816 ydonea
774 2737 806 2796 et
821 2728 911 2795 aliud
935 2729 1122 2795 canonicum
1146 2749 1209 2794 non
1232 2730 1377 2812 obsistat,
1403 2727 1525 2794 faciant
1548 2731 1646 2814 recipi

314 2837 458 2904 indicto
482 2837 674 2904 monasterio
698 2837 730 2902 in
754 2836 954 2903 monacham.

421 2944 617 3011 Prudentem
642 2943 802 3028 virginum
826 2942 911 3010 votis
929 2992 937 3008 .
955 2991 989 3009 ..
1022 2943 1094 3008 Dat
1118 2942 1212 3008 Avin.
1238 2943 1317 3009 VIII
1340 2942 1413 3009 idus
1436 2942 1591 3010 februarii
1615 2964 1645 3009 a.

314 3050 516 3119 duodecimo.

476 3176 549 3247 Ray.
568 3177 606 3231 87
622 3174 647 3246 f.
666 3176 712 3230 87¹
732 3192 781 3232 rar.
801 3175 886 3237 2246.

417 3418 530 3488 1417.
560 3418 647 3487 1328
671 3419 824 3488 Febr-cur
846 3424 878 3487 6.
908 3419 1073 3507 Avipaoa.

420 3560 579 3629 Iohannes
607 3560 706 3628 XXII
741 3564 881 3629 Henrico
909 3562 951 3627 de
979 3560 1241 3628 Widechenstein
1271 3560 1395 3629 confert
1424 3562 1504 3629 eccl.
1534 3562 1644 3629 Goion.

312 3668 546 3744 canonicatum,
576 3669 773 3755 prebendam
796 3690 873 3735 vero
902 3668 1009 3735 eidem
1041 3676 1194 3753 reservat,
1227 3690 1291 3735 non
1322 3670 1470 3736 obstante
1495 3670 1580 3754 quod
1610 3671 1643 3735 in

312 3776 392 3841 eccl.
417 3775 475 3841 SS.
501 3776 726 3862 Apostolorum
751 3775 861 3841 Colon.
886 3777 1110 3841 canonIcatum
1134 3782 1167 3841 et
1190 3776 1387 3861 prebendam
1410 3778 1544 3843 obtinet.

419 3882 580 3950 Nobilitas
610 3883 748 3966 generis,
779 3902 900 3948 morum
926 3881 1057 3948 decor.
1089 3932 1096 3948 .
1125 3932 1133 3948 .
1180 3885 1256 3948 Dat.
1281 3884 1376 3949 Avin.
1401 3885 1481 3949 VIII
1504 3884 1577 3950 idus
1599 3885 1645 3951 fe·

313 3989 431 4055 brnarii
456 4010 485 4054 a.
509 3988 712 4055 duodecimo.

419 4097 456 4161 In
480 4115 508 4162 e.
533 4118 575 4161 m.
609 4098 773 4182 preposito
800 4096 834 4163 S.
860 4098 1006 4164 Severini
1036 4104 1069 4163 et
1099 4098 1222 4165 decano
1246 4099 1280 4165 S.
1307 4098 1440 4183 Georgii
1465 4099 1575 4165 Oolon.
1604 4120 1644 4165 ac

311 4204 464 4288 magistro
480 4202 617 4270 Nicolao
640 4201 683 4269 de
706 4203 832 4269 maone
855 4206 1010 4270 canonico
1033 4206 1235 4271 Patracensis
1259 4206 1338 4271 eccl.
1362 4205 1539 4271 iltterarum
1569 4226 1645 4293 apo-

311 4309 496 4376 stolicarum
521 4310 704 4377 correctori.

460 4434 534 4508 Ray.
554 4437 595 4490 88
612 4437 638 4507 s.
658 4437 696 4491 79
714 4450 762 4489 nr.
781 4436 866 4492 3212.

418 4648 536 4718 1418.
563 4655 650 4718 1328
672 4653 827 4720 Februur
849 4655 879 4719 6.
904 4653 1069 4743 Aoipuoo.

417 4774 578 4843 Iohannes
601 4776 701 4842 XXII
730 4778 868 4844 Henrico
899 4779 939 4845 dc
969 4780 1156 4848 Oetmerscn
1180 4780 1297 4848 clerico
1321 4780 1462 4851 Traieet.
1488 4780 1571 4851 dioc.
1596 4802 1642 4851 re·
