3642 5509
781 429 852 486 1880
869 431 1007 487 Februar
1025 430 1067 486 20.
1534 431 1588 486 307

250 611 281 676 ei
304 610 402 677 semel
426 611 459 676 in
482 611 593 676 mortis
623 610 758 676 arficulo
787 610 966 677 concedere
990 610 1107 677 valcat.
1154 611 1204 678 Nc
1228 614 1347 693 autem,
1376 608 1463 693 quod
1492 610 1587 692 absit,

251 724 381 802 propter
411 716 591 783 huiusmodi
621 719 760 802 gratiam
792 717 948 782 reddatur
971 717 1144 802 proclivior
1177 717 1218 782 ad
1243 717 1358 783 illicita
1381 719 1585 802 imposterum

251 824 489 907 committenda,
514 825 658 890 remissio
683 824 787 890 eidem
804 824 910 908 quoad
928 824 984 890 illa
1008 823 1155 910 predicta
1179 824 1359 890 nullatenus
1383 825 1587 908 suffragetur,

251 931 278 997 si
302 952 342 997 ex
367 931 561 997 confidentia
584 933 780 998 remissionis
804 930 986 998 huiusmodi
1011 931 1120 1014 aliqua
1144 933 1225 998 sorte
1250 932 1472 997 committeret.

358 1039 527 1105 Ferventis
550 1038 731 1106 devotionis
754 1040 890 1105 affectus
917 1088 923 1101 .
955 1089 962 1104 .
993 1089 1000 1104 .
1048 1041 1124 1105 Dat.
1149 1040 1180 1104 X
1204 1039 1249 1104 lrl.
1274 1040 1380 1104 martii
1404 1061 1433 1104 a.
1459 1046 1586 1121 quarto-

252 1144 388 1212 decimo.

411 1272 484 1340 Req.
503 1273 556 1326 115
575 1286 622 1339 ps.
641 1270 678 1323 II
692 1269 717 1340 f.
736 1271 785 1324 83¹
804 1287 852 1324 rer.
873 1271 958 1325 1449.

359 1617 482 1684 1844.
514 1620 602 1682 1330
625 1618 779 1683 Febraar
801 1619 855 1683 20.
880 1617 1046 1705 Aequore.

361 1761 528 1825 Iohannes
546 1760 655 1823 XXII
676 1760 862 1824 Iohannem
885 1761 926 1824 de
952 1757 1109 1844 Corpeuu
1131 1759 1297 1824 habilitat.

360 1882 531 1968 [lohannes
555 1883 666 1967 XXII]
691 1881 825 1949 Iohanni
850 1882 890 1948 de
915 1882 1063 1968 Carpena
1086 1883 1263 1967 presbitero
1288 1881 1509 1948 Oolon.·di0c.

360 1990 574 2074 Exigentibus
598 1997 652 2055 tue
675 1991 873 2056 meritis...
895 1988 982 2055 Sane
1005 1989 1119 2075 petitio
1143 2009 1201 2074 pro
1225 1995 1317 2074 parte
1341 1999 1397 2056 tua
1419 1990 1513 2057 nobis
1536 2011 1590 2056 ex·

253 2097 357 2163 hibita
386 2096 581 2178 continebat,
613 2096 699 2179 quod
727 2095 847 2162 dudum
878 2117 974 2181 super
998 2096 1129 2162 defectu
1153 2095 1317 2180 natalium,
1350 2117 1443 2180 quern
1468 2100 1589 2183 pateris

254 2205 296 2270 de
318 2204 423 2270 soluto
446 2203 575 2287 genitus
598 2212 631 2269 et
653 2204 769 2286 soluta,
795 2203 879 2286 quod
900 2223 1088 2289 ...posses
1112 2202 1154 2267 ad
1179 2223 1289 2269 omnes
1312 2202 1441 2269 ordines
1464 2225 1589 2290 promo·

253 2313 321 2378 veri
345 2317 378 2376 et
401 2310 654 2376 ecclesiasticum
688 2309 876 2376 beneficium
909 2311 1065 2392 obtinere,
1098 2309 1247 2375 etiamsi
1272 2330 1381 2376 curam
1412 2311 1588 2376 animarum

255 2418 399 2501 baberet,
430 2424 534 2482 tecum
563 2416 688 2482 exstitit
716 2418 908 2483 auctoritate
932 2416 1112 2503 apostolica
1136 2416 1365 2501 dispensatum,
1395 2424 1588 2501 postquam

255 2524 527 2609 dispensationem
560 2531 595 2588 tu
628 2523 670 2588 ad
702 2543 812 2589 omnes
842 2523 971 2590 ordines
998 2529 1162 2609 promotus
1191 2521 1352 2605 qnondam
1376 2525 1589 2608 capellaniam

254 2632 423 2717 hospitalis
456 2633 488 2696 S.
514 2630 624 2714 Egidii
656 2632 688 2696 in
722 2631 836 2695 Bunna
859 2630 970 2696 Goion.
995 2628 1078 2695 dioc.
1109 2630 1199 2694 fuisti
1233 2631 1387 2696 canonice
1421 2638 1587 2696 assecutus

254 2746 287 2804 et
311 2760 350 2803 ca
373 2757 523 2823 processu
548 2737 699 2823 temporis
729 2737 862 2803 dimissa
890 2735 1053 2820 quoddam
1083 2738 1185 2802 altare
1208 2738 1240 2801 in
1265 2737 1405 2804 ecclesia
1429 2739 1589 2804 Bonnensi

255 2847 312 2911 tibi
337 2845 488 2912 collatum
518 2845 698 2929 acceptasti
727 2851 761 2910 et
789 2843 869 2909 illud
900 2864 959 2929 per
982 2851 1119 2926 quatuor
1142 2863 1242 2909 annos
1266 2842 1430 2910 detinuisti
1454 2865 1493 2908 ac
1516 2843 1588 2910 sub·

254 2960 424 3035 sequenter
456 2951 578 3017 dictum
610 2951 713 3016 altare
741 2971 813 3016 cum
843 2950 982 3034 quadam
1008 2950 1211 3035 cappellania
1233 2949 1267 3016 S.
1294 2950 1453 3022 Boniiacii
1478 2951 1588 3017 Goion.

256 3059 444 3144 permutasti
468 3078 603 3142 eamque
626 3078 684 3143 per
707 3057 788 3123 alios
812 3063 949 3140 quatuor
972 3077 1072 3123 annos
1095 3057 1263 3139 retinuisti,
1295 3057 1418 3123 fructus
1443 3057 1529 3139 lieet,
1554 3065 1589 3123 nt

255 3165 383 3248 asseris,
407 3165 551 3230 modicos
574 3165 756 3250 percipiens
780 3184 820 3230 ex
844 3163 982 3246 eisdem3
1016 3170 1050 3230 ct
1073 3163 1158 3246 quod
1182 3163 1384 3248 postmodum
1407 3213 1414 3228 .
1434 3213 1465 3228 ..
1493 3164 1588 3229 bene·

255 3273 361 3338 licium
392 3273 644 3338 ecclesiasticum
675 3292 746 3336 eum
770 3291 848 3336 cura
871 3271 924 3337 vel
947 3272 1016 3338 sine
1040 3290 1117 3336 cura
1144 3277 1295 3356 spectans
1319 3269 1360 3336 ad
1386 3271 1591 3336 collationem

257 3429 291 3445 ..
319 3380 448 3445 abbatis
470 3379 656 3445 monasterii
680 3377 859 3445 Tnitiensis
888 3425 948 3444 ...
978 3376 1205 3443 conferendum
1230 3377 1294 3442 tibi
1312 3397 1369 3462 per
1392 3384 1518 3444 nostras
1541 3379 1591 3443 lit·

256 3493 344 3552 teras
373 3485 521 3552 duximus
550 3484 788 3568 reservandum,
821 3505 886 3550 non
914 3485 1064 3550 obstante
1091 3485 1174 3548 inter
1197 3483 1263 3548 alia
1286 3483 1370 3566 quod
1395 3483 1516 3550 dictam
1541 3506 1592 3550 ca·

257 3593 428 3679 pellaniam
453 3594 487 3659 S.
511 3591 674 3658 Boniiacii
707 3592 886 3675 obtinebas,
919 3590 1008 3657 nulla
1041 3596 1148 3655 tamen
1177 3590 1219 3655 de
1252 3588 1382 3656 delectu
1411 3590 1592 3656 huiusmodi

257 3700 394 3782 aliisque
425 3698 621 3785 supradietis
654 3697 766 3764 babita
799 3699 972 3764 mentione.
1026 3697 1132 3776 Quare
1159 3697 1251 3763 nobis
1282 3696 1443 3764 humiliter
1473 3697 1593 3783 snppli-

257 3809 348 3889 casti,
372 3813 408 3872 nt
427 3827 498 3871 cunr
515 3813 560 3888 tu,
581 3805 666 3871 sicut
682 3807 808 3888 asseris,
832 3807 865 3871 in
889 3806 1053 3890 premissis
1076 3825 1139 3871 non
1164 3803 1333 3886 malitiose,
1358 3803 1415 3870 scd
1439 3825 1497 3889 per
1520 3803 1592 3871 sirn-

256 3913 434 4000 plicitatcm
451 3920 484 3978 ct
507 3913 586 3979 iuris
609 3913 825 3997 ignorantiam
849 3911 1032 3996 deliqueris,
1058 3908 1192 3976 credens
1208 3911 1320 3993 vigore
1343 3910 1592 3996 dispensationis

256 4019 403 4106 predicte
427 4021 488 4086 boc
511 4020 570 4085 tibi
594 4019 635 4085 de
658 4021 726 4084 iure
749 4018 859 4101 licere,
890 4017 1062 4103 providere
1086 4016 1145 4082 tibi
1174 4065 1234 4082 ...
1262 4016 1478 4100 dignaremur.
1525 4018 1593 4085 Nos

257 4129 393 4210 itaque.
411 4177 419 4192 .
437 4177 444 4193 .
461 4134 494 4193 te
511 4174 518 4190 .
538 4176 546 4192 .
563 4133 598 4192 nt
615 4175 623 4191 .
641 4174 648 4192 .
667 4176 675 4192 .
692 4125 780 4191 alind
806 4125 995 4191 beneficium
1019 4124 1285 4206 ecclesiasticum,
1311 4125 1408 4189 etiarn
1425 4125 1451 4189 si
1469 4124 1498 4189 ei
1516 4145 1593 4189 cura

256 4236 421 4300 immineat
444 4235 634 4316 animarum,
653 4284 659 4298 .
679 4283 686 4298 .
705 4284 712 4299 .
730 4234 851 4315 valeas,
875 4232 1083 4298 habilitamus
1101 4280 1108 4296 .
1127 4280 1134 4296 .
1154 4283 1160 4299 .
1186 4231 1338 4296 Volumus
1362 4238 1480 4313 tamen,
1505 4231 1592 4315 qnod

257 4341 437 4426 predictam
461 4342 673 4428 capellaniam
696 4340 731 4406 S.
758 4340 928 4424 Bonifacii,
964 4341 991 4404 si
1026 4359 1096 4405 sam
1129 4336 1237 4403 adbuc
1270 4337 1406 4419 obtines,
1439 4357 1479 4401 cx
1508 4357 1593 4402 nnnc

257 4448 385 4515 realiter
419 4449 547 4515 omnino
583 4447 742 4530 dimittas,
782 4446 994 4512 decernentes
1029 4445 1254 4512 nichilominus
1289 4444 1432 4529 prelatas
1467 4450 1592 4510 nostras

256 4557 405 4622 litteras.
424 4554 592 4624 ..nullius
615 4556 754 4620 existere
778 4553 964 4618 firmitatis.
994 4603 1001 4616 .
1031 4601 1039 4617 .
1086 4552 1162 4617 Dat.
1187 4551 1281 4617 Avin.
1305 4551 1337 4615 X
1363 4550 1407 4615 kl.
1432 4551 1539 4616 martii
1562 4572 1592 4617 a.

258 4663 511 4746 quartodecimo.

418 4813 490 4886 Rea.
509 4815 547 4868 94
565 4828 613 4866 ar.
632 4811 698 4867 407.
