3642 5509
259 407 312 462 ora
816 407 886 462 mar
905 377 991 478 spru
1009 409 1053 463 as.

260 588 395 654 contulit
418 587 460 653 ad
484 588 760 674 archiepiscopum
796 595 829 652 et
853 589 1002 654 comitem
1026 588 1216 673 prelibat0s3
1249 588 1393 672 dictique
1416 587 1594 674 archiepis-

261 715 362 780 copus
385 702 418 762 et
442 716 548 763 eomes
572 716 628 762 seu
652 697 734 762 alter
758 714 867 761 eorum
891 702 1081 778 asserentes,
1118 696 1201 780 quod
1226 696 1312 762 idem
1336 696 1531 762 Guemerius
1554 694 1595 759 de

259 807 360 887 gestis
384 802 566 870 huiusmodi
590 824 652 869 non
678 802 835 868 reddebat
863 803 1041 888 plenariam
1065 803 1230 886 rationem,
1264 810 1419 889 ceperunt
1441 823 1499 869 sen
1522 804 1596 888 capi

259 909 453 976 mandarunt
476 911 637 996 prefatum
655 910 864 976 Gucmerinm
888 929 945 975 sen
962 911 1143 995 captionem
1167 912 1267 996 ipsius
1291 917 1394 976 ratam
1416 911 1596 976 habuerunt

261 1037 396 1101 eumque
426 1019 487 1104 ipsi
512 1019 562 1083 vel
597 1017 679 1083 alter
702 1037 811 1083 eorum
846 1017 990 1082 lecerunt
1020 1017 1089 1082 diro
1122 1018 1244 1083 carceri
1267 1018 1448 1104 mancipari
1483 1026 1516 1083 et
1539 1038 1597 1102 per

261 1145 318 1190 sex
342 1145 442 1190 annos
465 1126 518 1190 vel
542 1126 628 1190 circa
651 1126 683 1189 in
707 1123 794 1189 dicto
812 1107 943 1190 carcere
958 1123 1105 1189 detineri.
1142 1124 1184 1189 Et
1208 1125 1284 1190 licet
1306 1125 1409 1190 freter
1424 1145 1597 1209 germanus

261 1232 361 1317 ipsius
385 1232 553 1298 Guemerii
587 1232 704 1317 pluries
738 1240 771 1296 et
792 1231 936 1297 nonnulli
970 1231 1078 1296 nuncii
1107 1231 1244 1297 diversis
1267 1231 1393 1297 vicibus
1416 1235 1598 1301 successive

261 1338 304 1406 ad
329 1345 437 1424 partes
460 1339 532 1404 illas
556 1341 750 1406 accesserint
767 1340 865 1404 visuri
882 1338 1092 1404 Guemcrium
1115 1338 1313 1404 antedictum
1337 1348 1371 1404 et
1389 1339 1501 1407 scituri
1526 1361 1597 1406 cau·

262 1467 330 1512 sam
354 1444 547 1512 detentionis
570 1447 680 1532 ipsius,
706 1456 812 1512 tamen
836 1444 944 1511 dietus
963 1465 1135 1529 germanus
1158 1453 1191 1510 et
1215 1447 1322 1512 nuncii
1346 1445 1482 1512 eundem
1499 1448 1597 1513 Goer-

261 1555 384 1619 nerium
408 1573 569 1637 nunquam
593 1554 704 1620 videre
727 1555 779 1620 vel
808 1553 928 1637 alloqui
951 1559 1134 1638 potuerunt,
1158 1553 1226 1635 sed,
1261 1554 1344 1619 sicut
1367 1553 1481 1634 fertur,
1511 1553 1600 1619 idem

263 1661 461 1727 Guerncrius
483 1661 633 1744 squalore
666 1668 700 1726 et
723 1662 898 1746 asperitate
922 1661 1062 1727 carceris
1096 1666 1146 1725 est
1179 1659 1261 1725 adeo
1284 1667 1477 1742 maceratus,
1512 1661 1600 1744 quod

263 1768 305 1834 de
329 1769 404 1834 eins
421 1768 489 1833 vita
512 1787 587 1852 spes
610 1763 812 1855 probalbissis
836 1788 900 1832 non
925 1766 1070 1833 habetur.
1118 1765 1224 1845 Quare
1255 1767 1384 1852 prelata
1407 1769 1603 1834 universitas

264 1875 369 1942 eidem
394 1875 571 1942 Guernerio
594 1895 702 1940 corum
735 1875 860 1941 concivi
884 1875 1123 1959 compacientes
1146 1873 1189 1939 ad
1221 1894 1279 1940 nos
1303 1893 1399 1959 super
1423 1874 1484 1941 hoc
1508 1874 1604 1940 duxit

264 1983 425 2048 humiliter
456 1981 693 2048 recurrendum.
751 1981 911 2060 Quocirca
938 1980 1124 2046 discretioni
1159 1987 1267 2046 vestre
1290 2029 1298 2045 .
1324 2030 1366 2046 ..
1399 1981 1603 2064 mandamus,

264 2092 414 2175 quatinus
437 2092 573 2172 vocatis,
608 2091 662 2174 qui
695 2090 814 2155 fuerint
842 2087 1009 2169 evocandi,
1047 2088 1235 2173 simpliciter
1259 2096 1292 2153 et
1327 2089 1369 2154 de
1402 2089 1498 2174 plano
1531 2089 1604 2155 sine

264 2197 400 2283 strepitu
424 2203 456 2262 et
472 2196 574 2282 figura
597 2195 709 2261 iudicii
726 2216 856 2262 cansam
880 2194 1062 2260 huiusmodi
1078 2194 1220 2260 audiatis
1244 2202 1276 2260 et
1299 2194 1361 2261 fine
1383 2195 1492 2262 debito
1517 2196 1606 2262 deci·

266 2303 361 2388 datis,
385 2303 554 2386 facientes,
579 2303 665 2387 quod
690 2303 909 2384 decreveritis,
944 2321 1193 2387 percensuram
1217 2302 1469 2369 ecclesiasticam
1493 2305 1607 2389 appel-

266 2412 385 2477 latione
420 2418 544 2477 remota
578 2411 710 2476 firmiter
745 2410 909 2476 observari
943 2457 950 2473 .
983 2458 990 2474 .
1021 2460 1028 2472 .
1081 2409 1156 2474 Dat.
1193 2408 1286 2474 Avin.
1323 2409 1396 2477 idus
1431 2412 1536 2476 martii
1573 2433 1606 2477 a.

266 2518 373 2586 tertio.

437 2643 510 2713 sep.
530 2641 586 2695 123
604 2656 652 2695 rer.
671 2640 746 2706 329‚·
765 2641 818 2697 Ra.
838 2641 920 2696 1875.

375 2899 502 2968 cess.
528 2900 615 2964 1337
638 2897 741 2985 Aper
764 2901 818 2965 23.
842 2897 1008 2986 Amynan.

376 3041 582 3129 [Benedictus
600 3042 676 3128 XII]
702 3042 873 3128 magnifico
889 3043 958 3108 viro
979 3040 1147 3108 Ludovico
1171 3042 1212 3108 de
1237 3043 1377 3109 Bavaria
1401 3093 1409 3108 .
1435 3094 1442 3108 .
1469 3093 1477 3108 .

377 3152 436 3234 Ea,
471 3169 533 3234 que
566 3168 662 3234 super
693 3151 849 3234 negotiq·
868 3170 927 3235 pro
960 3169 1023 3231 quo
1047 3156 1203 3215 venerumt
1236 3149 1361 3235 pridem
1397 3149 1439 3215 ad
1462 3159 1610 3218 nostram

270 3259 497 3347 presentiam.
524 3305 531 3320 .
558 3307 564 3321 .
601 3257 780 3322 Willclmus
807 3257 996 3325 Iuliocensis
1030 3261 1064 3321 et
1086 3255 1249 3342 Rupertus
1273 3256 1440 3323 Palatinus
1474 3260 1613 3326 comites

271 3367 317 3432 tui
341 3365 459 3447 nuncii,
484 3369 577 3448 gesta
601 3369 684 3446 suut,
720 3382 877 3445 quocum
907 3383 1015 3428 eorum
1041 3363 1289 3429 circumstantiis
1313 3371 1345 3429 et
1369 3366 1615 3450 emergentibus

271 3473 360 3540 brevi
389 3471 558 3554 nequirent
582 3468 810 3555 comprehendi
834 3469 961 3552 cedula,
996 3469 1114 3554 prelati
1137 3469 1197 3534 tibi
1220 3471 1328 3536 nuncii
1353 3471 1479 3556 plenius
1504 3476 1537 3538 et
1561 3493 1614 3539 se·

271 3581 387 3647 riosius
415 3578 536 3644 referre
568 3582 719 3662 poterunt
748 3579 823 3643 viva
855 3597 936 3642 voce
961 3629 969 3645 .
995 3627 1002 3642 .
1028 3627 1036 3642 .
1082 3577 1159 3642 Dat.
1184 3577 1278 3646 Avin.
1304 3578 1400 3643 VIIII
1423 3578 1470 3643 kl.
1495 3580 1614 3646 marcii

272 3711 302 3756 s.
328 3687 438 3755 tercio.

434 3818 507 3889 Rep.
527 3817 628 3888 13210.
648 3816 697 3871 26¹
716 3831 764 3870 nr.
784 3815 843 3883 32;
861 3817 913 3871 Ra.
933 3817 1015 3871 1877.

378 4099 525 4167 *2288
563 4103 649 4166 1337
673 4099 761 4167 Juoa'
785 4098 837 4161 rt.
862 4093 1028 4180 deipnos.

382 4227 586 4294 Benedictus
615 4227 693 4290 XII
724 4225 878 4309 episcopo
918 4217 1126 4284 Traiectecsi
1157 4215 1311 4294 modat,
1346 4213 1508 4298 quatiam
1540 4214 1618 4279 loeo

278 4334 489 4421 deaequescis
512 4335 553 4400 de
576 4333 702 4415 Monte,
732 4353 794 4417 que
817 4327 1014 4413 reciperavit,
1043 4326 1081 4389 ic
1109 4323 1315 4389 meatorum
1339 4321 1474 4386 eceksie
1497 4318 1620 4386 Assia

276 4445 389 4510 densis
406 4443 565 4529 preficiat
590 4441 786 4508 Coloricum
809 4436 850 4502 cle
866 4433 989 4499 Marco
1007 4431 1222 4516 postulatam
1245 4451 1267 4494 u
1290 4429 1439 4514 capitolo
1463 4428 1620 4494 desdam

277 4550 420 4617 ecclesie.

383 4654 576 4725 Benedictus
602 4703 609 4720 .
635 4703 643 4719 .
670 4703 677 4718 .
702 4651 854 4737 episcopo
883 4645 1084 4712 Traiectensi
1109 4692 1117 4708 .
1142 4691 1150 4707 .
1176 4691 1183 4706 .

384 4765 435 4831 Ex
460 4770 609 4849 suscepte
632 4757 797 4828 servitutis
821 4753 926 4823 officio
952 4801 1011 4819 ...
1058 4751 1145 4818 Sane
1167 4769 1268 4835 nuper
1292 4747 1411 4814 dilecta
1434 4747 1469 4813 in
1485 4748 1621 4815 Christo
