3642 5509
247 463 300 522 342
819 461 969 522 1330er
989 461 1013 522 1.

248 649 328 716 bant
352 646 456 714 eidem
486 654 518 713 et
547 646 631 729 quod
663 645 794 730 quidam
819 668 858 713 ex
883 647 980 714 dictis
1012 645 1252 723 adherentibus,
1286 643 1440 711 videlicet
1472 644 1583 712 dilecti

248 759 307 824 filii
333 807 341 824 .
371 808 378 823 .
405 759 506 824 abbas
530 764 562 823 ct
586 763 762 824 conventus
785 758 969 822 monasterii
995 757 1028 823 S.
1053 755 1170 823 Albani
1199 755 1268 823 ord.
1294 754 1413 822 Bened.
1438 756 1583 840 Magunt.

249 867 333 933 dioc.
358 867 467 933 situati
499 866 534 930 in
568 866 705 948 quodam
739 871 847 931 monte
880 865 967 932 dicte
1002 867 1126 932 civitati
1151 866 1248 932 vicini
1272 870 1304 931 et
1334 865 1583 953 supereminenti

250 975 356 1041 eidem
380 996 504 1041 necnon
533 1023 540 1040 .
571 1025 578 1039 .
607 975 748 1040 decanus
781 983 814 1039 et
848 974 1022 1059 capitulum
1047 975 1184 1040 ecclesie
1214 975 1247 1040 S.
1274 975 1413 1040 Victoris
1442 974 1583 1040 eiusdem

252 1082 399 1165 diocesis,
436 1102 498 1164 que
531 1081 660 1164 quidem
695 1082 834 1148 ecclesia
867 1087 916 1146 est
949 1100 1044 1166 super
1067 1080 1191 1146 Renum
1216 1087 1248 1145 et
1271 1100 1329 1166 per
1357 1101 1429 1146 eum
1453 1081 1584 1165 navigia

252 1190 394 1273 quelibet
426 1187 468 1254 ad
501 1190 660 1275 prefatam
694 1190 808 1254 concio
840 1188 1006 1254 civitatem
1041 1190 1208 1254 transitum
1241 1188 1375 1270 iaciunt,
1409 1189 1441 1253 in
1471 1190 1585 1271 quihus

251 1299 443 1363 monasterio
473 1303 505 1362 et
537 1297 677 1363 ecclesia
705 1303 797 1363 erant
827 1302 963 1380 quatuor
987 1302 1090 1363 turres
1114 1296 1179 1361 alte
1203 1301 1236 1361 ct
1259 1296 1369 1378 fortes,
1394 1316 1433 1360 cx
1459 1295 1582 1379 quibus,

250 1405 278 1472 si
302 1407 524 1490 pervenissent
554 1405 596 1471 ad
627 1424 740 1471 manus
771 1404 913 1486 hostiles,
948 1409 1075 1488 poterat
1105 1403 1194 1469 dicta
1224 1403 1339 1470 civitas
1362 1404 1505 1487 graviter
1529 1406 1584 1469 im-

252 1514 400 1598 pugnari,
434 1512 477 1578 ad
504 1515 743 1596 requisitionem
777 1512 856 1577 dicti
884 1511 1119 1597 archiepiscopi
1144 1511 1352 1576 Trcvcrensis
1376 1512 1585 1578 munivissent

251 1626 354 1686 turres
377 1641 417 1685 ac
447 1620 545 1685 etiam
574 1622 801 1686 monasterium
831 1626 864 1684 et
893 1619 1064 1685 ecclesiam
1098 1617 1292 1704 supradicta,
1326 1617 1584 1686 deliberaverunt

253 1748 349 1814 super
372 1727 434 1794 hoc
458 1729 564 1812 potius
588 1734 664 1793 ante
688 1734 815 1812 tempus
831 1746 1011 1807 occurrere,
1037 1745 1131 1809 quam
1148 1732 1222 1811 post
1239 1745 1368 1792 causam
1385 1727 1583 1793 vulneratam

250 1836 376 1901 inutilia
409 1835 551 1901 remedia
583 1836 756 1921 postulare,
790 1841 919 1917 tresque
948 1855 988 1900 ex
1017 1832 1171 1919 predictis
1199 1835 1338 1899 turribus
1361 1840 1492 1919 propter
1517 1853 1584 1918 pre·

250 1942 340 2009 dicta
368 1942 503 2008 vitanda
532 1942 676 2028 pericula
705 1941 869 2008 diruerunt
899 1961 956 2006 scu
986 1941 1068 2005 dirui
1097 1941 1263 2022 fecerunt3
1303 1948 1336 2006 et
1359 1940 1434 2006 dum
1457 1961 1521 2006 una
1545 1960 1584 2005 ex

252 2051 391 2116 turribus
419 2049 498 2115 dicti
531 2050 716 2116 monasterii
750 2049 894 2114 funditus
924 2049 1091 2114 cederetur
1121 2049 1208 2114 circa
1231 2047 1374 2113 radicem
1398 2049 1466 2113 cius
1489 2048 1585 2131 lignis

251 2158 436 2243 suppositis,
469 2163 504 2220 ut
528 2164 579 2222 est
603 2158 709 2236 moris,
742 2158 912 2240 positoque
942 2157 1016 2238 igno
1041 2157 1073 2219 in
1097 2156 1192 2240 lignis
1216 2155 1380 2240 predictis,
1415 2155 1585 2221 casualiter

253 2264 357 2329 subito
381 2263 479 2330 flante
504 2271 600 2330 vento
623 2266 670 2329 sic
694 2266 795 2329 crevit
818 2263 1011 2344 incendium,
1043 2262 1128 2346 quod
1158 2271 1266 2348 preter
1290 2263 1411 2344 turrim,
1437 2283 1498 2345 que
1523 2283 1585 2326 rrna

254 2391 326 2436 cum
351 2370 490 2454 quadam
515 2371 640 2454 capella
664 2371 724 2436 sihi
748 2371 951 2436 incumbente
976 2371 1104 2452 cormit‚
1133 2369 1259 2435 dictum.
1277 2370 1504 2436 monasterium
1528 2389 1586 2453 per

252 2477 373 2543 dictum
402 2477 584 2543 incendium
608 2477 670 2542 fuit
699 2479 907 2544 combustum.
948 2477 997 2542 Ae
1020 2477 1244 2543 nichilominus
1269 2479 1344 2560 quia
1368 2476 1496 2560 quidam
1522 2497 1585 2541 rno-

253 2583 349 2650 nachi
367 2584 446 2650 dicti
461 2586 644 2650 monasterii
661 2605 718 2651 seu
739 2585 911 2669 complices
929 2583 1101 2650 eorundem
1119 2583 1172 2669 [in]
1191 2585 1372 2650 incensores
1389 2583 1475 2649 dicte
1491 2583 1586 2648 turris

253 2712 310 2758 seu
334 2692 414 2757 alios
438 2694 536 2774 cives,
566 2694 620 2776 qui
643 2693 770 2758 iverunt
793 2691 835 2757 ad
859 2691 1032 2757 videndam
1057 2691 1145 2757 dicte
1168 2693 1263 2756 turris
1286 2693 1421 2774 ruinam,
1449 2692 1586 2774 sagittas

254 2799 295 2864 de
320 2799 445 2864 balistis
468 2799 614 2866 emittere
638 2805 898 2885 presumpserunt
915 2805 948 2865 et
964 2799 1088 2882 aliquos
1111 2799 1327 2880 vulnerarunt,
1352 2818 1484 2880 quorum
1506 2817 1587 2862 unus

254 2927 295 2972 ex
327 2907 385 2972 tali
418 2907 611 2991 sagitatione
641 2908 751 2972 existit
774 2909 995 2991 interemptus,
1030 2906 1167 2991 populus
1191 2905 1278 2970 dicte
1303 2907 1445 2970 civitatis
1469 2903 1587 2970 exinde

255 3015 405 3080 commoti
438 3013 549 3079 domos
582 3021 615 3079 et
648 3033 792 3079 cameras
820 3012 962 3078 eiusdem
987 3013 1171 3078 monasterii
1194 3010 1406 3078 incenderunt
1429 3032 1492 3076 non
1516 3011 1587 3077 abs·

254 3135 316 3199 que
350 3115 523 3180 iniectione
557 3135 707 3180 manuum
730 3115 763 3179 in
792 3135 945 3200 personas
973 3113 1052 3179 dicti
1086 3112 1269 3179 monasterii
1303 3120 1423 3179 temere
1445 3114 1588 3179 violenta

254 3223 376 3306 absque
404 3230 511 3287 tamen
540 3223 743 3288 mutilatione
767 3223 819 3288 vel
850 3222 1071 3287 vulneratione
1095 3222 1247 3307 ipsorum,
1277 3221 1368 3286 libris
1391 3219 1587 3306 paramentis

254 3337 287 3395 et
315 3331 406 3396 honis
434 3331 580 3396 omnibus
609 3331 780 3396 mobilibus
810 3329 889 3394 dicti
914 3330 1099 3395 monasterii
1123 3328 1240 3394 exinde
1264 3328 1297 3394 in
1321 3328 1376 3394 illo
1401 3329 1509 3394 furore
1532 3351 1586 3414 po-

253 3438 322 3524 puli
346 3439 529 3523 asportatis.
576 3437 701 3502 Prolati
726 3439 822 3502 etiam
852 3437 989 3522 populus
1018 3436 1183 3502 diruerunt
1210 3457 1273 3501 non
1298 3437 1398 3502 solum
1428 3455 1586 3501 murorum

254 3545 418 3628 ambitum,
443 3546 496 3627 qui
521 3545 677 3609 circuibat
700 3563 810 3609 omnes
835 3543 947 3608 domos
971 3550 1002 3609 et
1026 3542 1197 3609 ecclesiam
1214 3542 1247 3609 S.
1265 3543 1404 3608 Victoris
1427 3545 1587 3628 prefatam

255 3659 419 3733 totamque
451 3671 558 3716 aream
594 3651 705 3735 ipsius,
741 3650 799 3716 sed
835 3651 932 3716 etiam
966 3651 1047 3717 alios
1080 3650 1260 3734 singulares
1292 3670 1398 3716 muros
1430 3650 1588 3715 vallantes

257 3760 361 3824 curias
385 3759 611 3822 canonicorum
635 3755 772 3822 ecclesie
795 3765 969 3822 memorate
997 3806 1055 3824 ...
1084 3757 1151 3824 Nos
1176 3757 1274 3841 igitur
1304 3804 1363 3822 ...
1392 3756 1587 3822 fraternitati

255 3871 360 3932 vestre
378 3913 385 3929 .
404 3915 411 3928 .
431 3915 437 3928 .
453 3863 652 3945 mandamus,
678 3866 852 3947 quatinus.
871 3914 878 3929 .
897 3913 904 3930 .
921 3866 1047 3930 voeatis
1071 3865 1124 3948 qui
1148 3864 1269 3929 iruerint
1293 3862 1460 3946 evocandi,
1485 3865 1511 3928 si

256 3972 462 4056 reppereritis
494 3972 541 4036 ita
574 3991 653 4054 esse,
688 3973 896 4036 camerarium
930 3973 1099 4036 scultetum
1123 3979 1182 4037 etc.
1211 3970 1374 4056 predictos
1397 3971 1437 4034 ab
1462 3989 1588 4034 exeom-

256 4078 480 4143 municationis
503 4079 663 4143 sententia
686 4086 720 4143 et
743 4079 835 4162 penis
858 4078 931 4145 aliis
949 4129 956 4142 .
975 4130 981 4143 .
1000 4129 1007 4143 .
1026 4077 1203 4144 absolvatis
1230 4127 1288 4142 ...
1321 4078 1397 4142 Dat.
1423 4076 1517 4141 Avin.
1541 4075 1586 4138 hl.

256 4184 325 4249 iulii
349 4206 379 4250 a.
404 4184 654 4267 quartodecimo.

405 4309 479 4378 Rep.
498 4311 536 4363 96
552 4325 600 4362 nr.
621 4309 716 4374 3625,·
737 4310 788 4364 aa.
809 4311 889 4364 1339.

364 4485 488 4553 1920.
519 4488 606 4551 1330
628 4489 705 4553 Jolt
731 4490 759 4551 1.
790 4485 955 4572 Aoipnon.

370 4631 537 4696 Iohannes
562 4631 672 4693 XXII
703 4630 953 4713 archiepiscopo
991 4627 1180 4695 Coloniensi
1216 4636 1246 4693 et
1281 4630 1435 4714 episcopo
1460 4627 1583 4714 Arpan-

256 4739 380 4803 tinensi
404 4738 554 4817 mandat,
584 4739 743 4821 quatinus
771 4738 812 4800 ab
843 4737 1199 4801 encommnnicationis
1221 4737 1387 4800 sententia
1412 4736 1589 4801 absolvunt

257 4846 345 4910 cives
370 4846 596 4930 diapenticus.
