3642 5509
769 426 841 487 tara
858 428 933 487 Jnni
952 426 995 487 80.
1497 428 1547 487 161

215 617 309 678 cutus
334 610 426 677 inisti
451 631 554 694 eaque
578 611 686 678 omnia
701 610 900 695 aliquamdiu
917 611 1043 677 insimul
1061 612 1201 696 tenuisti,
1226 611 1308 677 sicut
1325 610 1431 678 adhuc
1448 620 1549 698 tenes,

215 737 276 785 nec
300 725 332 783 te
355 716 465 784 fecisti
494 720 527 783 in
550 720 761 804 presbiterum
790 720 982 804 promoveri,
1006 717 1245 803 dispensatione
1268 740 1364 803 super
1389 719 1449 785 hiis
1472 721 1549 804 legi·

215 826 294 890 tima
328 845 393 890 non
426 826 568 901 obtenta,
604 826 791 908 fructusque
823 826 997 911 percepisti
1031 824 1137 891 medio
1170 832 1313 911 ternpore
1347 846 1387 891 ex
1417 826 1548 892 eisdem.

215 931 321 1010 Quare
345 952 403 1016 pro
427 939 519 1017 parte
543 938 598 998 tua
622 932 685 997 fuit
708 932 799 997 nobis
822 931 984 997 humiliter
1008 931 1210 1017 inplicatam,
1234 939 1270 998 ut
1287 982 1294 1003 .
1312 982 1321 998 .
1339 982 1347 997 .
1367 933 1435 1001 Nos
1451 933 1549 1017 igitur

215 1040 317 1105 omnis
340 1039 599 1124 irregularitatis,
631 1038 844 1105 inhabilitatis
877 1046 910 1105 et
942 1039 1074 1107 infamia
1106 1039 1249 1105 maculas
1282 1040 1351 1105 sive
1383 1048 1476 1106 notas
1508 1062 1549 1106 ex

214 1146 378 1233 premissis
401 1164 459 1231 per
482 1152 515 1210 te
539 1152 724 1211 contractas
751 1194 759 1211 .
786 1195 793 1211 .
821 1194 829 1210 .
855 1130 1021 1212 abolemus
1050 1158 1146 1231 teque
1169 1147 1264 1232 plene
1288 1147 1495 1213 habilitamus
1518 1155 1551 1213 et

214 1254 248 1319 in
271 1254 431 1338 integrum
454 1253 652 1319 restituimus
755 1252 923 1336 dictosque
946 1253 1069 1321 fructus
1092 1256 1152 1320 tibi
1173 1256 1442 1323 remittimus...
1474 1255 1550 1321 Dat.

215 1360 312 1428 huin.
330 1360 423 1425 11k1.
440 1359 510 1425 iulii
526 1381 557 1426 a.
573 1357 775 1427 duodecimo.

375 1484 449 1554 Ray.
468 1486 506 1539 88
521 1484 547 1554 f.
565 1483 613 1539 54¹
631 1500 679 1538 ar.
700 1486 784 1540 3145.

322 1770 447 1838 1500.
473 1774 560 1837 1328
584 1773 672 1838 Juui
694 1772 749 1837 30.
772 1770 939 1857 Avipuou.

323 1915 491 1980 Iobuuuee
520 1915 631 1980 XXII
650 1918 759 1992 trihus
782 1918 1017 1983 concentoribus
1039 1918 1191 2001 maudut,
1219 1919 1379 2003 puutiuus
1402 1919 1550 1984 Heure‘eo

217 2022 258 2086 de
293 2021 480 2105 Virucburp
515 2022 651 2103 (dcuuo)
687 2025 867 2109 conferant
896 2026 1155 2110 preposituram
1190 2025 1323 2090 ecclesie
1357 2025 1551 2091 Buuueueis

214 2148 287 2192 uua
309 2149 385 2193 cum
408 2149 543 2194 uuueuo
567 2128 858 2195 archidiaconatu.

325 2299 498 2385 [lohannes
520 2301 632 2386 XXII]
668 2301 701 2368 S.
727 2301 855 2369 Andree
887 2309 921 2369 et
951 2303 985 2370 S.
1010 2304 1142 2389 Georgii
1166 2304 1276 2372 Gelon.
1304 2303 1483 2371 scolasticis
1512 2325 1551 2371 ac

217 2407 337 2474 Busolo
362 2406 403 2473 de
427 2408 544 2474 Parma
567 2410 722 2476 canonico
746 2409 962 2477 Tornaeensis
985 2411 1064 2477 eccl.

323 2513 484 2582 Nobilitas
507 2515 647 2600 generis,
671 2536 794 2583 morum
817 2515 915 2583 decor
932 2567 940 2583 .
958 2566 991 2583 ..
1021 2518 1107 2584 Sane
1131 2519 1239 2585 oblate
1262 2520 1355 2585 nobis
1378 2539 1435 2606 pro
1459 2525 1552 2605 parte

215 2620 296 2687 dicti
320 2622 450 2687 Henrici
474 2623 529 2704 (de
557 2623 956 2710 Viruemburp'cuuoar'ci
979 2626 1112 2691 ecclesie
1139 2624 1359 2707 Oolouieusc‘s)
1388 2626 1552 2711 petitionis

215 2730 300 2795 serie
315 2727 490 2810 intellecto,
514 2727 599 2811 qnod
624 2727 694 2814 ipse
717 2729 791 2795 olim
817 2732 1025 2798 canonicatus
1042 2738 1075 2797 et
1090 2732 1272 2817 prebendas
1286 2782 1293 2798 .
1308 2782 1338 2799 ..
1357 2733 1552 2819 (Sequentia

215 2844 254 2902 ut
270 2836 308 2901 iu
323 2837 631 2903 transsumam
648 2858 800 2922 persora
822 2840 971 2904 secunda
994 2840 1031 2905 iu
1056 2842 1191 2906 tertiam
1214 2818 1346 2926 usqua)
1370 2846 1552 2906 contractas

217 2941 444 3009 ...duximus
471 2942 649 3009 abolendas
678 2944 846 3029 ipsumque
874 2946 969 3030 plene
999 2945 1238 3013 habilitarimus
1268 2954 1300 3013 et
1323 2947 1482 3031 integrum
1506 2967 1552 3013 re·

216 3050 388 3116 stituimus.
406 3100 414 3115 .
431 3101 438 3115 .
455 3098 462 3113 .
481 3052 560 3117 (ium
584 3051 695 3134 itaque
719 3049 807 3116 dicta
829 3053 1030 3137 prepositura
1054 3052 1198 3120 eiusdem
1216 3055 1392 3120 Bunneusis
1415 3054 1552 3120 ecclesie

217 3177 288 3223 cum
312 3157 577 3225 archidiaconatu
601 3156 748 3242 predicto
772 3159 833 3224 sibi
857 3178 995 3243 annexu,
1020 3161 1071 3225 eui
1095 3162 1296 3245 prepositure
1312 3181 1389 3225 cura
1407 3160 1553 3226 imminet

217 3266 404 3349 animarum,
429 3286 518 3349 quos,
542 3272 578 3330 ut
594 3263 781 3351 predicitur,
806 3268 965 3332 unacum
991 3267 1208 3352 predictarum
1225 3267 1424 3334 Susaciensis
1448 3267 1551 3333 ctSS.

218 3373 444 3458 Apostolorum
467 3372 578 3439 Golou.
612 3372 692 3438 eccl.
727 3374 937 3459 preposituris
970 3374 1090 3439 curatis
1123 3395 1163 3440 ac
1196 3373 1388 3459 parrochiali
1417 3374 1555 3439 ecclesia

217 3478 413 3566 supradictis
441 3480 540 3546 etiam
564 3485 676 3546 contra
699 3480 960 3547 constitutionem
985 3488 1138 3565 nostram,
1164 3501 1225 3565 que
1250 3480 1379 3566 incipit:
1416 3481 1553 3547 Execra-

217 3587 301 3670 bilis,
316 3638 324 3652 .
340 3637 370 3655 ..
387 3586 471 3653 idem
490 3587 646 3653 Henricus
670 3585 712 3653 de
735 3587 825 3653 facto
848 3589 986 3653 retinere
1010 3590 1211 3674 presumpsit,
1236 3589 1347 3672 vigore
1371 3588 1459 3654 dicte
1483 3608 1555 3654 con·

217 3694 394 3760 stitutionis
418 3713 535 3759 vacare
567 3693 608 3760 dc
638 3695 706 3759 iurc
729 3701 903 3760 noscantur
927 3693 968 3760 ad
992 3715 1134 3781 presens,
1167 3716 1226 3761 uos
1254 3745 1261 3760 .
1292 3744 1298 3757 .
1330 3745 1337 3760 .
1366 3694 1555 3761 discretioni

217 3808 325 3868 vestre
442 3799 640 3883 mandamus,
673 3802 824 3884 quatinus
941 3801 1120 3887 predictam
1149 3804 1381 3888 preposituram
1413 3802 1554 3867 eiusdem

217 3908 355 3981 ecclesie
378 3907 559 3975 Bunnensis
583 3928 654 3974 cnm
678 3908 945 3975 archidiaconatu
969 3908 1116 3995 predicto
1135 3960 1142 3975 .
1161 3960 1168 3975 .
1187 3961 1194 3975 .
1212 3908 1316 3976 eidem
1340 3909 1479 3974 Henrico
1503 3908 1555 3975 vel

218 4017 418 4102 procuratori
442 4034 500 4082 suo
617 4016 763 4082 conferre
788 4022 821 4082 et
844 4018 1010 4101 assignare
1035 4019 1152 4084 curetis
1178 4066 1239 4083 ...
1266 4038 1328 4082 nou
1354 4016 1555 4082 obstantibus

217 4122 305 4207 quod
328 4122 415 4189 idem
438 4124 597 4191 Henricus
620 4125 652 4190 in
677 4123 801 4191 eisdem
817 4125 979 4190 Bunnensi
1003 4131 1036 4191 et
1059 4124 1171 4190 maiori
1196 4145 1321 4190 necnon
1343 4123 1402 4191 SS.
1419 4123 1555 4208 Aposto-

217 4230 319 4296 lorum
343 4229 454 4296 Colon.
479 4250 519 4297 ac
542 4231 734 4301 Treverensi
762 4236 796 4297 et
819 4231 999 4298 Susaticnsi
1028 4231 1174 4298 ecclesiis
1199 4232 1406 4299 canonicatus
1431 4237 1463 4297 et
1486 4250 1556 4315 pre-

217 4335 343 4403 bendas
365 4358 406 4403 ac
428 4338 638 4423 prestimonia
660 4358 717 4404 seu
741 4344 847 4405 curtes
870 4337 1017 4405 obtinere
1041 4338 1218 4405 dinoscitur
1241 4338 1453 4424 supradictos.
1494 4337 1554 4403 Vo-

217 4443 332 4527 lumus,
356 4443 443 4529 quod
466 4444 552 4511 idam
569 4446 728 4511 Henricus
751 4445 984 4531 parrochialem
1009 4446 1177 4513 ecclesiam
1194 4446 1227 4511 in
1244 4445 1373 4512 Asbach
1397 4444 1555 4530 prefatam

218 4550 260 4617 ob
284 4553 442 4637 premissa
470 4552 511 4619 de
542 4554 612 4619 iure
634 4558 804 4619 vacantem
828 4553 1002 4619 verbaliter
1030 4560 1063 4618 et
1087 4553 1218 4619 realiter
1241 4553 1368 4619 omnino
1393 4551 1556 4618 dimittere

220 4665 368 4725 teneatur
385 4708 393 4724 .
411 4708 445 4725 ..
492 4660 569 4725 Dat.
593 4659 689 4725 Avin.
714 4660 745 4724 ll
769 4659 815 4724 hl.
839 4659 908 4725 iulii
932 4682 959 4727 a.
983 4660 1185 4727 duodecimo.

370 4788 443 4861 Rep.
462 4789 502 4845 88
518 4790 543 4863 f.
564 4788 629 4847 112¹
642 4806 689 4846 ar.
705 4790 791 4847 3289.

255 4894 345 4944 vnum
361 4895 489 4951 mun
504 4896 536 4945 11.
1308 4878 1343 4941 11
