3642 5509
769 417 838 475 1335
856 419 994 476 Februar
1012 416 1055 475 10.
1521 417 1574 476 481

239 597 457 665 xanctonensi
492 602 635 669 notarius
669 601 755 668 sedis
788 603 966 688 apostolice
999 623 1056 689 per
1078 603 1254 670 Iohannem
1279 603 1378 668 XXII
1408 612 1574 671 assecutus

239 713 287 772 est
315 706 495 791 predictum
525 710 820 777 archidiaconatum
850 711 961 794 itaque
989 712 1095 778 amisit
1124 713 1358 797 preposituram
1382 712 1571 799 predictam.

238 816 354 883 Eidem
378 840 464 904 papa
487 826 631 884 reservat
654 819 687 884 in
712 819 789 884 eccl.
817 820 978 886 Bunnensi
1002 819 1209 905 prebendam.

345 926 395 990 Ex
419 934 511 1011 parte
535 933 589 991 tue
613 927 908 1012 circumspectionis
938 977 945 992 .
976 976 983 991 .
1013 976 1020 991 .
1068 928 1144 992 Dat.
1170 928 1263 993 Avin.
1289 929 1321 992 II
1351 928 1395 993 kl.
1420 928 1573 994 februarii

238 1055 267 1100 a.
292 1035 406 1119 primo.

343 1144 381 1208 In
406 1162 433 1207 e.
458 1163 499 1207 nr.
532 1143 631 1227 priori
659 1142 701 1208 de
731 1142 931 1209 Castronovo
961 1143 1200 1226 Magalonensis
1229 1143 1312 1209 dioc.
1343 1150 1375 1208 et
1403 1145 1567 1229 preposito

237 1249 271 1316 S.
298 1249 445 1317 Severini
470 1249 580 1316 Goion.
615 1271 654 1318 ac
683 1251 800 1317 Busolo
829 1250 869 1318 de
899 1251 1015 1317 Parma
1050 1253 1205 1318 canonico
1229 1251 1442 1318 Tornacensis
1473 1253 1573 1319 eccle·

236 1379 365 1425 starum.

396 1486 469 1554 Bep.
489 1484 547 1539 120
564 1500 611 1538 nr.
631 1487 685 1554 68;
705 1487 756 1541 Ra.
777 1485 860 1540 1699.

342 1764 470 1833 2225.
508 1767 594 1833 1335
619 1767 772 1833 Fehraur
797 1768 849 1832 10.
873 1765 1039 1853 Aoipnoa.

342 1909 519 1976 Gasbertns
544 1911 742 1976 Arelatensis
770 1910 1033 1996 archiepiscopus
1057 1908 1177 1975 domini
1205 1928 1289 1995 pape
1319 1909 1513 1976 camerarius
1537 1917 1571 1976 et

235 2015 341 2082 Guido
355 2016 517 2103 Badulphi
535 2018 779 2084 archidiaconus
790 2018 988 2102 Agathensis
1004 2018 1078 2084 olim
1097 2017 1150 2083 fei.
1167 2016 1291 2083 record.
1309 2017 1461 2084 Iohannis
1471 2019 1570 2084 XXII

234 2124 453 2191 thesaurarius
471 2132 639 2206 testantur,
660 2126 744 2209 qnod
762 2133 827 2191 tarn
844 2133 988 2211 tempore
1008 2125 1188 2191 vacationis
1211 2124 1297 2191 sedis
1320 2125 1497 2210 apostolice
1513 2146 1571 2211 pcr

235 2232 356 2297 obitum
386 2233 455 2298 Ioh.
484 2233 584 2298 XXII
618 2254 712 2316 quam
746 2240 818 2319 post
852 2234 1047 2298 creationem
1072 2231 1241 2299 Benedicti
1264 2232 1341 2315 XII,
1375 2233 1527 2298 videlieet
1550 2255 1571 2298 a

234 2337 287 2404 die
315 2340 398 2405 XIII
434 2343 551 2407 mensis
587 2341 767 2406 decembris
803 2360 902 2424 usque
940 2339 982 2405 ad
1018 2339 1103 2405 diem
1132 2339 1244 2405 XVIII
1279 2342 1397 2406 mensis
1434 2339 1570 2406 ianuarii

233 2448 378 2532 proxime
402 2449 636 2532 preteritorum,
657 2448 803 2515 diversas
822 2455 1013 2534 receperunt
1035 2449 1068 2512 in
1092 2468 1219 2513 camera
1240 2449 1420 2533 apostolica
1434 2449 1570 2534 pecunie

235 2555 448 2636 quantitates,
482 2555 564 2620 inter
598 2577 677 2639 quas
708 2561 948 2621 enumerantur:
982 2577 1001 2620 a
1028 2554 1212 2640 „Walramo
1242 2555 1486 2640 archiepiscopo
1510 2555 1569 2622 Co·

234 2661 369 2726 loniensi
397 2682 455 2746 pro
486 2663 718 2747 complemento
747 2665 796 2730 sui
826 2665 1002 2729 communis
1026 2663 1154 2729 servicii
1179 2662 1242 2729 duo
1266 2663 1354 2728 milia
1379 2665 1570 2747 quingentos

234 2767 365 2834 floren.“

397 2875 492 2947 Oblip.
512 2879 540 2931 et
558 2876 653 2932 Solet.
673 2880 709 2933 17
727 2879 752 2948 f.
772 2881 818 2932 45.
840 2905 871 2917 —·
892 2879 1010 2933 Eadem
1028 2877 1104 2932 Iatr.
1124 2879 1152 2932 et
1170 2875 1256 2932 Emit.
1275 2879 1329 2931 116
1344 2877 1369 2947 f.
1389 2879 1441 2933 12.

336 3149 466 3218 22211.
503 3155 590 3219 1335
614 3155 768 3220 Fehroor
790 3156 844 3218 22.
869 3151 1036 3241 Aoipaoa.

339 3294 534 3362 Benedictus
557 3297 623 3362 XII
659 3296 861 3363 Theoderico
886 3297 1038 3363 Herherti
1068 3297 1109 3362 de
1131 3297 1326 3381 Novimagio
1356 3298 1511 3382 magistro
1535 3297 1567 3362 in

231 3400 355 3468 artibus
385 3404 509 3469 confert
538 3405 616 3471 eccl.
647 3405 681 3472 S.
706 3404 835 3472 Andree
860 3405 971 3472 Bolon.
1002 3407 1237 3488 canonicatum,
1271 3405 1467 3492 prebendam
1491 3426 1567 3471 vero

232 3508 336 3574 eidem
361 3518 514 3578 reservat.

337 3618 532 3685 Litterarum
558 3620 704 3700 scientia,
729 3622 795 3686 vite
813 3667 820 3683 .
840 3671 846 3685 .
866 3669 874 3685 .
914 3622 990 3685 Dat.
1008 3621 1103 3686 Avin.
1122 3620 1201 3685 VIII
1221 3620 1266 3686 kl.
1284 3621 1389 3685 martii
1407 3641 1436 3685 a.
1453 3621 1565 3706 primo.

337 3727 419 3791 Ine.
438 3747 479 3792 ιιι.
504 3727 720 3794 Embricensis
737 3735 769 3794 et
785 3727 971 3795 Zcflieensis
988 3729 1128 3795 Traiect.
1146 3735 1179 3794 et
1196 3729 1305 3795 Bolon.
1329 3728 1413 3795 dioc.
1435 3727 1567 3794 decanis

230 3853 270 3899 ac
293 3835 412 3901 Iacobo
437 3834 478 3899 de
502 3835 625 3900 Mutina
648 3838 804 3902 canonico
829 3836 1073 3904 Cameracensis
1097 3838 1315 3904 ecclesiarum.

390 3959 463 4028 Bep.
486 3960 540 4013 120
559 3975 606 4012 ar.
625 3961 695 4023 3955
716 3961 768 4014 122.
789 3963 867 4016 1711.

336 4244 464 4312 2227.
495 4248 581 4311 1335
604 4247 703 4312 Mdrz
727 4250 780 4311 22.
805 4245 970 4334 Aor'paoo.

335 4388 529 4454 Benedictus
551 4389 650 4453 XXII
673 4390 916 4476 archiepiscopo
942 4390 1126 4459 Goioniensi
1150 4391 1293 4474 mandat,
1318 4393 1468 4475 quatinus
1492 4414 1564 4459 enm

229 4496 366 4560 Henrico
391 4495 432 4561 de
449 4496 603 4581 Sugtcleu
628 4499 745 4564 scolari
763 4499 875 4564 Goion.
893 4499 978 4565 dioc.
1004 4499 1045 4565 de
1068 4501 1247 4586 presbitero
1272 4510 1304 4566 et
1327 4503 1433 4568 soluta
1453 4505 1564 4587 genito

227 4602 400 4688 dispenset,
431 4612 465 4668 ut
489 4624 551 4669 non
576 4606 726 4672 obstante
750 4606 881 4672 defectu
906 4608 1062 4673 natalium
1086 4607 1130 4673 ad
1153 4629 1264 4674 omnes
1288 4608 1417 4674 ordines
1441 4630 1564 4694 promo·

225 4711 293 4774 veri
326 4719 358 4775 et
392 4711 579 4776 heneficium
613 4714 876 4797 ecclesiasticum,
911 4715 1009 4780 etiam
1038 4717 1065 4780 si
1096 4735 1204 4781 curam
1228 4714 1349 4783 habeat
1372 4718 1561 4800 animarum,

226 4819 371 4883 obtinere
396 4819 505 4902 possit.
