3642 5509
286 473 339 531 248
868 474 935 528 1329
954 472 1014 528 Mai
1032 471 1075 528 m.

394 655 514 721 Gratas
538 653 787 721 admodum...
810 655 988 722 nobilitatis
1012 663 1066 720 tue
1089 655 1214 720 litteras
1236 658 1403 738 gratanter
1426 653 1619 738 accepimus,

287 783 327 828 ex
352 783 484 846 quarum
509 763 592 828 serie
615 763 681 845 illo,
714 761 865 846 carelli,
892 763 1067 828 voluntatis
1090 761 1253 826 intellecto
1277 760 1452 844 proposito,
1477 759 1620 842 quodie

286 889 400 954 gerere
416 870 542 953 asseris,
567 871 639 936 illos
663 870 863 936 scismaticos
879 890 919 936 ac
942 870 1058 954 impios
1082 867 1134 933 dci
1159 873 1285 934 nostros
1301 874 1334 932 et
1350 867 1487 932 ecclesie
1510 868 1620 932 matris

287 983 341 1043 tue
372 976 512 1060 fideique
546 977 706 1044 catholice
738 978 893 1060 inimicos,
931 977 972 1042 de
1002 977 1116 1059 quibus
1149 977 1181 1040 in
1211 973 1332 1040 eisdem
1361 973 1479 1040 litteris
1500 975 1620 1040 mentio

288 1084 476 1160 habebatur,
502 1103 559 1170 per
582 1092 615 1150 te
635 1086 819 1168 amicosque
843 1091 924 1164 tuos,
949 1085 976 1149 si
993 1084 1057 1149 tuis
1073 1083 1155 1149 forte
1171 1083 1222 1148 vel
1247 1100 1355 1147 eorum
1380 1081 1474 1146 terris
1497 1101 1620 1168 recerp-

286 1191 386 1257 serint
409 1194 508 1273 (sicr),
531 1190 756 1276 persequendi,
790 1213 885 1276 super·
909 1192 970 1256 hoc
998 1191 1201 1256 devotionem
1231 1197 1318 1254 tuam
1342 1187 1448 1274 dignis
1472 1189 1620 1255 duximus

286 1299 320 1362 in
343 1297 471 1364 domino
495 1298 645 1366 laudibus
668 1298 889 1382 attollendam,
924 1307 1076 1383 rogantes
1100 1318 1170 1363 eam
1195 1304 1228 1362 et
1250 1299 1394 1382 paternis
1416 1300 1619 1366 suasionibus

288 1405 467 1472 excitantes
500 1414 633 1488 attente,
667 1415 702 1471 ut
726 1406 758 1470 in
784 1405 845 1472 hac
878 1407 1010 1472 salutari
1038 1407 1203 1472 voluntate
1233 1406 1407 1491 persistens
1436 1407 1484 1471 sic
1508 1427 1564 1492 per
1588 1414 1620 1473 te

286 1511 454 1597 dictosque
477 1515 599 1580 amicos
622 1521 702 1594 tuos,
727 1516 754 1580 si
779 1535 872 1580 casus
896 1521 1088 1596 occurreret,
1121 1513 1297 1598 prelibatus
1326 1513 1515 1597 perditionis
1538 1515 1620 1582 lilios

284 1621 445 1706 sagaciter
467 1624 577 1687 venari
602 1642 752 1707 procures
775 1629 807 1686 et
831 1623 979 1707 persequi
1003 1620 1185 1705 diligenter,
1216 1622 1268 1703 qui
1293 1628 1460 1704 venantur,
1490 1630 1525 1686 ut
1550 1642 1618 1706 per·

285 1729 386 1793 imant
410 1729 533 1794 animas
556 1729 688 1811 alienas,
718 1727 802 1811 quod
826 1730 887 1813 ipsi
911 1728 1006 1813 tusis]
1038 1748 1095 1794 seu
1119 1738 1244 1794 tuorum
1268 1749 1382 1795 manus
1406 1728 1545 1796 evadere
1568 1749 1620 1794 ne·

285 1842 404 1917 queant
427 1842 460 1900 et
484 1855 541 1920 pro
565 1835 749 1920 dampnatis
772 1838 911 1921 ipsorum
937 1834 1101 1900 demeritis
1125 1836 1157 1900 in
1182 1837 1316 1919 laqueos
1340 1835 1483 1902 incidant
1507 1837 1621 1902 merite

286 1943 415 2007 ultionis
432 1991 439 2007 .
458 1990 491 2006 ..
518 1942 666 2008 Ceterum
691 1942 763 2025 hiis,
789 1962 850 2026 que
873 1943 997 2009 inclusa
1022 1943 1223 2028 presentibus
1247 1945 1389 2009 continet
1413 1941 1537 2024 cedula,
1562 1962 1620 2028 per

286 2057 329 2131 te,
353 2047 409 2131 fili,
434 2048 531 2114 fidem
556 2048 888 2116 volumusindubiam
913 2049 1070 2115 adhiberi.
1103 2051 1178 2118 Dat.
1197 2051 1246 2115 III
1270 2048 1344 2117 idus
1366 2050 1441 2116 maii
1465 2071 1494 2114 a.
1510 2051 1621 2115 tercio

286 2153 423 2220 decimo.

445 2261 519 2332 Rep.
537 2264 591 2316 116
607 2277 656 2331 ps.
675 2263 695 2316 I
708 2261 732 2331 f.
752 2263 791 2316 99
808 2277 856 2317 nr.
877 2264 942 2317 570.

389 2550 513 2617 *1718
553 2554 639 2618 1329
661 2555 734 2618 Mai
756 2556 810 2618 27.
842 2552 1006 2640 Aviqnon.

389 2692 549 2762 lohannes
562 2695 660 2760 XXII
686 2697 848 2780 preposito
873 2697 1009 2763 ecclesie
1025 2697 1211 2764 Monasterii
1234 2700 1266 2763 in
1284 2698 1470 2782 Meynevelt
1485 2697 1617 2762 Trever.

286 2799 370 2866 dioc.
387 2799 529 2885 mandat,
555 2801 705 2885 quatinus
721 2823 770 2886 ea,
796 2822 856 2885 que
880 2803 1031 2870 debonis
1054 2806 1238 2870 monasterii
1262 2804 1448 2870 monialium
1472 2803 1513 2869 de
1524 2803 1617 2868 Valle

285 2907 319 2972 S.
343 2907 445 2973 Marie
468 2929 568 2993 prope
592 2907 797 2994 Lucemburg
820 2930 877 2995 per
900 2911 1084 2996 priorissam
1107 2912 1192 2977 soliti
1216 2911 1391 2996 gubernari
1415 2911 1482 2976 ord.
1508 2911 1542 2976 S.
1557 2911 1619 2975 Au·

284 3022 368 3099 gust.
394 3014 567 3080 secundum
592 3017 739 3082 instituta
763 3023 795 3081 et
819 3017 877 3082 sub
902 3038 979 3082 eura
1002 3017 1136 3083 fratrum
1162 3018 1229 3084 ord.
1244 3018 1486 3084 Prediostorum
1509 3019 1618 3084 viven-

285 3122 362 3187 tium
395 3122 537 3187 alienata
567 3121 726 3189 invenerit
758 3123 870 3189 illicite
903 3125 955 3189 vel
988 3124 1154 3201 distracta,
1191 3125 1232 3191 ad
1260 3127 1310 3192 ius
1333 3132 1365 3192 et
1390 3126 1618 3211 proprietatem

285 3227 426 3294 eiusdem
451 3229 594 3314 legitime
617 3249 771 3297 revocare
795 3238 953 3316 procuret.

391 3335 590 3401 Dilectarum
614 3335 646 3400 in
671 3336 798 3404 Christo
821 3337 957 3404 filiarum
988 3393 994 3408 .
1025 3393 1032 3408 .
1062 3391 1069 3405 .
1121 3341 1195 3405 Dat.
1221 3341 1317 3408 Avin.
1344 3340 1389 3405 VI
1416 3339 1460 3405 kl.
1486 3341 1563 3405 iunii
1587 3361 1617 3405 a.

284 3441 516 3508 tertiodecimo.

451 3567 516 3621 Van
539 3567 684 3632 Wervelce,
718 3563 891 3621 Cartuloire
920 3567 964 3622 du
989 3565 1118 3622 Prieure
1147 3569 1183 3624 de
1202 3567 1400 3629 Morientbal,
1431 3568 1467 3622 II
1481 3584 1530 3623 nr.
1550 3568 1617 3623 359.

446 3654 508 3721 (Or.
529 3653 564 3708 in
583 3655 664 3716 arob.
686 3655 842 3719 Lnaeemb.)

390 3942 506 4009 1⁷19.
533 3945 619 4008 1329
644 3946 716 4009 Μαί
740 3945 792 4008 29.
818 3944 984 4030 Aoipaoo.

392 4085 551 4151 Iohannes
576 4085 674 4150 XXII
707 4085 845 4151 Iordano
870 4086 910 4152 de
935 4087 1024 4170 Egmc
1048 4089 1174 4155 conlert
1197 4091 1276 4154 eccl.
1302 4091 1339 4154 B.
1365 4090 1466 4155 Mario
1489 4091 1618 4154 Traiec-

284 4193 384 4258 tensis
408 4193 643 4276 canonicatum,
668 4192 864 4277 prebendam
881 4215 957 4260 vero
977 4194 1082 4260 eidem
1107 4204 1261 4278 reservat,
1286 4197 1514 4264 nonobstante
1531 4195 1616 4280 qnod

284 4299 517 4386 pamocbialem
543 4300 712 4366 ecclesiam
737 4301 778 4364 de
802 4299 985 4368 Gumaniclr
1010 4303 1120 4369 Oolon.
1146 4304 1230 4370 dioc.
1255 4306 1387 4371 obtinet.

390 4407 612 4493 Suffragantia
634 4408 693 4473 tibi
717 4411 853 4474 merita.
881 4458 887 4473 .
914 4458 921 4474 .
968 4412 1044 4475 Dat.
1073 4412 1167 4478 rivin.
1192 4413 1259 4477 llll
1282 4413 1328 4478 kl.
1353 4413 1432 4479 iunii
1455 4435 1485 4479 a.
1510 4413 1618 4480 tertio

283 4514 419 4581 decimo.

389 4623 428 4688 In
451 4642 479 4688 e.
504 4644 545 4687 m.
580 4623 613 4689 S.
638 4623 740 4688 Marie
763 4623 805 4689 ad
829 4624 951 4708 gradus
979 4625 1090 4692 Oolon.
1116 4634 1149 4692 et
1172 4627 1367 4695 Xanctensis
1396 4627 1506 4694 Goion.
1530 4627 1615 4694 dioc.

282 4727 415 4795 decanis
439 4728 729 4796 coarchidiacono
753 4731 963 4798 Nannetensi.

431 4861 503 4931 Περ.
523 4859 560 4914 91
577 4861 601 4932 f.
622 4860 679 4916 152
696 4875 744 4913 nr.
767 4861 851 4915 2450.
