3642 5509
788 449 857 506 1827
876 450 995 507 Januar
1015 450 1058 506 24.

372 649 488 715 llas.
526 651 612 716 1327
636 651 775 717 Jarracr
795 651 849 716 24.
880 648 1045 737 Aoipaoa.

372 791 532 859 Iohannes
548 792 647 858 XXII
671 793 847 878 Gumperto
871 792 959 859 dicto
981 792 1022 859 de
1041 793 1153 878 blorpe
1177 792 1301 859 confert
1317 793 1397 860 eccl.
1414 791 1598 857 Werdensis

266 899 375 967 Oolon.
394 899 477 966 dioc.
502 899 724 967 canonicatum
749 920 821 965 cum
844 899 1010 986 prebenda
1026 900 1068 966 ad
1085 921 1216 986 presens
1231 906 1369 968 vacante
1385 900 1438 966 vel
1453 900 1597 985 proxime
1675 979 1680 988 Ι

266 1013 431 1073 vacatura.

372 1111 555 1180 Laudabile
578 1113 792 1178 testimoninm
809 1166 816 1181 .
835 1160 869 1179 ..
901 1112 978 1178 Dat.
1004 1111 1098 1178 Avin.
1122 1112 1219 1178 Vllll
1243 1111 1288 1178 kl.
1312 1112 1466 1179 februarii
1489 1134 1519 1179 a.
1543 1134 1597 1179 un-

266 1219 401 1287 decimo.

372 1328 411 1393 ln
434 1347 462 1393 e.
479 1348 520 1392 m.
557 1327 750 1394 xanctensis
778 1333 811 1393 et
834 1325 1046 1394 Esscndensis
1080 1327 1288 1394 ecclesiarum
1322 1327 1455 1395 decanis
1487 1328 1596 1395 Gelon.

266 1433 350 1501 dioc.
383 1453 423 1500 ac
456 1435 610 1520 magistro
633 1435 752 1501 Iacobo
777 1433 818 1501 de
843 1435 966 1501 Mutina
995 1434 1150 1501 canonico
1175 1435 1400 1503 cameracensi
1429 1437 1596 1522 capellano

265 1540 384 1626 papali.

425 1629 499 1701 Rep.
518 1631 558 1686 82
573 1630 599 1700 f.
617 1629 683 1686 312‘
700 1645 748 1685 ar.
768 1630 831 1686 788.

372 1888 487 1956 1127.
511 1891 598 1956 1327
621 1890 761 1956 Jcaacr
778 1893 832 1957 27.
857 1889 1024 1978 Aoipaorr.

378 2034 547 2099 Iohannes
570 2034 682 2099 XXII
715 2035 919 2101 Theoderico
949 2035 990 2101 de
1013 2037 1105 2120 Repe
1137 2036 1269 2122 confert
1301 2036 1535 2102 canonicatum
1565 2043 1597 2100 et

261 2142 470 2226 prebendam
494 2141 627 2207 ecclesie
651 2141 690 2206 B.
716 2143 826 2208 Marte
850 2143 896 2208 ad
918 2144 1047 2230 prodar
1072 2141 1185 2210 Colca.

373 2263 545 2348 [lohannes
568 2265 680 2353 XXII]
716 2265 919 2334 Theoderico
943 2266 984 2333 de
1007 2267 1096 2353 Reys
1120 2268 1275 2334 canonico
1299 2266 1435 2333 ecclesie
1458 2265 1492 2332 S.
1519 2265 1597 2330 Bar-

266 2369 418 2439 tholomci
442 2371 544 2438 Leod.
568 2372 652 2440 dioc.

372 2479 585 2564 Exigentibus
609 2488 663 2548 tue
686 2480 857 2568 probitatis
883 2530 890 2546 .
918 2531 927 2548 .
954 2532 961 2548 .
988 2482 1074 2549 Sane
1098 2482 1207 2550 oblata
1229 2483 1322 2549 nobis
1344 2501 1402 2568 pro
1425 2486 1518 2568 parte
1541 2488 1597 2546 tua

265 2586 385 2672 peticio
417 2588 612 2672 continebat,
648 2589 734 2673 quod
766 2589 887 2658 dudum
921 2591 1111 2658 canonicatu
1140 2596 1173 2657 et
1200 2588 1365 2677 prebenda
1392 2587 1529 2655 ecclesie
1558 2588 1595 2654 B.

267 2693 366 2760 Maria
398 2692 440 2759 ad
473 2694 594 2779 gradm
618 2695 815 2764 boloniensis
847 2717 904 2783 per
932 2698 1052 2764 obitum
1077 2697 1236 2782 quondam
1260 2697 1390 2764 Ecberti
1414 2695 1455 2762 de
1479 2695 1596 2762 Susato

267 2849 299 2867 ..
319 2850 326 2866 .
344 2802 534 2870 vacantibus
551 2852 558 2868 .
577 2852 585 2868 .
603 2851 610 2868 .
629 2803 771 2872 decanus
804 2811 836 2872 et
870 2805 1045 2891 capitulum
1077 2805 1220 2872 eiusdem
1253 2805 1416 2872 ecclesie.
1435 2853 1468 2868 ..
1490 2801 1597 2869 dictos

266 2909 488 2975 canonicatum
513 2915 546 2976 et
567 2910 763 2996 prebendam
788 2911 949 2997 quondam
973 2911 1146 2980 Gotscalco
1174 2913 1215 2979 de
1239 2913 1401 2996 Heringen
1425 2909 1595 2976 scolastico

265 3011 366 3096 ipsius
400 3012 537 3080 ecclesie
572 3015 773 3080 contulerunt
806 3017 974 3102 ipsumque
1000 3066 1007 3080 .
1031 3065 1039 3081 .
1062 3068 1068 3082 .
1092 3021 1292 3101 receperunt,
1328 3013 1488 3099 quodque,
1524 3031 1595 3078 cum

264 3119 479 3204 Engelbertns
502 3119 609 3187 dictus
626 3121 783 3188 Dnrharst
807 3122 848 3189 de
864 3123 1008 3205 Colonia,
1036 3121 1089 3208 qui
1106 3122 1244 3189 nondum
1269 3121 1409 3189 clericali
1433 3125 1597 3186 caractere

264 3224 436 3310 insignitus
468 3227 610 3296 existens
642 3235 791 3315 pretextu
824 3230 1022 3313 quarundam
1055 3231 1232 3297 litterarum
1261 3228 1510 3315 apostolicarum
1540 3245 1596 3311 per

265 3332 394 3400 eosdem
427 3333 583 3402 decanum
613 3345 645 3404 et
674 3337 850 3422 capitulum
882 3338 1070 3423 ignoranter
1101 3341 1135 3404 in
1162 3336 1275 3403 eadem
1307 3336 1396 3402 nulla
1418 3341 1495 3402 tunc
1517 3332 1596 3398 inibi

265 3439 429 3525 prebenda
451 3449 589 3509 vacante
612 3451 761 3530 receptus
784 3444 889 3511 fuerat
913 3446 946 3510 in
970 3445 1183 3512 canonicum.
1203 3495 1210 3509 .
1229 3494 1237 3511 .
1254 3463 1312 3531 per
1335 3447 1595 3510 executores...

264 3546 305 3612 de
322 3547 449 3632 prefata
472 3549 637 3635 prebenda
660 3551 721 3618 sibi
738 3552 900 3639 provideri
916 3551 1058 3636 fecisset,
1082 3551 1161 3618 dicti
1186 3551 1328 3617 decanus
1351 3555 1385 3617 et
1408 3547 1595 3633 capitulum,

265 3673 337 3719 cum
369 3657 569 3740 pervenisset
601 3656 644 3722 ad
677 3678 732 3725 eos
764 3658 883 3726 dictum
918 3660 1148 3744 Engelbertum
1187 3665 1330 3745 tempore
1361 3653 1596 3742 impetrationis

264 3761 444 3827 litterarum
471 3783 510 3829 ac
540 3765 733 3852 receptionis
765 3766 947 3833 huiusmodi
980 3767 1131 3833 clericum
1164 3787 1227 3832 non
1259 3765 1370 3844 fuisse,
1406 3763 1447 3829 ab
1481 3760 1595 3829 eadem

265 3869 444 3954 provisione
467 3869 510 3937 ad
533 3871 642 3938 sedem
666 3875 875 3959 apostolicam
901 3874 1104 3960 appellarunt
1124 3881 1156 3940 et
1178 3893 1273 3960 super
1296 3870 1515 3958 appellatione
1537 3887 1596 3935 sna

265 3975 445 4043 huiusmodi
469 3979 664 4064 apostolicas
688 3979 782 4047 ad..
804 3981 1010 4048 scolasticum
1034 3981 1171 4048 ecclesie
1195 3981 1229 4048 S.
1246 3979 1392 4048 Severini
1417 3977 1527 4045 Oolon.
1542 4026 1550 4042 .
1565 4023 1594 4042 ..

264 4083 389 4151 litteras
420 4085 630 4172 impetrarunt
653 4094 686 4153 et
710 4088 850 4172 tandem,
885 4108 956 4154 cum
985 4090 1019 4154 in
1042 4108 1140 4155 cansa
1163 4086 1390 4174 appellationis
1414 4081 1595 4151 huiusmodi

267 4211 373 4256 coram
398 4191 510 4259 eodem
533 4194 705 4262 scolastico
729 4197 812 4261 inter
840 4203 950 4282 partes
973 4197 1061 4282 ipsas
1084 4215 1269 4281 processum
1294 4190 1491 4278 aliquamdiu
1515 4192 1595 4257 exti-

266 4297 367 4376 tisset,
391 4320 449 4385 pro
473 4308 565 4387 parte
588 4301 689 4388 ipsius
712 4302 900 4386 Engelberti
916 4301 960 4368 ad
976 4301 1084 4368 sedem
1102 4303 1210 4368 extitit
1226 4300 1425 4388 appellatum
1448 4297 1595 4380 eandem,

265 4404 321 4472 sed
355 4405 441 4472 idem
474 4406 662 4474 scolasticus
695 4409 905 4495 appellationi
932 4397 1113 4476 huiusmodi
1143 4416 1305 4493 tamquam
1329 4406 1442 4472 frivole
1465 4405 1595 4471 minime

266 4513 426 4590 deferens,
456 4520 569 4580 contra
591 4514 727 4581 eundem
752 4516 979 4600 Engelbertum
1004 4515 1209 4582 diffinitivam
1227 4565 1234 4582 .
1253 4563 1286 4580 ..
1310 4512 1501 4581 sententiam
1525 4532 1595 4597 pro-

265 4621 431 4706 mulgavit,
456 4619 606 4705 quodque
629 4621 734 4688 dictus
751 4622 964 4706 Engelbertus
987 4622 1020 4687 in
1044 4642 1141 4689 causa
1164 4621 1390 4708 appellationis
1411 4641 1468 4687 sue
1492 4618 1595 4685 buius·

265 4727 353 4795 modi
385 4727 471 4814 apud
504 4728 613 4795 sedem
645 4728 806 4814 prefatam
830 4779 837 4794 .
861 4779 868 4794 .
892 4778 899 4793 .
922 4729 1107 4812 magistrum
1132 4729 1338 4794 Gnillermum
1364 4727 1405 4794 dc
1428 4727 1594 4793 Duroforti

267 4836 469 4926 capellanum
493 4843 682 4904 nostramet
704 4837 803 4902 nostri
827 4834 941 4923 palatii
964 4835 1059 4921 primi
1081 4835 1202 4921 gradus
1225 4836 1402 4902 auditorem
1427 4855 1594 4902 cansarum
