3642 5509
833 387 900 442 1331
920 385 1006 458 April
1025 389 1067 444 20.
1566 391 1620 447 407

390 567 499 632 Primo
524 567 609 651 quod
634 588 704 634 cum
722 618 729 633 .
749 617 782 632 ..
807 568 913 635 dictas
937 576 1001 635 trcs
1025 570 1173 636 civitates
1197 569 1359 637 dimittere
1383 577 1539 638 teneatur.

433 692 525 747 Instr.
545 689 647 757 misc.,·
669 692 720 747 Re.
741 693 823 747 1310.

387 956 520 1023 2038.
552 958 637 1021 1331
653 957 753 1040 April
776 957 830 1019 20.
855 953 1021 1042 Aoipnon.

390 1098 561 1184 [lohannes
585 1096 696 1182 XXII]
720 1097 871 1184 Adolpbo
896 1100 1047 1184 episcopo
1072 1097 1254 1165 Leodiensi.

389 1208 547 1274 (inventes
578 1213 673 1291 grata
707 1226 800 1290 quam
833 1207 1013 1291 plurimum,
1047 1227 1109 1290 que
1142 1207 1234 1272 nobis
1263 1208 1417 1274 intimasti
1444 1211 1617 1277 novissime

281 1317 364 1382 inter
387 1322 429 1399 te,
454 1315 563 1397 frater,
588 1321 620 1379 et
733 1314 1013 1399 archiepiscopum
1038 1314 1259 1381 coloniensem
1288 1365 1347 1380 ...
1375 1318 1547 1383 concordie
1570 1319 1616 1384 fc·

281 1421 360 1489 dcra
383 1421 579 1505 confirmata,
611 1423 686 1504 quia
709 1442 805 1506 super
828 1421 890 1486 boc
915 1421 1192 1487 exhortationibus
1217 1424 1334 1490 uostris
1357 1424 1560 1508 acquievisse
1583 1432 1638 1491 tc·

280 1531 437 1615 novimus,
466 1530 702 1596 fraternitatem
731 1528 807 1594 inde
832 1536 919 1594 tuam
945 1528 1051 1612 dignis
1076 1529 1109 1593 in
1133 1527 1261 1595 domino
1285 1530 1435 1597 laudibus
1458 1552 1616 1598 commen·

281 1638 405 1706 damus.
451 1638 528 1704 Dat.
553 1638 618 1703 XII
641 1637 687 1703 kt.
712 1637 787 1702 maii
810 1658 839 1701 a.
865 1636 941 1701 XII.

442 1763 515 1833 Rep.
536 1764 589 1817 116
606 1762 631 1835 f.
650 1763 704 1817 107
722 1778 770 1816 nr.
788 1762 863 1828 367;
881 1761 933 1816 Ra.
953 1762 1063 1816 rabba.

386 2027 534 2095 *2032
566 2029 652 2091 1331
676 2025 780 2112 April
802 2029 856 2092 24.
881 2027 1080 2112 (Lincburp.)

389 2171 584 2257 Capitulum
612 2171 744 2235 ecclesie
768 2171 1006 2257 Limburpense
1036 2172 1168 2253 lbener.
1198 2173 1281 2237 dioc.
1313 2173 1494 2254 constituit,
1524 2175 1613 2258 quod

280 2280 434 2347 canonici
456 2281 493 2343 in
515 2279 701 2343 minoribus
725 2279 901 2343 ordinibus
924 2279 1108 2361 constituti,
1132 2281 1289 2344 simulac
1307 2281 1511 2366 prebendati
1534 2282 1613 2363 mat,

279 2392 315 2454 in
339 2390 436 2453 domo
460 2386 628 2452 scolastici
651 2393 908 2468 commorentur,
934 2388 1037 2451 donec
1052 2388 1120 2452 sint
1136 2388 1330 2452 assumendi
1346 2389 1393 2452 ad
1410 2391 1615 2454 consortium

279 2495 432 2581 capituli,
456 2495 609 2579 quodque
633 2494 772 2578 quilibet
795 2494 977 2559 canonicas
995 2515 1062 2579 per
1084 2495 1253 2560 biennium
1277 2495 1497 2560 aristodium
1520 2517 1613 2582 pene·

276 2603 350 2668 rale
373 2623 407 2667 se
431 2602 595 2686 conferat,
614 2603 819 2687 priusquam
842 2601 1045 2667 admittatur
1069 2602 1114 2666 ad
1138 2602 1281 2686 capituli
1305 2608 1482 2668 tractatus.

384 2726 421 2791 In
445 2725 498 2791 dei
521 2726 648 2792 nominc
671 2746 775 2792 amen.
811 2725 879 2794 Nos
898 2775 905 2790 .
925 2775 931 2790 .
949 2724 1091 2792 decanus
1115 2732 1147 2792 et
1171 2727 1345 2812 capitulum
1363 2727 1500 2793 ecclesie
1516 2727 1613 2814 Lym-

276 2833 445 2920 purgensis
461 2833 670 2900 Treverensis
689 2832 839 2919 dyocesis
855 2833 982 2917 singula
1005 2833 1121 2898 nociva
1145 2840 1177 2898 et
1202 2834 1338 2901 ecclesie
1362 2841 1470 2902 nostre
1494 2841 1613 2902 statum

276 2962 316 3007 ac
339 2941 491 3006 bonorem
526 2939 745 3026 deprimencia
779 2940 917 3006 sollicita
951 2960 1050 3025 penes
1086 2960 1144 3005 nos
1167 2940 1382 3008 meditacionc
1411 2942 1612 3008 revolventes

276 3047 436 3132 quendam
459 3049 542 3114 iuter
565 3069 624 3115 nos
647 3046 810 3113 deiectum
834 3048 985 3130 criminis,
1022 3066 1115 3131 quem
1149 3048 1241 3113 nobis
1274 3049 1303 3113 ei
1338 3047 1443 3114 eidem
1476 3049 1612 3116 ecclesie

276 3155 518 3241 preiudicialem
553 3161 586 3221 et
621 3154 831 3241 dampnosum
864 3173 934 3222 csse
968 3160 1000 3220 et
1030 3153 1128 3220 fuisse
1152 3154 1387 3220 multiformiter
1420 3157 1611 3241 experimur,

275 3261 427 3329 videlicet
451 3262 537 3346 quod
561 3264 692 3328 iuvenes
716 3263 925 3328 concanonici
949 3262 1033 3328 inira
1056 3261 1259 3329 discretionis
1283 3270 1428 3348 tempora
1448 3265 1612 3329 constituti

275 3371 411 3436 scientia
445 3376 478 3435 et
512 3390 634 3435 morum
658 3370 942 3436 informacionibus
977 3369 1159 3454 indigentes
1193 3371 1227 3435 in
1262 3368 1409 3436 domibus
1445 3377 1610 3456 parentum

275 3497 402 3543 suorum
427 3483 482 3543 aut
505 3477 638 3543 aliorum
662 3477 828 3563 laycorum
852 3475 1006 3563 hospiciis
1030 3477 1151 3560 absque
1176 3477 1317 3544 doctoris
1340 3484 1373 3543 et
1396 3477 1612 3545 informatoris

275 3586 430 3668 regimine
465 3591 703 3669 conversantur,
743 3604 783 3650 ex
819 3604 881 3667 quo
915 3585 1100 3667 frequenter
1124 3583 1292 3668 contingit,
1333 3584 1417 3668 quod
1451 3584 1534 3651 tales
1568 3584 1611 3651 ad

275 3698 433 3758 tractatus
468 3693 662 3778 capitulares
696 3694 852 3776 assumpti
886 3713 949 3758 uon
986 3693 1114 3758 racione
1157 3691 1215 3758 sed
1256 3691 1411 3758 effrenata
1447 3692 1611 3760 voluntate

274 3806 400 3864 utentes
435 3820 494 3866 nec
529 3806 691 3866 tonsuram
728 3798 909 3865 clericalem
944 3819 1005 3864 nec
1040 3797 1184 3864 habitum
1209 3798 1358 3864 deferunt
1383 3798 1611 3866 condecentem

274 3915 316 3990 ct,
340 3913 376 3973 ut
399 3908 539 3973 breviter
562 3906 717 3990 dicamus,
742 3906 893 3972 iurabas
917 3905 1053 3990 agendis
1077 3906 1211 3972 sormam
1244 3927 1307 3972 uon
1340 3913 1471 3972 servant
1495 3927 1554 3973 nec
1579 3909 1610 3972 in

274 4015 416 4080 moribus
439 4014 653 4101 disciplinam,
678 4015 776 4080 tantis
800 4015 898 4098 igitur
922 4020 954 4078 et
977 4014 1095 4080 talibus
1119 4013 1280 4099 periculis,
1304 4020 1398 4098 prout
1425 4015 1517 4081 nobis
1540 4035 1611 4100 pos-

274 4123 367 4188 sibile
391 4130 450 4206 est,
484 4123 641 4189 obsistere
665 4123 831 4207 cupientes
855 4121 1054 4204 aliarumque
1078 4121 1285 4187 ecclesiarum
1310 4127 1375 4186 tam
1400 4121 1610 4188 Trevereusis

274 4251 369 4313 quarn
393 4231 579 4314 Moguntinc
603 4231 767 4295 civitatum
793 4236 826 4294 et
842 4229 1028 4315 dyocesium
1053 4229 1210 4315 exemplis
1234 4228 1352 4312 edocti,
1377 4228 1609 4296 deliberatione

272 4336 444 4423 prehabita
473 4339 543 4422 pari
574 4357 730 4404 consensu
763 4357 802 4402 ac
830 4337 995 4402 voluntate
1027 4337 1169 4402 unanimi
1199 4337 1368 4402 statuimus
1396 4336 1610 4422 promittimus

273 4450 306 4510 et
329 4443 523 4527 ordinamus,
548 4441 633 4527 quod
658 4443 804 4510 canonici
828 4443 928 4510 nostri
952 4449 1119 4529 presentes
1136 4449 1169 4510 et
1184 4443 1282 4509 futuri
1305 4445 1338 4508 in
1362 4445 1537 4510 minoribus
1561 4465 1610 4510 or-

272 4550 401 4618 dinibus
425 4551 589 4618 constituti
613 4572 698 4635 mox,
723 4558 893 4636 postquam
917 4551 950 4616 in
976 4551 1185 4637 perceptione
1208 4557 1241 4617 et
1258 4551 1458 4636 possessione
1481 4571 1609 4618 suarum

272 4659 393 4724 fuerint
416 4657 660 4745 prebendarum,
692 4660 724 4723 in
748 4658 842 4725 domo
871 4660 1033 4726 scolastici
1059 4659 1195 4726 ecclesie
1219 4667 1336 4743 nostre,
1372 4660 1427 4742 qui
1453 4681 1509 4746 pro
1534 4665 1609 4725 tem-

272 4786 350 4851 pore
385 4767 491 4851 fucrit,
528 4773 771 4834 commorentur.
830 4765 892 4846 Qui
928 4766 1073 4835 redditus
1108 4774 1141 4834 et
1164 4773 1338 4853 proventus
1372 4765 1608 4854 prebendarum
