3642 5509
780 472 848 528 1327
867 471 987 528 Januar
1006 471 1049 526 Ἠ.
1549 467 1582 522 11

249 650 311 720 sibi
335 652 404 720 dari
429 654 567 721 obtinuit
590 653 779 720 auditorem.
826 653 941 720 Coram
965 671 1116 736 quocum
1139 650 1253 717 fuisset
1277 650 1319 717 ad
1342 651 1468 735 aliquos
1491 655 1583 717 actus

250 761 281 825 in
307 781 404 827 causa
437 781 621 847 processum
646 760 770 843 eadem,
803 759 908 826 dictus
932 760 1148 844 Engelbertus
1171 779 1301 825 causam
1324 759 1428 844 ipsam
1451 759 1583 825 ulterius

250 868 400 952 prosequi
424 889 486 933 non
511 870 637 935 curavit
660 889 743 934 anno
761 875 792 933 et
817 867 955 954 amplius
977 867 1046 932 iam*
1066 866 1187 951 elapso,
1212 866 1583 950 dictusqueGotscaleus

251 972 433 1040 huiusmodi
450 975 505 1041 lite
522 974 682 1060 pendente
699 976 783 1040 viam
801 975 907 1040 extitit
925 976 1071 1040 universe
1088 973 1193 1040 carnis
1208 975 1380 1058 ingressus.
1402 973 1471 1041 Nos
1485 974 1584 1058 igitur

251 1129 258 1144 .
284 1130 291 1145 .
316 1129 324 1146 .
349 1087 382 1147 te
405 1080 552 1166 predicto
576 1082 749 1149 Gotsealco
773 1083 806 1147 in
830 1082 916 1147 omni
939 1083 1008 1146 iure
1032 1087 1065 1145 et
1088 1079 1131 1145 ad
1155 1100 1248 1147 omne
1271 1081 1330 1164 ins,
1355 1079 1440 1163 quod
1465 1081 1525 1147 sibi
1549 1081 1582 1146 in

249 1188 345 1257 dictis
380 1191 572 1256 canonicatu
608 1197 641 1257 et
675 1189 840 1277 prebenda
873 1210 914 1255 ex
943 1191 1056 1273 vigore
1092 1189 1296 1255 collationis.
1315 1237 1322 1253 .
1341 1236 1349 1253 .
1367 1188 1582 1274 competebat,

249 1298 459 1382 subrogamus
490 1297 615 1381 tibique
648 1297 853 1383 providemus
877 1297 918 1362 de
940 1297 1004 1363 illis
1026 1345 1086 1363 ...
1113 1316 1175 1361 non
1199 1295 1451 1362 obstantibus..
1470 1293 1581 1378 .quod

249 1403 281 1468 in
304 1403 338 1470 S.
366 1403 584 1471 Bartholomei
608 1405 798 1471 Leodicnsis
830 1425 870 1470 ac
902 1404 945 1469 de
974 1404 1083 1470 Monte
1106 1403 1140 1470 S.
1168 1401 1339 1469 Gertrndis
1361 1401 1463 1469 Leod.
1497 1401 1581 1467 dioc.

249 1510 394 1578 ecclesiis
428 1512 635 1578 canonicatus
669 1519 702 1578 et
735 1510 916 1598 prebendas
949 1512 1091 1577 nosceris
1119 1511 1274 1593 obtinere,
1306 1529 1403 1595 super
1426 1529 1490 1593 qua
1511 1528 1582 1594 pre-

249 1617 356 1684 benda
380 1617 466 1685 dicte
491 1619 628 1685 ecclesie
652 1617 685 1684 S.
702 1618 920 1685 Bartholomei
944 1624 976 1683 te
1000 1619 1116 1684 asseris
1139 1617 1291 1702 litigare.
1316 1665 1354 1682 ..
1388 1617 1463 1683 Dat.
1487 1616 1581 1681 Avin.

249 1725 294 1789 Vl
318 1725 363 1790 kl.
388 1725 540 1792 februarii
564 1747 594 1792 a.
618 1725 798 1793 undecimo.

397 1850 469 1920 naq.
489 1850 528 1905 aa
554 1850 578 1921 f.
598 1851 657 1905 aer
674 1866 723 1905 ar.
742 1850 810 1904 aaa.

354 2090 471 2157 1128.
497 2095 584 2158 1327
608 2093 748 2159 Jonaor
770 2095 824 2158 27.
853 2089 1019 2178 Aoipaoa.

354 2232 513 2299 lohannes
541 2234 641 2300 XXII
676 2235 808 2301 Alberto
840 2240 917 2300 nato
950 2233 1076 2299 Alberti
1109 2233 1150 2299 de
1179 2233 1316 2298 lamerlo
1346 2232 1472 2298 confert
1500 2231 1579 2298 eccl.

249 2338 435 2406 Werdensis
465 2339 575 2408 Oolon.
606 2340 690 2406 dioc.
716 2343 949 2425 canonicatum,
978 2338 1174 2426 prebendam
1198 2359 1274 2406 vero
1298 2337 1403 2405 eidem
1427 2343 1579 2420 reservat,

247 2466 309 2510 non
334 2447 484 2513 obstante
507 2447 594 2531 quod
621 2449 849 2534 pauperculam
878 2446 1050 2514 ecclesiam
1076 2447 1110 2512 in
1127 2447 1314 2530 Malbergen
1331 2445 1470 2512 Traiect.
1495 2444 1578 2511 dioc.

249 2552 383 2618 obtinet.
1348 2625 1351 2629 ¹

354 2660 529 2728 Probitatis
552 2668 607 2728 tue
630 2663 745 2728 merita
762 2711 770 2727 .
789 2710 796 2727 .
813 2713 821 2729 .
856 2663 933 2728 Dat.
946 2661 1042 2727 Ario.
1059 2661 1105 2727 Vl
1120 2661 1166 2726 kl.
1183 2659 1335 2726 februarii
1351 2681 1382 2726 a.
1399 2657 1579 2725 undecimo.

353 2768 391 2832 In
415 2788 443 2834 e.
468 2790 509 2834 m.
533 2769 725 2854 Reyssensis
748 2776 780 2834 et
802 2768 1030 2835 Wiscbelensis
1054 2767 1164 2834 Gelon.
1190 2766 1273 2833 dioc.
1298 2766 1431 2833 decanis
1454 2786 1494 2833 ae
1516 2787 1580 2833 ma-

246 2873 346 2956 gistro
370 2874 489 2941 Iacobo
514 2874 554 2942 de
577 2877 700 2942 Mutina
724 2877 878 2943 canonico
902 2875 1144 2942 Cameracensis
1177 2875 1383 2942 eeclesiarum
1412 2874 1579 2959 capellano

247 2982 366 3066 papali.

406 3107 480 3178 Rep.
499 3109 539 3161 83
558 3107 583 3177 s.
603 3110 658 3164 147
674 3124 722 3162 nr.
742 3110 825 3164 1365.

349 3395 463 3461 112⁰.
493 3395 579 3462 1327
603 3397 741 3462 Jaaaar
768 3399 820 3461 27.
845 3393 1010 3482 Avipnoa.

349 3537 509 3604 Iohannes
533 3538 632 3605 XXII
656 3538 787 3624 Hyllino
805 3538 845 3604 de
861 3539 1000 3605 lamerlo
1018 3539 1143 3605 confert
1160 3539 1240 3605 eccl.
1257 3539 1452 3605 Xanctensis
1467 3539 1577 3605 Coloe.

247 3642 331 3709 dioc.
355 3645 589 3722 canonicatum,
614 3645 811 3731 prebendam
835 3667 911 3713 vcro
935 3646 1040 3712 eidem
1066 3653 1219 3713 reservat.

352 3750 534 3819 Laudabile
557 3753 771 3819 testimonium
796 3753 881 3837 quod
904 3803 911 3818 .
931 3803 965 3819 ..
1012 3755 1088 3820 Dat.
1115 3753 1208 3820 Avin.
1234 3754 1280 3819 Vl
1303 3754 1349 3819 kl.
1373 3753 1525 3820 februarii
1548 3775 1577 3818 a.

246 3856 426 3924 undecimo.

351 3966 389 4030 In
413 3985 441 4032 e.
458 3987 499 4034 m.
524 3967 646 4034 eisdem
670 3970 896 4036 executoribus
919 3970 1035 4054 quibus
1058 3967 1364 4056 supra(ar.1128.)

406 4107 478 4179 Ray.
498 4109 538 4163 82
555 4109 580 4179 f.
600 4110 653 4166 147
671 4127 719 4166 nr.
739 4113 822 4166 1366.

352 4373 487 4442 *113st
527 4377 611 4440 1327
635 4377 774 4442 Joaeur·
797 4377 851 4439 29.
881 4372 1048 4461 Aaipaoo.

350 4515 511 4582 Iohannes
546 4517 646 4582 XXII
691 4517 893 4584 thesaurario
934 4518 1071 4584 ecclesie
1111 4519 1306 4586 Xanctensis
1345 4519 1454 4587 Golon.
1494 4521 1577 4590 dioc.

246 4621 388 4705 mandat,
422 4623 571 4707 quatinus
594 4625 763 4691 nonnullas
786 4623 1024 4691 ecclesiasticas
1046 4644 1199 4711 personas
1222 4647 1345 4693 necnon
1369 4631 1502 4696 comites
1524 4631 1579 4697 ba·

246 4749 340 4796 rones
364 4729 482 4798 milites
507 4739 538 4796 et
561 4732 651 4814 alios,
689 4733 743 4814 qui
772 4730 883 4798 domos
907 4737 941 4797 et
963 4733 1181 4817 possessiones
1204 4734 1263 4799 sub
1286 4755 1393 4801 annuo
1417 4757 1514 4803 censu
1537 4740 1578 4804 ab

247 4836 326 4902 eccl.
351 4837 386 4903 S.
413 4837 560 4904 Severini
584 4838 694 4904 Colon.
719 4844 838 4923 tenent,
873 4838 958 4921 quod
993 4857 1120 4906 censum
1153 4859 1211 4906 seu
1243 4841 1403 4909 redditum
1436 4844 1579 4911 debitum
