<?xml version="1.0" encoding="UTF-8"?>
<!DOCTYPE html PUBLIC "-//W3C//DTD XHTML 1.0 Transitional//EN"
    "http://www.w3.org/TR/xhtml1/DTD/xhtml1-transitional.dtd">
<html xmlns="http://www.w3.org/1999/xhtml" xml:lang="en" lang="en">
 <head>
  <title>
</title>
<meta http-equiv="Content-Type" content="text/html;charset=utf-8" />
  <meta name='ocr-system' content='tesseract 3.04.00' />
  <meta name='ocr-capabilities' content='ocr_page ocr_carea ocr_par ocr_line ocrx_word'/>
</head>
<body>
  <div class='ocr_page' id='page_1' title='image "./urkundenundrege00thimgoog_0480.png"; bbox 0 0 3642 5509; ppageno 0'>
   <div class='ocr_carea' id='block_1_1' title="bbox 761 469 1552 544">
    <p class='ocr_par' dir='ltr' id='par_1_1' title="bbox 761 469 1552 544">
     <span class='ocr_line' id='line_1_1' title="bbox 761 469 1552 544; baseline 0 -16"><span class='ocrx_word' id='word_1_1' title='bbox 761 469 829 528; x_wconf 77' lang='lat'>1332</span> <span class='ocrx_word' id='word_1_2' title='bbox 849 469 971 544; x_wconf 78' lang='lat' dir='ltr'>August</span> <span class='ocrx_word' id='word_1_3' title='bbox 990 469 1025 528; x_wconf 76' lang='lat' dir='ltr'><strong>t..</strong></span> <span class='ocrx_word' id='word_1_4' title='bbox 1503 470 1552 528; x_wconf 78' lang='lat'><strong>451</strong></span> 
     </span>
    </p>
   </div>
   <div class='ocr_carea' id='block_1_2' title="bbox 217 651 1559 3851">
    <p class='ocr_par' dir='ltr' id='par_1_2' title="bbox 217 651 1559 3851">
     <span class='ocr_line' id='line_1_2' title="bbox 220 651 1557 738; baseline -0.001 -18"><span class='ocrx_word' id='word_1_5' title='bbox 220 658 296 720; x_wconf 88' lang='lat' dir='ltr'><strong>tunc</strong></span> <span class='ocrx_word' id='word_1_6' title='bbox 329 651 668 720; x_wconf 77' lang='lat' dir='ltr'><strong>excommunicationis</strong></span> <span class='ocrx_word' id='word_1_7' title='bbox 700 654 891 719; x_wconf 86' lang='lat' dir='ltr'><strong>sententiam</strong></span> <span class='ocrx_word' id='word_1_8' title='bbox 925 651 1160 738; x_wconf 82' lang='lat' dir='ltr'>promulgabat.</span> <span class='ocrx_word' id='word_1_9' title='bbox 1213 651 1330 718; x_wconf 88' lang='lat' dir='ltr'><strong>Verum</strong></span> <span class='ocrx_word' id='word_1_10' title='bbox 1363 652 1439 736; x_wconf 89' lang='lat' dir='ltr'><strong>quia</strong></span> <span class='ocrx_word' id='word_1_11' title='bbox 1470 654 1557 719; x_wconf 92' lang='lat' dir='ltr'><strong>idem</strong></span> 
     </span>
     <span class='ocr_line' id='line_1_3' title="bbox 221 759 1557 844; baseline 0.001 -18"><span class='ocrx_word' id='word_1_12' title='bbox 221 760 420 827; x_wconf 74' lang='lat' dir='ltr'><strong>Christianus</strong></span> <span class='ocrx_word' id='word_1_13' title='bbox 443 760 625 827; x_wconf 89' lang='lat' dir='ltr'><strong>huiusmodi</strong></span> <span class='ocrx_word' id='word_1_14' title='bbox 650 761 817 826; x_wconf 90' lang='lat' dir='ltr'><strong>monitioni</strong></span> <span class='ocrx_word' id='word_1_15' title='bbox 841 779 955 844; x_wconf 88' lang='lat' dir='ltr'><strong>parere</strong></span> <span class='ocrx_word' id='word_1_16' title='bbox 982 759 1126 825; x_wconf 81' lang='lat' dir='ltr'><strong>indebite</strong></span> <span class='ocrx_word' id='word_1_17' title='bbox 1149 779 1211 824; x_wconf 91' lang='lat' dir='ltr'><strong>non</strong></span> <span class='ocrx_word' id='word_1_18' title='bbox 1232 761 1366 825; x_wconf 89' lang='lat' dir='ltr'><strong>curabat</strong></span> <span class='ocrx_word' id='word_1_19' title='bbox 1398 781 1457 826; x_wconf 91' lang='lat' dir='ltr'><strong>nec</strong></span> <span class='ocrx_word' id='word_1_20' title='bbox 1481 762 1557 827; x_wconf 89' lang='lat' dir='ltr'><strong>alle·</strong></span> 
     </span>
     <span class='ocr_line' id='line_1_4' title="bbox 220 867 1557 953; baseline -0.001 -19"><span class='ocrx_word' id='word_1_21' title='bbox 220 869 335 952; x_wconf 83' lang='lat' dir='ltr'><strong>gabat,</strong></span> <span class='ocrx_word' id='word_1_22' title='bbox 372 889 502 935; x_wconf 89' lang='lat' dir='ltr'><strong>causam</strong></span> <span class='ocrx_word' id='word_1_23' title='bbox 526 868 762 952; x_wconf 79' lang='lat' dir='ltr'><strong>rationabilem,</strong></span> <span class='ocrx_word' id='word_1_24' title='bbox 802 887 901 951; x_wconf 87' lang='lat' dir='ltr'><strong>quare</strong></span> <span class='ocrx_word' id='word_1_25' title='bbox 937 888 999 932; x_wconf 92' lang='lat' dir='ltr'><strong>non</strong></span> <span class='ocrx_word' id='word_1_26' title='bbox 1039 867 1173 934; x_wconf 89' lang='lat' dir='ltr'><strong>deberet</strong></span> <span class='ocrx_word' id='word_1_27' title='bbox 1210 867 1375 933; x_wconf 91' lang='lat' dir='ltr'><strong>monitioni</strong></span> <span class='ocrx_word' id='word_1_28' title='bbox 1412 867 1557 953; x_wconf 88' lang='lat' dir='ltr'><strong>predicte</strong></span> 
     </span>
     <span class='ocr_line' id='line_1_5' title="bbox 220 974 1557 1061; baseline -0.001 -20"><span class='ocrx_word' id='word_1_29' title='bbox 220 995 345 1061; x_wconf 88' lang='lat' dir='ltr'><strong>parere,</strong></span> <span class='ocrx_word' id='word_1_30' title='bbox 370 983 523 1060; x_wconf 87' lang='lat' dir='ltr'><strong>certaque</strong></span> <span class='ocrx_word' id='word_1_31' title='bbox 539 977 758 1061; x_wconf 88' lang='lat' dir='ltr'><strong>possessiones</strong></span> <span class='ocrx_word' id='word_1_32' title='bbox 776 981 808 1040; x_wconf 91' lang='lat' dir='ltr'><strong>et</strong></span> <span class='ocrx_word' id='word_1_33' title='bbox 824 974 895 1040; x_wconf 89' lang='lat' dir='ltr'><strong>iura</strong></span> <span class='ocrx_word' id='word_1_34' title='bbox 911 975 1000 1040; x_wconf 92' lang='lat' dir='ltr'><strong>dicte</strong></span> <span class='ocrx_word' id='word_1_35' title='bbox 1023 975 1191 1041; x_wconf 90' lang='lat' dir='ltr'><strong>scolastrie</strong></span> <span class='ocrx_word' id='word_1_36' title='bbox 1215 974 1256 1040; x_wconf 94' lang='lat' dir='ltr'><strong>de</strong></span> <span class='ocrx_word' id='word_1_37' title='bbox 1277 975 1365 1040; x_wconf 86' lang='lat' dir='ltr'><strong>iacto</strong></span> <span class='ocrx_word' id='word_1_38' title='bbox 1389 975 1557 1041; x_wconf 89' lang='lat' dir='ltr'><strong>detinebat</strong></span> 
     </span>
     <span class='ocr_line' id='line_1_6' title="bbox 220 1081 1557 1168; baseline 0.001 -22"><span class='ocrx_word' id='word_1_39' title='bbox 220 1089 253 1147; x_wconf 91' lang='lat' dir='ltr'><strong>et</strong></span> <span class='ocrx_word' id='word_1_40' title='bbox 276 1082 332 1148; x_wconf 90' lang='lat' dir='ltr'><strong>illa</strong></span> <span class='ocrx_word' id='word_1_41' title='bbox 355 1082 503 1168; x_wconf 90' lang='lat' dir='ltr'><strong>predicto</strong></span> <span class='ocrx_word' id='word_1_42' title='bbox 526 1083 674 1150; x_wconf 78' lang='lat' dir='ltr'><strong>Conrado</strong></span> <span class='ocrx_word' id='word_1_43' title='bbox 701 1081 863 1148; x_wconf 83' lang='lat' dir='ltr'><strong>dimittere</strong></span> <span class='ocrx_word' id='word_1_44' title='bbox 887 1081 1082 1165; x_wconf 81' lang='lat' dir='ltr'><strong>denegabat,</strong></span> <span class='ocrx_word' id='word_1_45' title='bbox 1114 1082 1220 1148; x_wconf 93' lang='lat' dir='ltr'><strong>dictus</strong></span> <span class='ocrx_word' id='word_1_46' title='bbox 1243 1082 1398 1149; x_wconf 85' lang='lat' dir='ltr'><strong>Nicotaus</strong></span> <span class='ocrx_word' id='word_1_47' title='bbox 1422 1083 1557 1148; x_wconf 90' lang='lat' dir='ltr'><strong>eundem</strong></span> 
     </span>
     <span class='ocr_line' id='line_1_7' title="bbox 220 1189 1557 1275; baseline 0 -20"><span class='ocrx_word' id='word_1_48' title='bbox 220 1189 436 1257; x_wconf 82' lang='lat' dir='ltr'><strong>Christianum</strong></span> <span class='ocrx_word' id='word_1_49' title='bbox 453 1191 619 1256; x_wconf 88' lang='lat' dir='ltr'><strong>mandavit</strong></span> <span class='ocrx_word' id='word_1_50' title='bbox 636 1190 774 1272; x_wconf 83' lang='lat' dir='ltr'><strong>etfacit,</strong></span> <span class='ocrx_word' id='word_1_51' title='bbox 792 1196 945 1273; x_wconf 90' lang='lat' dir='ltr'><strong>quantum</strong></span> <span class='ocrx_word' id='word_1_52' title='bbox 963 1190 1078 1273; x_wconf 93' lang='lat' dir='ltr'><strong>potuit,</strong></span> <span class='ocrx_word' id='word_1_53' title='bbox 1099 1189 1411 1254; x_wconf 83' lang='lat' dir='ltr'><strong>excommunicatum</strong></span> <span class='ocrx_word' id='word_1_54' title='bbox 1427 1189 1557 1275; x_wconf 89' lang='lat' dir='ltr'><strong>publice</strong></span> 
     </span>
     <span class='ocr_line' id='line_1_8' title="bbox 220 1295 1556 1382; baseline 0.001 -21"><span class='ocrx_word' id='word_1_55' title='bbox 220 1298 365 1362; x_wconf 89' lang='lat' dir='ltr'><strong>nunciari</strong></span> <span class='ocrx_word' id='word_1_56' title='bbox 390 1305 423 1364; x_wconf 94' lang='lat' dir='ltr'><strong>et</strong></span> <span class='ocrx_word' id='word_1_57' title='bbox 446 1300 515 1364; x_wconf 91' lang='lat' dir='ltr'><strong>eius</strong></span> <span class='ocrx_word' id='word_1_58' title='bbox 538 1299 740 1364; x_wconf 78' lang='lat' dir='ltr'><strong>contumacia</strong></span> <span class='ocrx_word' id='word_1_59' title='bbox 774 1302 983 1363; x_wconf 81' lang='lat' dir='ltr'><strong>excrescente</strong></span> <span class='ocrx_word' id='word_1_60' title='bbox 1006 1297 1048 1362; x_wconf 91' lang='lat' dir='ltr'><strong>ab</strong></span> <span class='ocrx_word' id='word_1_61' title='bbox 1081 1296 1153 1362; x_wconf 90' lang='lat' dir='ltr'><strong>aliis</strong></span> <span class='ocrx_word' id='word_1_62' title='bbox 1176 1295 1277 1363; x_wconf 87' lang='lat' dir='ltr'><strong>artius</strong></span> <span class='ocrx_word' id='word_1_63' title='bbox 1300 1296 1427 1380; x_wconf 89' lang='lat' dir='ltr'><strong>evitari,</strong></span> <span class='ocrx_word' id='word_1_64' title='bbox 1461 1304 1556 1382; x_wconf 90' lang='lat' dir='ltr'><strong>prout</strong></span> 
     </span>
     <span class='ocr_line' id='line_1_9' title="bbox 219 1402 1558 1490; baseline 0.001 -22"><span class='ocrx_word' id='word_1_65' title='bbox 219 1404 252 1468; x_wconf 89' lang='lat' dir='ltr'><strong>in</strong></span> <span class='ocrx_word' id='word_1_66' title='bbox 277 1403 398 1471; x_wconf 90' lang='lat' dir='ltr'><strong>eisdem</strong></span> <span class='ocrx_word' id='word_1_67' title='bbox 414 1407 531 1472; x_wconf 91' lang='lat' dir='ltr'><strong>nostris</strong></span> <span class='ocrx_word' id='word_1_68' title='bbox 547 1404 714 1472; x_wconf 89' lang='lat' dir='ltr'><strong>litteris&#39;et</strong></span> <span class='ocrx_word' id='word_1_69' title='bbox 730 1405 893 1490; x_wconf 89' lang='lat' dir='ltr'><strong>premissis</strong></span> <span class='ocrx_word' id='word_1_70' title='bbox 910 1404 1113 1489; x_wconf 86' lang='lat' dir='ltr'><strong>processibus</strong></span> <span class='ocrx_word' id='word_1_71' title='bbox 1129 1402 1272 1469; x_wconf 89' lang='lat' dir='ltr'><strong>eiusdem</strong></span> <span class='ocrx_word' id='word_1_72' title='bbox 1289 1403 1416 1471; x_wconf 86' lang='lat' dir='ltr'><strong>Nicolai</strong></span> <span class='ocrx_word' id='word_1_73' title='bbox 1440 1403 1558 1470; x_wconf 82' lang='lat' dir='ltr'><strong>exinde</strong></span> 
     </span>
     <span class='ocr_line' id='line_1_10' title="bbox 219 1511 1558 1598; baseline 0.002 -24"><span class='ocrx_word' id='word_1_74' title='bbox 219 1511 252 1575; x_wconf 93' lang='lat' dir='ltr'><strong>iu</strong></span> <span class='ocrx_word' id='word_1_75' title='bbox 275 1511 378 1578; x_wconf 84' lang='lat' dir='ltr'><strong>forma</strong></span> <span class='ocrx_word' id='word_1_76' title='bbox 401 1513 540 1597; x_wconf 91' lang='lat' dir='ltr'><strong>publica,</strong></span> <span class='ocrx_word' id='word_1_77' title='bbox 565 1522 600 1578; x_wconf 93' lang='lat' dir='ltr'><strong>ut</strong></span> <span class='ocrx_word' id='word_1_78' title='bbox 623 1514 727 1597; x_wconf 89' lang='lat' dir='ltr'><strong>prima</strong></span> <span class='ocrx_word' id='word_1_79' title='bbox 748 1513 833 1578; x_wconf 88' lang='lat' dir='ltr'><strong>facie</strong></span> <span class='ocrx_word' id='word_1_80' title='bbox 856 1512 1048 1598; x_wconf 86' lang='lat' dir='ltr'><strong>apparebat,</strong></span> <span class='ocrx_word' id='word_1_81' title='bbox 1072 1511 1229 1577; x_wconf 84' lang='lat' dir='ltr'><strong>consectis</strong></span> <span class='ocrx_word' id='word_1_82' title='bbox 1251 1511 1415 1596; x_wconf 85' lang='lat' dir='ltr'><strong>ipsiusque</strong></span> <span class='ocrx_word' id='word_1_83' title='bbox 1431 1511 1558 1579; x_wconf 86' lang='lat' dir='ltr'><strong>Nicolai</strong></span> 
     </span>
     <span class='ocr_line' id='line_1_11' title="bbox 219 1618 1559 1705; baseline 0.001 -21"><span class='ocrx_word' id='word_1_84' title='bbox 219 1618 326 1702; x_wconf 85' lang='lat' dir='ltr'><strong>sigillo</strong></span> <span class='ocrx_word' id='word_1_85' title='bbox 359 1618 490 1686; x_wconf 90' lang='lat' dir='ltr'><strong>munitis</strong></span> <span class='ocrx_word' id='word_1_86' title='bbox 522 1619 647 1705; x_wconf 90' lang='lat' dir='ltr'><strong>plenius</strong></span> <span class='ocrx_word' id='word_1_87' title='bbox 676 1621 867 1688; x_wconf 88' lang='lat' dir='ltr'><strong>continetur.</strong></span> <span class='ocrx_word' id='word_1_88' title='bbox 914 1618 1007 1685; x_wconf 85' lang='lat' dir='ltr'><strong>Sicut</strong></span> <span class='ocrx_word' id='word_1_89' title='bbox 1038 1623 1145 1684; x_wconf 91' lang='lat' dir='ltr'><strong>autem</strong></span> <span class='ocrx_word' id='word_1_90' title='bbox 1179 1637 1220 1682; x_wconf 87' lang='lat' dir='ltr'><strong>ex</strong></span> <span class='ocrx_word' id='word_1_91' title='bbox 1253 1624 1363 1684; x_wconf 89' lang='lat' dir='ltr'><strong>tenore</strong></span> <span class='ocrx_word' id='word_1_92' title='bbox 1395 1620 1559 1705; x_wconf 90' lang='lat' dir='ltr'><strong>petitionis</strong></span> 
     </span>
     <span class='ocr_line' id='line_1_12' title="bbox 219 1724 1559 1812; baseline 0.004 -23"><span class='ocrx_word' id='word_1_93' title='bbox 219 1744 278 1810; x_wconf 89' lang='lat' dir='ltr'><strong>pro</strong></span> <span class='ocrx_word' id='word_1_94' title='bbox 301 1733 394 1812; x_wconf 89' lang='lat' dir='ltr'><strong>parte</strong></span> <span class='ocrx_word' id='word_1_95' title='bbox 418 1727 497 1793; x_wconf 90' lang='lat' dir='ltr'><strong>dicti</strong></span> <span class='ocrx_word' id='word_1_96' title='bbox 522 1727 662 1793; x_wconf 84' lang='lat' dir='ltr'><strong>Oouradi</strong></span> <span class='ocrx_word' id='word_1_97' title='bbox 685 1727 778 1793; x_wconf 92' lang='lat' dir='ltr'><strong>uobis</strong></span> <span class='ocrx_word' id='word_1_98' title='bbox 803 1726 911 1793; x_wconf 92' lang='lat' dir='ltr'><strong>oblate</strong></span> <span class='ocrx_word' id='word_1_99' title='bbox 936 1727 1147 1812; x_wconf 89' lang='lat' dir='ltr'><strong>percepimus,</strong></span> <span class='ocrx_word' id='word_1_100' title='bbox 1171 1724 1335 1810; x_wconf 88' lang='lat' dir='ltr'><strong>predictus</strong></span> <span class='ocrx_word' id='word_1_101' title='bbox 1358 1725 1559 1794; x_wconf 85' lang='lat' dir='ltr'><strong>Christianus</strong></span> 
     </span>
     <span class='ocr_line' id='line_1_13' title="bbox 219 1831 1558 1919; baseline 0.002 -23"><span class='ocrx_word' id='word_1_102' title='bbox 219 1831 319 1899; x_wconf 87' lang='lat' dir='ltr'><strong>fultus</strong></span> <span class='ocrx_word' id='word_1_103' title='bbox 348 1835 495 1918; x_wconf 87' lang='lat' dir='ltr'><strong>potentia</strong></span> <span class='ocrx_word' id='word_1_104' title='bbox 518 1835 685 1901; x_wconf 91' lang='lat' dir='ltr'><strong>seculari.</strong></span> <span class='ocrx_word' id='word_1_105' title='bbox 713 1883 720 1899; x_wconf 94' lang='lat'><strong>.</strong></span> <span class='ocrx_word' id='word_1_106' title='bbox 746 1883 753 1900; x_wconf 87' lang='lat'>.</span> <span class='ocrx_word' id='word_1_107' title='bbox 778 1841 851 1919; x_wconf 91' lang='lat' dir='ltr'><strong>post</strong></span> <span class='ocrx_word' id='word_1_108' title='bbox 875 1840 1041 1919; x_wconf 77' lang='lat' dir='ltr'><strong>protectos</strong></span> <span class='ocrx_word' id='word_1_109' title='bbox 1064 1853 1233 1918; x_wconf 89' lang='lat' dir='ltr'><strong>processus</strong></span> <span class='ocrx_word' id='word_1_110' title='bbox 1266 1832 1409 1899; x_wconf 86' lang='lat' dir='ltr'><strong>eiusdem</strong></span> <span class='ocrx_word' id='word_1_111' title='bbox 1432 1834 1558 1902; x_wconf 89' lang='lat' dir='ltr'><strong>Nicolai</strong></span> 
     </span>
     <span class='ocr_line' id='line_1_14' title="bbox 220 1940 1558 2027; baseline 0.003 -23"><span class='ocrx_word' id='word_1_112' title='bbox 220 1947 341 2006; x_wconf 88' lang='lat' dir='ltr'><strong>certam</strong></span> <span class='ocrx_word' id='word_1_113' title='bbox 366 1947 489 2027; x_wconf 85' lang='lat' dir='ltr'><strong>partem</strong></span> <span class='ocrx_word' id='word_1_114' title='bbox 513 1948 725 2026; x_wconf 89' lang='lat' dir='ltr'><strong>proventuum</strong></span> <span class='ocrx_word' id='word_1_115' title='bbox 751 1940 793 2006; x_wconf 89' lang='lat' dir='ltr'><strong>ad</strong></span> <span class='ocrx_word' id='word_1_116' title='bbox 813 1940 936 2007; x_wconf 91' lang='lat' dir='ltr'><strong>dictam</strong></span> <span class='ocrx_word' id='word_1_117' title='bbox 958 1940 1160 2007; x_wconf 87' lang='lat' dir='ltr'><strong>scolastriam</strong></span> <span class='ocrx_word' id='word_1_118' title='bbox 1176 1941 1390 2026; x_wconf 82' lang='lat' dir='ltr'><strong>spectantium</strong></span> <span class='ocrx_word' id='word_1_119' title='bbox 1414 1940 1558 2008; x_wconf 89' lang='lat' dir='ltr'><strong>indebite</strong></span> 
     </span>
     <span class='ocr_line' id='line_1_15' title="bbox 219 2046 1558 2135; baseline 0.002 -23"><span class='ocrx_word' id='word_1_120' title='bbox 219 2067 378 2133; x_wconf 89' lang='lat' dir='ltr'><strong>occupare</strong></span> <span class='ocrx_word' id='word_1_121' title='bbox 413 2054 446 2115; x_wconf 91' lang='lat' dir='ltr'><strong>et</strong></span> <span class='ocrx_word' id='word_1_122' title='bbox 481 2047 625 2115; x_wconf 91' lang='lat' dir='ltr'><strong>detinere</strong></span> <span class='ocrx_word' id='word_1_123' title='bbox 661 2049 856 2135; x_wconf 90' lang='lat' dir='ltr'><strong>presumpsit</strong></span> <span class='ocrx_word' id='word_1_124' title='bbox 891 2067 931 2114; x_wconf 88' lang='lat' dir='ltr'><strong>ac</strong></span> <span class='ocrx_word' id='word_1_125' title='bbox 967 2047 1134 2133; x_wconf 87' lang='lat' dir='ltr'><strong>presumit,</strong></span> <span class='ocrx_word' id='word_1_126' title='bbox 1172 2046 1284 2113; x_wconf 91' lang='lat' dir='ltr'><strong>uolens</strong></span> <span class='ocrx_word' id='word_1_127' title='bbox 1319 2067 1374 2114; x_wconf 89' lang='lat' dir='ltr'><strong>eos</strong></span> <span class='ocrx_word' id='word_1_128' title='bbox 1409 2047 1558 2115; x_wconf 81' lang='lat' dir='ltr'><strong>Conrado</strong></span> 
     </span>
     <span class='ocr_line' id='line_1_16' title="bbox 218 2154 1558 2246; baseline 0.001 -27"><span class='ocrx_word' id='word_1_129' title='bbox 218 2156 388 2221; x_wconf 89' lang='lat' dir='ltr'><strong>restituere</strong></span> <span class='ocrx_word' id='word_1_130' title='bbox 420 2165 606 2238; x_wconf 90' lang='lat' dir='ltr'><strong>memorato,</strong></span> <span class='ocrx_word' id='word_1_131' title='bbox 641 2156 763 2222; x_wconf 89' lang='lat' dir='ltr'><strong>dictam</strong></span> <span class='ocrx_word' id='word_1_132' title='bbox 798 2154 1140 2222; x_wconf 78' lang='lat' dir='ltr'><strong>excommunicationis</strong></span> <span class='ocrx_word' id='word_1_133' title='bbox 1171 2155 1361 2246; x_wconf 81' lang='lat' dir='ltr'><strong>sententiam</strong></span> <span class='ocrx_word' id='word_1_134' title='bbox 1385 2162 1558 2241; x_wconf 88' lang='lat' dir='ltr'><strong>propterea</strong></span> 
     </span>
     <span class='ocr_line' id='line_1_17' title="bbox 218 2261 1558 2347; baseline 0.001 -20"><span class='ocrx_word' id='word_1_135' title='bbox 218 2261 420 2345; x_wconf 88' lang='lat' dir='ltr'><strong>incurrendo,</strong></span> <span class='ocrx_word' id='word_1_136' title='bbox 445 2283 540 2347; x_wconf 86' lang='lat' dir='ltr'><strong>quam</strong></span> <span class='ocrx_word' id='word_1_137' title='bbox 565 2264 686 2330; x_wconf 91' lang='lat' dir='ltr'><strong>diutius</strong></span> <span class='ocrx_word' id='word_1_138' title='bbox 703 2264 877 2330; x_wconf 89' lang='lat' dir='ltr'><strong>substinuit</strong></span> <span class='ocrx_word' id='word_1_139' title='bbox 901 2269 936 2329; x_wconf 89' lang='lat' dir='ltr'><strong>et</strong></span> <span class='ocrx_word' id='word_1_140' title='bbox 958 2262 1065 2328; x_wconf 93' lang='lat' dir='ltr'><strong>adhuc</strong></span> <span class='ocrx_word' id='word_1_141' title='bbox 1089 2263 1303 2329; x_wconf 89' lang='lat' dir='ltr'><strong>sustinet...</strong></span> <span class='ocrx_word' id='word_1_142' title='bbox 1335 2261 1442 2340; x_wconf 87' lang='lat' dir='ltr'><strong>Quare</strong></span> <span class='ocrx_word' id='word_1_143' title='bbox 1465 2263 1558 2330; x_wconf 90' lang='lat' dir='ltr'><strong>nobis</strong></span> 
     </span>
     <span class='ocr_line' id='line_1_18' title="bbox 220 2368 1557 2455; baseline 0.001 -21"><span class='ocrx_word' id='word_1_144' title='bbox 220 2389 260 2435; x_wconf 87' lang='lat' dir='ltr'><strong>ex</strong></span> <span class='ocrx_word' id='word_1_145' title='bbox 290 2377 382 2455; x_wconf 90' lang='lat' dir='ltr'><strong>parte</strong></span> <span class='ocrx_word' id='word_1_146' title='bbox 412 2368 491 2437; x_wconf 92' lang='lat' dir='ltr'><strong>dicti</strong></span> <span class='ocrx_word' id='word_1_147' title='bbox 515 2371 654 2436; x_wconf 82' lang='lat' dir='ltr'><strong>Oouradi</strong></span> <span class='ocrx_word' id='word_1_148' title='bbox 679 2370 787 2437; x_wconf 86' lang='lat' dir='ltr'><strong>extitit</strong></span> <span class='ocrx_word' id='word_1_149' title='bbox 821 2369 1117 2455; x_wconf 90' lang='lat' dir='ltr'><strong>supplicatum...</strong></span> <span class='ocrx_word' id='word_1_150' title='bbox 1150 2370 1253 2454; x_wconf 83' lang='lat' dir='ltr'><strong>Igitur</strong></span> <span class='ocrx_word' id='word_1_151' title='bbox 1274 2419 1282 2434; x_wconf 88' lang='lat'><strong>.</strong></span> <span class='ocrx_word' id='word_1_152' title='bbox 1305 2418 1313 2435; x_wconf 93' lang='lat'><strong><em>.</em></strong></span> <span class='ocrx_word' id='word_1_153' title='bbox 1336 2419 1343 2434; x_wconf 93' lang='lat'><em>.</em></span> <span class='ocrx_word' id='word_1_154' title='bbox 1363 2370 1557 2437; x_wconf 84' lang='lat' dir='ltr'><strong>fraternitati</strong></span> 
     </span>
     <span class='ocr_line' id='line_1_19' title="bbox 220 2476 1558 2560; baseline 0 -16"><span class='ocrx_word' id='word_1_155' title='bbox 220 2487 348 2545; x_wconf 88' lang='lat' dir='ltr'><strong>vestre.</strong></span> <span class='ocrx_word' id='word_1_156' title='bbox 366 2528 372 2542; x_wconf 96' lang='lat'><em>.</em></span> <span class='ocrx_word' id='word_1_157' title='bbox 391 2480 639 2545; x_wconf 77' lang='lat' dir='ltr'><strong>‚committimus</strong></span> <span class='ocrx_word' id='word_1_158' title='bbox 656 2486 689 2546; x_wconf 89' lang='lat' dir='ltr'><strong>ct</strong></span> <span class='ocrx_word' id='word_1_159' title='bbox 705 2480 765 2546; x_wconf 90' lang='lat' dir='ltr'><strong>sub</strong></span> <span class='ocrx_word' id='word_1_160' title='bbox 782 2480 901 2544; x_wconf 85' lang='lat' dir='ltr'><strong>virtute</strong></span> <span class='ocrx_word' id='word_1_161' title='bbox 919 2477 1126 2544; x_wconf 89' lang='lat' dir='ltr'><strong>obedientie.</strong></span> <span class='ocrx_word' id='word_1_162' title='bbox 1145 2527 1152 2542; x_wconf 93' lang='lat'><strong>.</strong></span> <span class='ocrx_word' id='word_1_163' title='bbox 1172 2476 1391 2560; x_wconf 73' lang='lat' dir='ltr'><strong>mandamus,</strong></span> <span class='ocrx_word' id='word_1_164' title='bbox 1409 2479 1558 2559; x_wconf 89' lang='lat' dir='ltr'><strong>quatinus</strong></span> 
     </span>
     <span class='ocr_line' id='line_1_20' title="bbox 220 2584 1557 2671; baseline 0.001 -22"><span class='ocrx_word' id='word_1_165' title='bbox 220 2633 227 2649; x_wconf 92' lang='lat'><em>.</em></span> <span class='ocrx_word' id='word_1_166' title='bbox 247 2633 254 2649; x_wconf 93' lang='lat'><strong>.</strong></span> <span class='ocrx_word' id='word_1_167' title='bbox 272 2634 279 2651; x_wconf 91' lang='lat'><strong><em>.</em></strong></span> <span class='ocrx_word' id='word_1_168' title='bbox 298 2606 370 2651; x_wconf 91' lang='lat' dir='ltr'><strong>cum</strong></span> <span class='ocrx_word' id='word_1_169' title='bbox 386 2607 406 2651; x_wconf 94' lang='lat' dir='ltr'><strong>a</strong></span> <span class='ocrx_word' id='word_1_170' title='bbox 422 2585 509 2652; x_wconf 93' lang='lat' dir='ltr'><strong>dicto</strong></span> <span class='ocrx_word' id='word_1_171' title='bbox 526 2585 675 2652; x_wconf 84' lang='lat' dir='ltr'><strong>Conrado</strong></span> <span class='ocrx_word' id='word_1_172' title='bbox 699 2588 751 2653; x_wconf 88' lang='lat' dir='ltr'><strong>vel</strong></span> <span class='ocrx_word' id='word_1_173' title='bbox 780 2588 851 2652; x_wconf 89' lang='lat' dir='ltr'><strong>eius</strong></span> <span class='ocrx_word' id='word_1_174' title='bbox 875 2595 1083 2671; x_wconf 88' lang='lat' dir='ltr'><strong>procuratore</strong></span> <span class='ocrx_word' id='word_1_175' title='bbox 1106 2605 1204 2670; x_wconf 90' lang='lat' dir='ltr'><strong>super</strong></span> <span class='ocrx_word' id='word_1_176' title='bbox 1221 2584 1283 2650; x_wconf 90' lang='lat' dir='ltr'><strong>hoc</strong></span> <span class='ocrx_word' id='word_1_177' title='bbox 1306 2584 1433 2652; x_wconf 84' lang='lat' dir='ltr'><strong>fueritis</strong></span> <span class='ocrx_word' id='word_1_178' title='bbox 1455 2587 1557 2668; x_wconf 91' lang='lat' dir='ltr'><strong>requi-</strong></span> 
     </span>
     <span class='ocr_line' id='line_1_21' title="bbox 219 2691 1557 2779; baseline 0 -21"><span class='ocrx_word' id='word_1_179' title='bbox 219 2693 273 2758; x_wconf 85' lang='lat' dir='ltr'><strong>siti</strong></span> <span class='ocrx_word' id='word_1_180' title='bbox 302 2740 309 2757; x_wconf 92' lang='lat'><strong><em>.</em></strong></span> <span class='ocrx_word' id='word_1_181' title='bbox 340 2740 346 2754; x_wconf 91' lang='lat'><em>.</em></span> <span class='ocrx_word' id='word_1_182' title='bbox 375 2741 382 2757; x_wconf 93' lang='lat'><strong>.</strong></span> <span class='ocrx_word' id='word_1_183' title='bbox 408 2693 613 2778; x_wconf 88' lang='lat' dir='ltr'><strong>supradictos</strong></span> <span class='ocrx_word' id='word_1_184' title='bbox 648 2713 816 2779; x_wconf 89' lang='lat' dir='ltr'><strong>processus</strong></span> <span class='ocrx_word' id='word_1_185' title='bbox 851 2713 910 2777; x_wconf 92' lang='lat' dir='ltr'><strong>per</strong></span> <span class='ocrx_word' id='word_1_186' title='bbox 945 2691 1126 2776; x_wconf 90' lang='lat' dir='ltr'><strong>predictum</strong></span> <span class='ocrx_word' id='word_1_187' title='bbox 1159 2691 1326 2760; x_wconf 88' lang='lat' dir='ltr'><strong>Nicolaum</strong></span> <span class='ocrx_word' id='word_1_188' title='bbox 1364 2691 1490 2758; x_wconf 89' lang='lat' dir='ltr'><strong>habitos</strong></span> <span class='ocrx_word' id='word_1_189' title='bbox 1524 2693 1557 2758; x_wconf 90' lang='lat' dir='ltr'><strong>in</strong></span> 
     </span>
     <span class='ocr_line' id='line_1_22' title="bbox 220 2787 1558 2884; baseline 0.001 -20"><span class='ocrx_word' id='word_1_190' title='bbox 220 2799 365 2866; x_wconf 89' lang='lat' dir='ltr'><strong>ecclesiis</strong></span> <span class='ocrx_word' id='word_1_191' title='bbox 398 2800 584 2866; x_wconf 86' lang='lat' dir='ltr'><strong>civitatibus</strong></span> <span class='ocrx_word' id='word_1_192' title='bbox 624 2801 807 2866; x_wconf 91' lang='lat' dir='ltr'><strong>diocesibus</strong></span> <span class='ocrx_word' id='word_1_193' title='bbox 840 2808 872 2865; x_wconf 91' lang='lat' dir='ltr'><strong>et</strong></span> <span class='ocrx_word' id='word_1_194' title='bbox 904 2801 985 2866; x_wconf 90' lang='lat' dir='ltr'><strong>locis</strong></span> <span class='ocrx_word' id='word_1_195' title='bbox 1018 2799 1135 2866; x_wconf 85' lang='lat' dir='ltr'><strong>vestris</strong></span> <span class='ocrx_word' id='word_1_196' title='bbox 1167 2798 1293 2866; x_wconf 92' lang='lat' dir='ltr'><strong>sublato</strong></span> <span class='ocrx_word' id='word_1_197' title='bbox 1331 2787 1558 2884; x_wconf 89' lang='lat' dir='ltr'><strong>appellationis</strong></span> 
     </span>
     <span class='ocr_line' id='line_1_23' title="bbox 219 2905 1557 2992; baseline 0.001 -22"><span class='ocrx_word' id='word_1_198' title='bbox 219 2905 385 2972; x_wconf 88' lang='lat' dir='ltr'><strong>obstaculo</strong></span> <span class='ocrx_word' id='word_1_199' title='bbox 421 2907 557 2992; x_wconf 86' lang='lat' dir='ltr'><strong>singulis</strong></span> <span class='ocrx_word' id='word_1_200' title='bbox 592 2907 705 2975; x_wconf 92' lang='lat' dir='ltr'><strong>diebus</strong></span> <span class='ocrx_word' id='word_1_201' title='bbox 740 2905 911 2973; x_wconf 88' lang='lat' dir='ltr'><strong>dominicis</strong></span> <span class='ocrx_word' id='word_1_202' title='bbox 952 2914 986 2972; x_wconf 90' lang='lat' dir='ltr'><strong>et</strong></span> <span class='ocrx_word' id='word_1_203' title='bbox 1020 2905 1148 2973; x_wconf 81' lang='lat' dir='ltr'><strong>festivis</strong></span> <span class='ocrx_word' id='word_1_204' title='bbox 1183 2913 1382 2990; x_wconf 84' lang='lat' dir='ltr'><strong>congregato</strong></span> <span class='ocrx_word' id='word_1_205' title='bbox 1416 2905 1557 2972; x_wconf 91' lang='lat' dir='ltr'><strong>fidelium</strong></span> 
     </span>
     <span class='ocr_line' id='line_1_24' title="bbox 218 3013 1556 3099; baseline 0 -22"><span class='ocrx_word' id='word_1_206' title='bbox 218 3013 337 3098; x_wconf 92' lang='lat' dir='ltr'><strong>populo</strong></span> <span class='ocrx_word' id='word_1_207' title='bbox 361 3013 532 3099; x_wconf 90' lang='lat' dir='ltr'><strong>publicetis</strong></span> <span class='ocrx_word' id='word_1_208' title='bbox 557 3063 564 3079; x_wconf 93' lang='lat'><strong><em>.</em></strong></span> <span class='ocrx_word' id='word_1_209' title='bbox 591 3014 837 3096; x_wconf 88' lang='lat' dir='ltr'><strong>..dictumque</strong></span> <span class='ocrx_word' id='word_1_210' title='bbox 862 3013 1057 3080; x_wconf 75' lang='lat' dir='ltr'><strong>cristianum</strong></span> <span class='ocrx_word' id='word_1_211' title='bbox 1082 3014 1123 3079; x_wconf 90' lang='lat' dir='ltr'><strong>ab</strong></span> <span class='ocrx_word' id='word_1_212' title='bbox 1148 3013 1294 3078; x_wconf 90' lang='lat' dir='ltr'><strong>omnibus</strong></span> <span class='ocrx_word' id='word_1_213' title='bbox 1317 3014 1418 3078; x_wconf 90' lang='lat' dir='ltr'><strong>artius</strong></span> <span class='ocrx_word' id='word_1_214' title='bbox 1441 3013 1556 3079; x_wconf 86' lang='lat' dir='ltr'><strong>evitari</strong></span> 
     </span>
     <span class='ocr_line' id='line_1_25' title="bbox 221 3119 1556 3206; baseline 0 -21"><span class='ocrx_word' id='word_1_215' title='bbox 221 3119 401 3186; x_wconf 87' lang='lat' dir='ltr'><strong>...donec</strong></span> <span class='ocrx_word' id='word_1_216' title='bbox 424 3120 507 3186; x_wconf 91' lang='lat' dir='ltr'><strong>idem</strong></span> <span class='ocrx_word' id='word_1_217' title='bbox 526 3171 533 3186; x_wconf 90' lang='lat'><strong>.</strong></span> <span class='ocrx_word' id='word_1_218' title='bbox 551 3170 557 3184; x_wconf 95' lang='lat'>.</span> <span class='ocrx_word' id='word_1_219' title='bbox 576 3170 583 3185; x_wconf 92' lang='lat'><strong><em>.</em></strong></span> <span class='ocrx_word' id='word_1_220' title='bbox 601 3120 723 3187; x_wconf 88' lang='lat' dir='ltr'><strong>dictam</strong></span> <span class='ocrx_word' id='word_1_221' title='bbox 754 3119 956 3186; x_wconf 86' lang='lat' dir='ltr'><strong>scolastriam</strong></span> <span class='ocrx_word' id='word_1_222' title='bbox 980 3140 1052 3186; x_wconf 91' lang='lat' dir='ltr'><strong>cum</strong></span> <span class='ocrx_word' id='word_1_223' title='bbox 1085 3121 1231 3186; x_wconf 92' lang='lat' dir='ltr'><strong>omuibus</strong></span> <span class='ocrx_word' id='word_1_224' title='bbox 1253 3120 1375 3186; x_wconf 89' lang='lat' dir='ltr'><strong>iuribus</strong></span> <span class='ocrx_word' id='word_1_225' title='bbox 1404 3126 1437 3185; x_wconf 88' lang='lat' dir='ltr'><strong>et</strong></span> <span class='ocrx_word' id='word_1_226' title='bbox 1459 3121 1556 3206; x_wconf 92' lang='lat' dir='ltr'><strong>perti·</strong></span> 
     </span>
     <span class='ocr_line' id='line_1_26' title="bbox 219 3225 1556 3294; baseline 0.001 -2"><span class='ocrx_word' id='word_1_227' title='bbox 219 3229 336 3294; x_wconf 75' lang='lat' dir='ltr'><strong>neruis</strong></span> <span class='ocrx_word' id='word_1_228' title='bbox 368 3229 489 3294; x_wconf 90' lang='lat' dir='ltr'><strong>suiset</strong></span> <span class='ocrx_word' id='word_1_229' title='bbox 523 3248 593 3294; x_wconf 93' lang='lat' dir='ltr'><strong>cum</strong></span> <span class='ocrx_word' id='word_1_230' title='bbox 618 3227 819 3294; x_wconf 87' lang='lat' dir='ltr'><strong>restitutione</strong></span> <span class='ocrx_word' id='word_1_231' title='bbox 851 3227 1043 3293; x_wconf 85' lang='lat' dir='ltr'><strong>fructuum.</strong></span> <span class='ocrx_word' id='word_1_232' title='bbox 1068 3276 1075 3288; x_wconf 92' lang='lat'>.</span> <span class='ocrx_word' id='word_1_233' title='bbox 1100 3277 1107 3291; x_wconf 90' lang='lat'><strong>.</strong></span> <span class='ocrx_word' id='word_1_234' title='bbox 1131 3225 1303 3292; x_wconf 91' lang='lat' dir='ltr'><strong>dimittat.</strong></span> <span class='ocrx_word' id='word_1_235' title='bbox 1328 3233 1425 3293; x_wconf 87' lang='lat' dir='ltr'><strong>..et</strong></span> <span class='ocrx_word' id='word_1_236' title='bbox 1457 3227 1556 3293; x_wconf 89' lang='lat' dir='ltr'><strong>nichi-</strong></span> 
     </span>
     <span class='ocr_line' id='line_1_27' title="bbox 220 3334 1556 3421; baseline 0 -22"><span class='ocrx_word' id='word_1_237' title='bbox 220 3334 354 3403; x_wconf 89' lang='lat' dir='ltr'><strong>lominus</strong></span> <span class='ocrx_word' id='word_1_238' title='bbox 378 3335 539 3421; x_wconf 89' lang='lat' dir='ltr'><strong>prefatum</strong></span> <span class='ocrx_word' id='word_1_239' title='bbox 556 3335 748 3402; x_wconf 83' lang='lat' dir='ltr'><strong>Oristianum</strong></span> <span class='ocrx_word' id='word_1_240' title='bbox 773 3341 923 3420; x_wconf 84' lang='lat' dir='ltr'><strong>exparte</strong></span> <span class='ocrx_word' id='word_1_241' title='bbox 947 3341 1057 3401; x_wconf 89' lang='lat' dir='ltr'><strong>nostra</strong></span> <span class='ocrx_word' id='word_1_242' title='bbox 1074 3334 1287 3420; x_wconf 81' lang='lat' dir='ltr'><strong>peremptorie</strong></span> <span class='ocrx_word' id='word_1_243' title='bbox 1311 3334 1411 3400; x_wconf 88' lang='lat' dir='ltr'><strong>citare</strong></span> <span class='ocrx_word' id='word_1_244' title='bbox 1428 3335 1556 3416; x_wconf 89' lang='lat' dir='ltr'><strong>curetis,</strong></span> 
     </span>
     <span class='ocr_line' id='line_1_28' title="bbox 219 3441 1557 3527; baseline -0.001 -19"><span class='ocrx_word' id='word_1_245' title='bbox 219 3450 254 3507; x_wconf 91' lang='lat' dir='ltr'><strong>ut</strong></span> <span class='ocrx_word' id='word_1_246' title='bbox 287 3443 371 3508; x_wconf 85' lang='lat' dir='ltr'><strong>infra</strong></span> <span class='ocrx_word' id='word_1_247' title='bbox 395 3442 528 3508; x_wconf 90' lang='lat' dir='ltr'><strong>duorum</strong></span> <span class='ocrx_word' id='word_1_248' title='bbox 554 3444 707 3510; x_wconf 86' lang='lat' dir='ltr'><strong>mensium</strong></span> <span class='ocrx_word' id='word_1_249' title='bbox 731 3443 904 3527; x_wconf 91' lang='lat' dir='ltr'><strong>spacium.</strong></span> <span class='ocrx_word' id='word_1_250' title='bbox 936 3491 943 3507; x_wconf 94' lang='lat'><strong>.</strong></span> <span class='ocrx_word' id='word_1_251' title='bbox 973 3491 981 3506; x_wconf 94' lang='lat'><strong><em>.</em></strong></span> <span class='ocrx_word' id='word_1_252' title='bbox 1009 3462 1080 3508; x_wconf 89' lang='lat' dir='ltr'><strong>cum</strong></span> <span class='ocrx_word' id='word_1_253' title='bbox 1105 3442 1251 3508; x_wconf 89' lang='lat' dir='ltr'><strong>omuibus</strong></span> <span class='ocrx_word' id='word_1_254' title='bbox 1273 3441 1356 3508; x_wconf 89' lang='lat' dir='ltr'><strong>actis</strong></span> <span class='ocrx_word' id='word_1_255' title='bbox 1380 3441 1501 3507; x_wconf 88' lang='lat' dir='ltr'><strong>iuribus</strong></span> <span class='ocrx_word' id='word_1_256' title='bbox 1524 3447 1557 3507; x_wconf 90' lang='lat' dir='ltr'><strong>et</strong></span> 
     </span>
     <span class='ocr_line' id='line_1_29' title="bbox 220 3548 1556 3635; baseline 0 -21"><span class='ocrx_word' id='word_1_257' title='bbox 220 3549 433 3632; x_wconf 90' lang='lat' dir='ltr'><strong>munimentis,</strong></span> <span class='ocrx_word' id='word_1_258' title='bbox 464 3550 490 3616; x_wconf 90' lang='lat' dir='ltr'><strong>si</strong></span> <span class='ocrx_word' id='word_1_259' title='bbox 515 3570 578 3633; x_wconf 91' lang='lat' dir='ltr'><strong>qua</strong></span> <span class='ocrx_word' id='word_1_260' title='bbox 609 3550 669 3616; x_wconf 93' lang='lat' dir='ltr'><strong>sibi</strong></span> <span class='ocrx_word' id='word_1_261' title='bbox 694 3570 790 3635; x_wconf 90' lang='lat' dir='ltr'><strong>super</strong></span> <span class='ocrx_word' id='word_1_262' title='bbox 815 3548 973 3634; x_wconf 90' lang='lat' dir='ltr'><strong>predictis</strong></span> <span class='ocrx_word' id='word_1_263' title='bbox 997 3556 1191 3635; x_wconf 89' lang='lat' dir='ltr'><strong>competant,</strong></span> <span class='ocrx_word' id='word_1_264' title='bbox 1221 3548 1406 3632; x_wconf 89' lang='lat' dir='ltr'><strong>conspectui</strong></span> <span class='ocrx_word' id='word_1_265' title='bbox 1430 3555 1556 3635; x_wconf 85' lang='lat' dir='ltr'><strong>aposto</strong></span> 
     </span>
     <span class='ocr_line' id='line_1_30' title="bbox 218 3655 1556 3743; baseline -0.001 -22"><span class='ocrx_word' id='word_1_266' title='bbox 218 3657 280 3722; x_wconf 91' lang='lat' dir='ltr'><strong>lico</strong></span> <span class='ocrx_word' id='word_1_267' title='bbox 305 3658 364 3724; x_wconf 93' lang='lat' dir='ltr'><strong>sub</strong></span> <span class='ocrx_word' id='word_1_268' title='bbox 387 3677 471 3743; x_wconf 88' lang='lat' dir='ltr'><strong>pena</strong></span> <span class='ocrx_word' id='word_1_269' title='bbox 494 3657 685 3743; x_wconf 88' lang='lat' dir='ltr'><strong>privationis</strong></span> <span class='ocrx_word' id='word_1_270' title='bbox 708 3656 937 3723; x_wconf 84' lang='lat' dir='ltr'><strong>beneficiorum</strong></span> <span class='ocrx_word' id='word_1_271' title='bbox 960 3703 967 3718; x_wconf 94' lang='lat'>.</span> <span class='ocrx_word' id='word_1_272' title='bbox 991 3705 997 3721; x_wconf 94' lang='lat'><strong>.</strong></span> <span class='ocrx_word' id='word_1_273' title='bbox 1024 3664 1082 3722; x_wconf 91' lang='lat' dir='ltr'><strong>.ot</strong></span> <span class='ocrx_word' id='word_1_274' title='bbox 1106 3655 1401 3721; x_wconf 85' lang='lat' dir='ltr'><strong>inhabilitationis.</strong></span> <span class='ocrx_word' id='word_1_275' title='bbox 1424 3704 1430 3719; x_wconf 92' lang='lat'><em>.</em></span> <span class='ocrx_word' id='word_1_276' title='bbox 1456 3703 1463 3720; x_wconf 91' lang='lat'>.</span> <span class='ocrx_word' id='word_1_277' title='bbox 1486 3676 1556 3741; x_wconf 89' lang='lat' dir='ltr'><strong>per-</strong></span> 
     </span>
     <span class='ocr_line' id='line_1_31' title="bbox 217 3760 1554 3851; baseline -0.001 -22"><span class='ocrx_word' id='word_1_278' title='bbox 217 3764 370 3831; x_wconf 90' lang='lat' dir='ltr'><strong>sonaliter</strong></span> <span class='ocrx_word' id='word_1_279' title='bbox 392 3772 608 3851; x_wconf 78' lang='lat' dir='ltr'><strong>representet</strong></span> <span class='ocrx_word' id='word_1_280' title='bbox 627 3815 633 3830; x_wconf 92' lang='lat'>.</span> <span class='ocrx_word' id='word_1_281' title='bbox 652 3813 659 3829; x_wconf 93' lang='lat'><em>.</em></span> <span class='ocrx_word' id='word_1_282' title='bbox 678 3815 684 3828; x_wconf 94' lang='lat'>.</span> <span class='ocrx_word' id='word_1_283' title='bbox 712 3765 787 3830; x_wconf 92' lang='lat' dir='ltr'><strong>Dat.</strong></span> <span class='ocrx_word' id='word_1_284' title='bbox 805 3765 900 3830; x_wconf 76' lang='lat' dir='ltr'><strong>Asin.</strong></span> <span class='ocrx_word' id='word_1_285' title='bbox 920 3764 984 3829; x_wconf 92' lang='lat' dir='ltr'><strong>llll</strong></span> <span class='ocrx_word' id='word_1_286' title='bbox 1004 3783 1106 3830; x_wconf 88' lang='lat' dir='ltr'><strong>nonas</strong></span> <span class='ocrx_word' id='word_1_287' title='bbox 1122 3763 1250 3847; x_wconf 86' lang='lat' dir='ltr'><strong>augusti</strong></span> <span class='ocrx_word' id='word_1_288' title='bbox 1267 3783 1287 3827; x_wconf 86' lang='lat' dir='ltr'><strong>a</strong></span> <span class='ocrx_word' id='word_1_289' title='bbox 1302 3768 1394 3829; x_wconf 85' lang='lat' dir='ltr'><strong>sexto</strong></span> <span class='ocrx_word' id='word_1_290' title='bbox 1418 3760 1554 3828; x_wconf 89' lang='lat' dir='ltr'><strong>decimo.</strong></span> 
     </span>
    </p>
   </div>
   <div class='ocr_carea' id='block_1_3' title="bbox 369 3889 685 3961">
    <p class='ocr_par' dir='ltr' id='par_1_3' title="bbox 369 3889 685 3961">
     <span class='ocr_line' id='line_1_32' title="bbox 369 3889 685 3961; baseline -0.006 -16"><span class='ocrx_word' id='word_1_291' title='bbox 369 3890 441 3961; x_wconf 80' lang='lat' dir='ltr'><strong>Rep.</strong></span> <span class='ocrx_word' id='word_1_292' title='bbox 462 3889 518 3944; x_wconf 83' lang='lat'><strong>102</strong></span> <span class='ocrx_word' id='word_1_293' title='bbox 537 3905 584 3944; x_wconf 76' lang='lat' dir='ltr'><strong>nr.</strong></span> <span class='ocrx_word' id='word_1_294' title='bbox 605 3890 685 3943; x_wconf 81' lang='grc'><strong><em>1487.</em></strong></span> 
     </span>
    </p>
   </div>
   <div class='ocr_carea' id='block_1_4' title="bbox 326 4176 965 4266">
    <p class='ocr_par' dir='ltr' id='par_1_4' title="bbox 326 4176 965 4266">
     <span class='ocr_line' id='line_1_33' title="bbox 326 4176 965 4266; baseline -0.002 -24"><span class='ocrx_word' id='word_1_295' title='bbox 326 4176 447 4244; x_wconf 75' lang='grc'><strong>2138.</strong></span> <span class='ocrx_word' id='word_1_296' title='bbox 477 4181 564 4243; x_wconf 81' lang='grc'><em>1332</em></span> <span class='ocrx_word' id='word_1_297' title='bbox 587 4176 719 4265; x_wconf 78' lang='lat' dir='ltr'><strong>Aepust</strong></span> <span class='ocrx_word' id='word_1_298' title='bbox 743 4179 773 4244; x_wconf 82' lang='lat'><strong>7.</strong></span> <span class='ocrx_word' id='word_1_299' title='bbox 798 4177 965 4266; x_wconf 79' lang='lat' dir='ltr'><strong>Aoipuou.</strong></span> 
     </span>
    </p>
   </div>
   <div class='ocr_carea' id='block_1_5' title="bbox 219 4317 1555 4727">
    <p class='ocr_par' dir='ltr' id='par_1_5' title="bbox 219 4317 1555 4727">
     <span class='ocr_line' id='line_1_34' title="bbox 323 4317 1554 4406; baseline 0.002 -22"><span class='ocrx_word' id='word_1_300' title='bbox 323 4319 482 4387; x_wconf 90' lang='lat' dir='ltr'><strong>lohannes</strong></span> <span class='ocrx_word' id='word_1_301' title='bbox 507 4321 606 4386; x_wconf 90' lang='lat' dir='ltr'>XXII</span> <span class='ocrx_word' id='word_1_302' title='bbox 635 4319 812 4386; x_wconf 83' lang='lat' dir='ltr'><strong>Emeeboui</strong></span> <span class='ocrx_word' id='word_1_303' title='bbox 843 4327 920 4386; x_wconf 87' lang='lat' dir='ltr'><strong>nato</strong></span> <span class='ocrx_word' id='word_1_304' title='bbox 943 4319 1130 4388; x_wconf 85' lang='lat' dir='ltr'><strong>Emicbouis</strong></span> <span class='ocrx_word' id='word_1_305' title='bbox 1158 4319 1285 4387; x_wconf 90' lang='lat' dir='ltr'><strong>comitis</strong></span> <span class='ocrx_word' id='word_1_306' title='bbox 1308 4318 1350 4385; x_wconf 89' lang='lat' dir='ltr'><strong>de</strong></span> <span class='ocrx_word' id='word_1_307' title='bbox 1373 4317 1554 4406; x_wconf 84' lang='lat' dir='ltr'><strong>Nassawya</strong></span> 
     </span>
     <span class='ocr_line' id='line_1_35' title="bbox 220 4427 1553 4514; baseline 0.001 -21"><span class='ocrx_word' id='word_1_308' title='bbox 220 4427 344 4493; x_wconf 88' lang='lat' dir='ltr'><strong>confert</strong></span> <span class='ocrx_word' id='word_1_309' title='bbox 377 4428 454 4494; x_wconf 88' lang='lat' dir='ltr'><strong>eccl.</strong></span> <span class='ocrx_word' id='word_1_310' title='bbox 481 4427 722 4494; x_wconf 91' lang='lat' dir='ltr'><strong>Wormatieusis</strong></span> <span class='ocrx_word' id='word_1_311' title='bbox 755 4431 993 4510; x_wconf 89' lang='lat' dir='ltr'><strong>canonicatum,</strong></span> <span class='ocrx_word' id='word_1_312' title='bbox 1029 4427 1225 4514; x_wconf 89' lang='lat' dir='ltr'><strong>prebendam</strong></span> <span class='ocrx_word' id='word_1_313' title='bbox 1259 4447 1335 4493; x_wconf 89' lang='lat' dir='ltr'><strong>vero</strong></span> <span class='ocrx_word' id='word_1_314' title='bbox 1369 4427 1472 4493; x_wconf 91' lang='lat' dir='ltr'><strong>eidem</strong></span> <span class='ocrx_word' id='word_1_315' title='bbox 1506 4447 1553 4494; x_wconf 91' lang='lat' dir='ltr'><strong>re·</strong></span> 
     </span>
     <span class='ocr_line' id='line_1_36' title="bbox 219 4533 1555 4620; baseline 0 -20"><span class='ocrx_word' id='word_1_316' title='bbox 219 4542 338 4619; x_wconf 87' lang='lat' dir='ltr'><strong>servat,</strong></span> <span class='ocrx_word' id='word_1_317' title='bbox 370 4556 433 4602; x_wconf 87' lang='lat' dir='ltr'><strong>nou</strong></span> <span class='ocrx_word' id='word_1_318' title='bbox 463 4535 611 4600; x_wconf 87' lang='lat' dir='ltr'><strong>obstante</strong></span> <span class='ocrx_word' id='word_1_319' title='bbox 640 4533 725 4618; x_wconf 90' lang='lat' dir='ltr'><strong>quod</strong></span> <span class='ocrx_word' id='word_1_320' title='bbox 754 4535 787 4599; x_wconf 91' lang='lat' dir='ltr'><strong>in</strong></span> <span class='ocrx_word' id='word_1_321' title='bbox 811 4535 922 4601; x_wconf 85' lang='lat' dir='ltr'><strong>Oolon.</strong></span> <span class='ocrx_word' id='word_1_322' title='bbox 947 4541 981 4600; x_wconf 92' lang='lat' dir='ltr'><strong>et</strong></span> <span class='ocrx_word' id='word_1_323' title='bbox 1005 4535 1148 4620; x_wconf 84' lang='lat' dir='ltr'><strong>Maguut.</strong></span> <span class='ocrx_word' id='word_1_324' title='bbox 1179 4534 1259 4601; x_wconf 90' lang='lat' dir='ltr'><strong>eccl.</strong></span> <span class='ocrx_word' id='word_1_325' title='bbox 1289 4535 1498 4600; x_wconf 86' lang='lat' dir='ltr'><strong>canonicatus</strong></span> <span class='ocrx_word' id='word_1_326' title='bbox 1521 4543 1555 4600; x_wconf 92' lang='lat' dir='ltr'><strong>et</strong></span> 
     </span>
     <span class='ocr_line' id='line_1_37' title="bbox 220 4641 556 4727; baseline -0.006 -21"><span class='ocrx_word' id='word_1_327' title='bbox 220 4641 401 4727; x_wconf 90' lang='lat' dir='ltr'><strong>prebendas</strong></span> <span class='ocrx_word' id='word_1_328' title='bbox 424 4643 556 4708; x_wconf 90' lang='lat' dir='ltr'><strong>obtinet.</strong></span> 
     </span>
    </p>
   </div>
   <div class='ocr_carea' id='block_1_6' title="bbox 219 4749 1552 4906">
    <p class='ocr_par' dir='ltr' id='par_1_6' title="bbox 219 4749 1552 4906">
     <span class='ocr_line' id='line_1_38' title="bbox 219 4749 1552 4904; baseline -0.001 -88"><span class='ocrx_word' id='word_1_329' title='bbox 219 4839 239 4904; x_wconf 75' lang='lat' dir='ltr'>d</span> <span class='ocrx_word' id='word_1_330' title='bbox 284 4840 290 4853; x_wconf 31' lang='grc' dir='ltr'>ι</span> <span class='ocrx_word' id='word_1_331' title='bbox 325 4749 486 4816; x_wconf 88' lang='lat' dir='ltr'><strong>Nobilitas</strong></span> <span class='ocrx_word' id='word_1_332' title='bbox 509 4750 645 4834; x_wconf 85' lang='lat' dir='ltr'><strong>generis,</strong></span> <span class='ocrx_word' id='word_1_333' title='bbox 670 4751 735 4815; x_wconf 82' lang='lat' dir='ltr'><strong>vite</strong></span> <span class='ocrx_word' id='word_1_334' title='bbox 754 4801 761 4815; x_wconf 91' lang='lat'><em>.</em></span> <span class='ocrx_word' id='word_1_335' title='bbox 781 4798 813 4815; x_wconf 94' lang='lat'><strong>..</strong></span> <span class='ocrx_word' id='word_1_336' title='bbox 841 4750 916 4816; x_wconf 90' lang='lat' dir='ltr'><strong>Dat.</strong></span> <span class='ocrx_word' id='word_1_337' title='bbox 941 4749 1035 4816; x_wconf 82' lang='lat' dir='ltr'><strong>Avin.</strong></span> <span class='ocrx_word' id='word_1_338' title='bbox 1061 4750 1122 4815; x_wconf 93' lang='lat' dir='ltr'><strong>Vll</strong></span> <span class='ocrx_word' id='word_1_339' title='bbox 1146 4749 1219 4816; x_wconf 92' lang='lat' dir='ltr'><strong>idus</strong></span> <span class='ocrx_word' id='word_1_340' title='bbox 1242 4750 1370 4834; x_wconf 83' lang='lat' dir='ltr'><strong>augusti</strong></span> <span class='ocrx_word' id='word_1_341' title='bbox 1394 4771 1424 4815; x_wconf 91' lang='lat' dir='ltr'><strong>a.</strong></span> <span class='ocrx_word' id='word_1_342' title='bbox 1448 4758 1552 4816; x_wconf 81' lang='lat' dir='ltr'><strong>sexto·</strong></span> 
     </span>
     <span class='ocr_line' id='line_1_39' title="bbox 244 4859 357 4906; baseline 0.009 -1"><span class='ocrx_word' id='word_1_343' title='bbox 244 4859 357 4906; x_wconf 79' lang='lat' dir='ltr'><strong>sermo.</strong></span> 
     </span>
    </p>
   </div>
   <div class='ocr_carea' id='block_1_7' title="bbox 0 0 1826 5509">
    <p class='ocr_par' dir='ltr' id='par_1_7' title="bbox 0 0 1826 5509">
     <span class='ocr_line' id='line_1_40' title="bbox 0 0 1826 5509; baseline 0 0"><span class='ocrx_word' id='word_1_344' title='bbox 0 0 1826 5509; x_wconf 95' lang='lat' dir='ltr'><strong> </strong></span> 
     </span>
    </p>
   </div>
  </div>
 </body>
</html>
