3642 5509
795 448 866 512 loeo
884 441 948 513 turi
966 449 1009 512 31.
1503 445 1556 514 att

223 633 312 722 scopi
337 631 546 704 'lreverensis
573 656 696 703 necnon
809 636 938 704 Ottonis
966 635 1058 703 ducis
1082 635 1210 701 Austrie
1235 655 1276 702 ex
1299 643 1391 720 parte
1414 637 1555 723 ipsorum

106 737 111 750 ’
223 745 311 810 circa
337 743 502 828 negotium
527 743 646 808 Bavari
675 743 803 809 inerunt
832 743 932 809 verbo
955 744 1122 828 proposita
1146 749 1178 808 ct
1201 743 1234 808 in
1258 743 1398 829 scriptis,
1430 765 1555 829 queque

223 870 280 936 per
311 871 370 916 nos
402 857 468 916 tam
501 870 558 936 per
586 849 715 917 eosdem
749 850 921 936 propositis
951 870 1045 935 quam
1080 869 1137 936 per
1166 869 1274 916 eorum
1298 850 1445 918 dominos
1469 855 1556 921 circa

222 958 310 1023 iliam
344 959 510 1024 materiam
542 959 636 1024 nobis
667 958 797 1043 scrIptis
820 959 997 1023 extiterunt
1025 977 1188 1043 responsa,
1223 960 1268 1023 tui
1293 960 1431 1040 quietem
1457 962 1555 1026 animi

223 1065 331 1130 valeat
354 1064 553 1150 perturbare,
587 1084 664 1130 ecce
687 1064 774 1147 quod
797 1062 840 1130 ad
864 1065 1078 1131 fraternitatis
1102 1071 1157 1130 tue
1179 1064 1332 1130 noticiam
1355 1066 1411 1131 illa
1433 1066 1479 1131 nil
1502 1066 1554 1133 de·

223 1177 327 1237 tracto
351 1171 403 1237 vel
426 1170 537 1237 addito
562 1169 751 1238 deducimus
773 1190 831 1256 per
854 1177 1029 1256 presentes.
1076 1171 1143 1256 Ipsi
1167 1172 1252 1236 enim
1276 1171 1374 1237 verbo
1398 1173 1501 1258 primo
1524 1180 1557 1239 et

223 1278 454 1362 subsequenter
488 1298 547 1364 per
578 1279 769 1363 scripturam
802 1284 967 1363 patentem
1004 1277 1145 1362 ipsorum
1181 1279 1407 1345 communitam
1441 1281 1556 1364 sigiliis

222 1392 456 1471 proposuerunt
488 1386 520 1450 in
553 1392 662 1451 nostra
692 1391 726 1452 et
749 1385 885 1470 plurium
915 1385 1050 1450 fratrum
1074 1391 1254 1451 nostrorum
1277 1393 1388 1452 sancto
1412 1387 1556 1454 Romane

223 1493 360 1560 ecclesie
404 1491 616 1559 cardinalium
661 1492 832 1578 presentia,
878 1512 941 1574 que
983 1499 1172 1575 sequuntur:
1215 1493 1302 1558 Ista¹
1335 1503 1383 1559 est
1421 1495 1555 1561 intentio

223 1600 434 1683 dominorum,
467 1601 593 1666 scilicet
621 1601 709 1684 regis
732 1601 863 1666 BoemIe
893 1650 900 1664 .
931 1647 938 1664 .
968 1598 1205 1684 archiepiscopi
1231 1599 1439 1668 'treverensis
1462 1608 1496 1668 et
1523 1651 1556 1666 ..

223 1705 316 1772 ducis
339 1706 477 1790 Austrie,
511 1707 597 1792 quod
621 1726 757 1792 percos
785 1712 941 1773 tractetur
965 1711 1027 1772 eto.
1061 1712 1096 1771 ut
1120 1725 1217 1791 supra
1239 1707 1272 1771 in
1295 1706 1361 1791 illa,
1395 1727 1457 1790 que
1481 1707 1557 1775 diri-

221 1814 309 1898 gitur
341 1813 428 1880 dioto
461 1815 532 1898 regi
554 1815 685 1880 Boemie
715 1833 815 1898 usque
843 1816 876 1878 iu
906 1814 1013 1879 finem.
1060 1814 1136 1878 Dat.
1160 1820 1315 1898 utsupra
1339 1815 1499 1896 (=Avin.
1525 1817 1559 1882 II

222 1921 268 1986 kl.
293 1922 422 2006 augusti
446 1943 476 1989 a.
501 1920 768 2005 quartodecimo).

330 2029 366 2093 In
391 2050 419 2095 e.
437 2050 478 2094 m.
503 2029 565 2095 init
587 2030 741 2115 scriptum
765 2029 896 2094 mutatis
918 2027 1081 2095 mutandis
1105 2027 1211 2095 multis
1235 2028 1394 2095 nobilibus
1419 2035 1451 2094 et
1475 2050 1558 2096 com·

222 2136 431 2202 munitatibus
454 2135 652 2203 diversarum
676 2135 827 2222 partium,
851 2137 935 2201 sicut
957 2137 991 2200 in
1014 2135 1149 2201 rubricis
1173 2134 1339 2220 reperitur.

383 2260 458 2331 Rep.
478 2263 532 2315 116
549 2275 596 2330 po.
616 2261 652 2314 II
665 2260 690 2330 f.
709 2262 774 2315 173⁴
792 2275 840 2315 nr.
860 2259 948 2325 1972·
968 2260 1020 2314 Ra.
1041 2261 1122 2314 1366.

329 2524 451 2591 1982.
489 2526 577 2591 1330
600 2526 676 2593 Joti
698 2528 751 2590 31.
774 2524 940 2613 Avr'pnon.

330 2667 489 2734 Iohannes
512 2668 611 2733 XXII
645 2667 822 2735 Godefrido
857 2667 898 2733 de
931 2667 1181 2735 Brandenberch
1216 2668 1474 2734 consideratione
1509 2670 1557 2735 Io·

223 2775 338 2842 bannis
361 2776 449 2859 regis
473 2774 603 2840 Boemie
630 2795 689 2860 pro
719 2794 757 2841 eo
781 2775 995 2860 supplicantis
1019 2775 1143 2841 confert
1166 2776 1245 2841 eccl.
1270 2776 1401 2845 'I'reven
1427 2776 1557 2843 canoni·

222 2889 341 2966 catum,
369 2879 568 2967 prebendam
591 2901 667 2947 vcro
696 2881 800 2946 eidem
829 2887 983 2964 reservat,
1017 2902 1079 2947 non
1104 2883 1252 2948 obstante
1275 2883 1361 2965 quod
1386 2884 1556 2951 ecclesiam

222 2988 264 3055 de
286 2988 447 3055 Lancheit
470 2990 602 3054 Trever.
627 2988 711 3055 dioc.
735 2988 870 3054 obtinet.

329 3095 425 3163 Sedis
452 3096 629 3181 apostoIIce
656 3094 860 3181 providentia
889 3145 896 3161 .
927 3143 934 3158 .
966 3145 973 3161 .
1020 3097 1096 3162 Dat.
1121 3097 1214 3164 Ario.
1240 3098 1271 3162 II
1299 3097 1345 3163 kl.
1375 3100 1502 3183 augusti
1526 3119 1556 3164 a.

222 3201 476 3286 quartodecimo.

328 3309 368 3376 In
391 3331 420 3377 e.
445 3332 488 3376 m.
522 3310 633 3376 abbati
665 3310 850 3378 monasterii
879 3310 913 3377 S.
939 3309 1061 3375 Mathia
1094 3316 1186 3376 extra
1219 3330 1325 3376 muros
1358 3311 1490 3378 Trever.
1524 3317 1557 3376 et

223 3417 347 3484 decano
371 3418 405 3484 S.
428 3417 598 3502 Symeonis
621 3417 754 3484 Trever.
787 3437 826 3482 ac
849 3418 1005 3501 magistro
1030 3416 1147 3483 Iacobo
1172 3416 1213 3482 de
1237 3417 1361 3483 Mutina
1389 3418 1556 3504 capellano

222 3525 333 3611 papali
356 3524 529 3592 scolastico
552 3525 713 3592 Tullensis
736 3524 956 3591 ecclesiarum.

371 3657 655 3727 mmmm

329 3897 452 3965 laos.
483 3899 571 3965 1330
592 3897 669 3966 Joti
691 3900 746 3965 31.
776 3896 942 3986 Aoipnon.

330 4040 489 4108 Iohannes
512 4041 613 4107 XXII
636 4041 798 4108 WiIIeImo
822 4040 931 4106 comiti
956 4041 1138 4109 Iuliacensi.

331 4149 424 4215 Licet
447 4148 488 4214 de
516 4156 571 4215 tue
603 4147 739 4233 probate
771 4146 936 4215 fidelitatis
969 4149 1151 4214 constantia
1182 4146 1347 4215 indubiam
1381 4167 1472 4234 spem
1501 4167 1556 4232 ge-

221 4275 339 4340 ramus,
368 4305 375 4321 .
403 4305 410 4320 .
438 4303 446 4322 .
472 4255 640 4341 presertim
670 4273 741 4321 cum
768 4275 986 4340 supponamus
1015 4255 1130 4320 multos
1154 4262 1367 4340 suggerentes
1395 4255 1557 4322 contraria

222 4383 286 4428 non
315 4361 440 4447 deesse,
473 4363 674 4428 nobilitatem
697 4369 785 4428 tuam
809 4361 1043 4429 exhortandam
1067 4362 1226 4447 duximus,
1255 4411 1262 4424 .
1293 4412 1300 4429 .
1331 4413 1338 4429 .
1366 4369 1411 4449 ut,
1437 4368 1557 4448 quanta

221 4470 281 4535 tibi
314 4468 448 4537 adbesio
477 4471 595 4537 Bavari
630 4469 841 4537 comminetur
873 4469 1058 4537 discrimina
1092 4476 1276 4553 quantaque
1309 4471 1350 4536 ab
1383 4473 1452 4536 eius
1484 4491 1557 4537 con·

221 4577 327 4644 sorcio
359 4578 472 4644 favore
505 4583 538 4643 et
570 4576 691 4643 auxilio
724 4578 892 4662 separacio
926 4597 1005 4660 erga
1038 4575 1132 4641 deum
1157 4583 1189 4641 et
1213 4577 1383 4644 ecclesiam
1407 4598 1446 4643 ao
1470 4578 1557 4645 viros

222 4684 401 4751 catholicos
424 4686 547 4770 premia
570 4684 787 4769 repromittat,
822 4683 1062 4750 consideranter
1094 4683 1274 4768 attendens,
1309 4685 1469 4770 inceptis
1499 4691 1557 4751 tua

333 4847 360 4915 1)
379 4845 464 4903 (lons.
484 4861 529 4899 nr.
549 4845 620 4899 1930
638 4860 710 4915 pag.
729 4844 790 4899 348.
