3642 5509
760 431 830 486 1338
848 429 922 486 Juni
941 430 966 485 9.
1046 453 1057 480 κ
1476 429 1529 486 545

195 630 293 697 super
314 611 406 677 noris
430 611 576 677 Almanie
600 631 640 677 ac
665 612 779 678 ceteris
809 612 841 675 in
869 611 986 676 litteris
1008 611 1124 677 restris
1146 611 1179 675 in
1203 609 1332 695 scriptis
1356 611 1527 677 contentis.

196 719 290 786 Nova
315 719 402 785 curie
431 727 516 801 sunt,
550 717 636 802 quod
666 717 795 802 quidam
825 719 999 803 imperator
1021 718 1228 783 Tartarorum
1253 717 1348 784 valde
1371 720 1528 784 maximus
1602 716 1604 721 ’

196 826 284 892 misit
304 825 346 892 ad
364 824 484 891 curiam
506 827 641 892 nuncios
664 825 843 910 solempnes
867 825 1000 911 cupiens
1024 826 1167 909 recipere
1190 824 1295 909 legem
1320 824 1527 890 christianam

196 938 229 998 et
251 939 287 999 ut
310 933 377 1000 illic
394 935 428 1016 (l)
451 934 567 1016 aliquis
591 932 632 999 de
660 932 877 1000 cardinalibus
906 933 949 999 ad
981 931 1160 999 docendum
1195 953 1250 999 eos
1283 934 1526 998 transmittatur.

195 1041 278 1106 ltem
310 1040 391 1107 feria
424 1048 539 1124 quarta
571 1041 604 1105 in
636 1039 721 1107 festo
753 1047 957 1127 pentecostes
988 1041 1021 1105 in
1054 1041 1164 1106 terciis
1199 1038 1346 1105 dominus
1370 1039 1526 1105 Gauianus

197 1145 344 1214 dominus
367 1148 535 1215 Nassowie
559 1154 591 1213 et
614 1197 673 1214 ...
701 1147 849 1214 dominus
880 1150 1050 1234 episcopus
1080 1147 1242 1214 (lariensis
1270 1153 1303 1212 et
1326 1146 1427 1212 frater
1450 1148 1529 1212 Her-

197 1274 331 1320 mannus
360 1254 401 1321 de
424 1255 595 1322 Westsalia
628 1254 748 1320 ordinis
781 1255 893 1322 Sancti
918 1256 1088 1340 Augustini
1112 1275 1215 1320 novus
1244 1253 1359 1320 doctor
1381 1255 1415 1318 in
1437 1254 1529 1320 theo·

196 1361 283 1446 logia
315 1364 514 1429 intraverunt
546 1362 736 1429 Arinionem
775 1370 939 1446 tamquam
973 1363 1080 1429 nuncii
1114 1362 1295 1448 solempnes
1328 1360 1528 1444 quorundam

196 1469 390 1554 prelatorum
422 1470 570 1536 Almanie
602 1489 704 1556 nuper
737 1471 769 1535 in
803 1471 899 1555 Spira
933 1471 1149 1564 collectorum,
1184 1475 1332 1556 petentes
1355 1489 1376 1534 a
1399 1468 1528 1535 domino

195 1597 282 1662 papa
305 1582 338 1641 et
360 1596 451 1642 sacro
481 1577 628 1660 collegio,
662 1584 697 1642 ut
726 1583 857 1663 propter
886 1577 1031 1663 pericula
1053 1579 1231 1644 animarum
1255 1582 1288 1643 et
1311 1576 1466 1643 scandala
1489 1597 1529 1643 ac

195 1683 424 1750 interdictam
448 1685 541 1750 terris
565 1683 712 1749 Almanie
742 1705 781 1750 ao
811 1687 949 1750 maxime
978 1685 1184 1770 prelatorum,
1209 1685 1261 1767 qui
1286 1685 1438 1750 miserunt
1462 1704 1528 1766 eos,

196 1789 342 1857 dominus
366 1811 452 1876 papa
475 1788 662 1874 dignaretur
686 1791 748 1856 sibi
772 1789 934 1857 dominum
958 1790 1168 1858 Ludowicum
1191 1791 1232 1857 de
1257 1788 1398 1857 Bavaria
1421 1811 1529 1857 recon-

196 1899 314 1965 siliare,
360 1899 465 1983 Super
489 1918 553 1981 qua
576 1918 610 1964 re
634 1897 780 1964 dominus
804 1920 891 1984 papa
915 1899 1018 1984 primo
1041 1899 1075 1964 in
1098 1920 1226 1965 camera
1249 1907 1283 1964 et
1304 1901 1452 1983 sequenti
1474 1899 1529 1966 die

196 2007 229 2071 in
252 2006 389 2091 collegio
423 2004 635 2071 cardinalium
668 2007 790 2092 positus
825 2008 952 2090 ingrate
976 2013 1009 2073 et
1032 2006 1114 2073 irate
1142 2005 1237 2073 valde
1269 2006 1446 2093 respondit,
1481 2027 1531 2073 as-

195 2134 304 2180 serens
336 2112 499 2200 predictos
531 2113 673 2198 prelatos
706 2133 761 2180 eos
800 2115 966 2180 mittentes
998 2134 1069 2180 esse
1101 2115 1303 2199 conspiratos
1335 2134 1406 2180 cum
1440 2113 1527 2180 dicto

196 2220 324 2287 domino
347 2219 525 2287 Ludowico
558 2228 671 2286 contra
694 2221 872 2287 Romanam
906 2222 1076 2287 ecclesiam
1099 2227 1132 2286 et
1155 2241 1211 2287 eos
1239 2228 1402 2305 tamqnam
1429 2228 1528 2287 teme·

195 2328 298 2394 rarios
321 2348 356 2394 se
379 2327 462 2394 velle
495 2338 664 2394 constuere
697 2327 822 2394 iudices
850 2349 946 2415 super
970 2328 1139 2395 ecclesiam
1163 2329 1351 2412 Romanam,
1385 2335 1418 2395 et
1441 2327 1528 2412 quod

195 2437 265 2521 ipse
288 2437 378 2522 prius
401 2436 497 2502 vellet
521 2437 612 2511 mori,
647 2456 718 2501 cum
742 2457 861 2521 magna
884 2437 933 2501 ira
956 2437 1133 2521 proferens,
1157 2442 1329 2520 antequam
1353 2437 1458 2522 ipsum
1480 2458 1528 2502 re·

196 2545 317 2628 ciperet
333 2542 375 2609 ad
392 2545 538 2628 gratiam,
563 2545 623 2608 nisi
648 2545 736 2628 prius
760 2543 888 2610 cederet
913 2545 998 2610 omni
1021 2545 1082 2609 iuri
1104 2563 1162 2610 suo
1179 2552 1210 2609 et
1226 2546 1324 2610 statui
1348 2551 1380 2611 et
1403 2544 1526 2611 honori.

195 2651 314 2717 Verum
338 2652 414 2734 quia
437 2650 566 2732 quidam
591 2651 772 2717 cardinales
796 2653 963 2736 cupientes
986 2653 1155 2736 pecuniam
1171 2651 1320 2717 Almauie
1343 2655 1438 2718 istam
1462 2673 1526 2718 am·

198 2757 358 2823 baciatam
383 2756 423 2822 de
447 2759 591 2842 partibus
615 2758 762 2825 Almanie
786 2759 854 2825 fieri
877 2765 1139 2844 procuraverunt,
1165 2759 1309 2825 volentes
1332 2779 1403 2825 esse
1426 2759 1527 2844 legati

196 2862 238 2929 ad
270 2864 509 2930 reformandum
538 2864 728 2949 Almaniam,
762 2865 900 2952 predicti
933 2865 1042 2931 nuncii
1076 2867 1223 2931 instructi
1256 2887 1313 2951 per
1346 2865 1528 2932 huiusmodi

196 2971 377 3038 cardinales
401 2993 441 3037 ex
465 2980 558 3057 parte
590 2972 806 3058 predictorum
842 2973 1038 3058 prelatorum
1062 2974 1210 3038 Almanie
1242 2980 1366 3058 petunt,
1398 2981 1434 3038 ut
1464 2973 1528 3040 duo

196 3078 377 3144 cardinales
400 3079 499 3164 legati
523 3079 564 3145 ad
589 3080 772 3146 Almaniam
796 3081 1061 3146 transmittantur.
1108 3080 1201 3165 Papa
1224 3079 1318 3163 dixit,
1343 3080 1430 3163 quod
1453 3101 1528 3147 suos

196 3185 377 3251 cardinales
411 3187 540 3252 nolebat
575 3187 657 3252 ursis
690 3194 722 3253 et
755 3187 900 3253 leonibus
936 3185 1109 3252 destinare.
1166 3187 1245 3253 Post
1277 3186 1337 3251 bec
1369 3186 1422 3252 die
1455 3187 1529 3253 lune

195 3295 342 3378 proxima
366 3292 511 3360 dominus
528 3292 728 3360 Coloniensis
751 3295 898 3360 submisit
921 3294 1082 3359 domiuum
1099 3293 1274 3358 Henricum
1299 3292 1340 3359 de
1356 3294 1529 3361 Tremouia

196 3399 359 3467 doctorem
382 3401 416 3465 in
439 3401 573 3486 legibus,
598 3403 652 3484 qui
676 3421 735 3488 per
759 3402 865 3468 omnia
889 3400 959 3485 agit
981 3402 1065 3466 sicut
1088 3401 1195 3467 nuncii
1219 3400 1367 3487 predicti.
1415 3403 1452 3466 ln
1467 3403 1528 3467 isto

195 3507 325 3592 negotio
354 3507 494 3574 noudum
523 3514 571 3574 est
600 3509 783 3575 conclusum
818 3529 877 3574 neo
907 3507 1029 3574 habent
1057 3528 1260 3594 responsum3
1299 3508 1356 3574 sed
1381 3508 1458 3592 quid
1481 3530 1529 3575 re-

195 3635 345 3700 sponsum
378 3615 488 3695 fuerit,
525 3635 583 3700 per
615 3617 750 3700 primum
785 3617 954 3699 nuncium,
991 3635 1084 3698 quem
1118 3614 1237 3681 habere
1269 3623 1396 3700 potero,
1436 3616 1529 3683 vobis

195 3723 342 3788 scribam.
399 3723 498 3788 Salva
530 3725 711 3788 reverentia
745 3724 940 3808 prelatorum
973 3722 1102 3788 videtur
1134 3722 1242 3798 michi,
1278 3722 1364 3805 quod
1397 3723 1527 3788 multum

196 3837 294 3913 agant
318 3830 497 3895 inconsulto
520 3829 706 3915 impetendo
732 3831 858 3916 legatos
882 3829 1072 3898 cardinales.
1119 3830 1233 3897 Nonne
1257 3829 1320 3896 duo
1339 3880 1346 3894 .
1365 3879 1372 3895 .
1391 3839 1421 3895 .⁸
1445 3853 1529 3900 anno

195 3936 372 4021 preteritob
396 3943 496 4003 totam
522 3937 691 4003 ecclesiam
716 3939 937 4022 Magantinam
962 3936 1176 4003 confuderunt
1205 3945 1396 4004 accusantes
1419 3939 1529 4007 etde·

196 4044 357 4111 ferentes⁰
393 4065 561 4130 perperam
597 4044 693 4111 valde
728 4045 871 4110 multos?
910 4045 1024 4112 Nonne
1062 4043 1316 4111 Bucehamacius
1356 4045 1528 4114 cardinalis

195 4158 339 4238 tempore
362 4151 526 4237 Rudolpbi
560 4152 645 4236 regis
678 4157 776 4217 totam
801 4151 983 4217 Almaniam
1012 4149 1183 4217 confudit?
1203 4189 1237 4198 -
1259 4151 1407 4219 Scientes
1430 4154 1527 4238 quod,

195 4261 222 4324 si
246 4261 415 4325 mittuntur
442 4259 506 4325 duo
536 4258 728 4340 cardinales,
762 4259 897 4342 quilibet
926 4257 1059 4324 habebit
1082 4279 1140 4343 pro
1163 4260 1389 4344 procuratione
1413 4263 1528 4327 suain

196 4365 249 4432 die
283 4374 410 4433 centum
442 4366 579 4432 florenos
613 4365 797 4451 incipiendo
822 4387 841 4431 a
864 4365 968 4451 prima
1001 4365 1064 4449 die,
1098 4365 1226 4449 quando
1257 4386 1315 4452 per
1346 4387 1465 4452 papam
1496 4374 1528 4434 et

197 4473 378 4540 cardinales
406 4473 449 4538 ad
479 4473 541 4540 hoc
570 4473 741 4559 eliguntur,
777 4473 829 4539 isti
860 4473 975 4557 prelati
1006 4480 1142 4555 querunt
1174 4475 1298 4557 virgam
1331 4473 1374 4538 ad
1399 4472 1527 4540 dorsum

196 4583 358 4667 proprium
384 4588 417 4647 et
441 4583 567 4648 miserie
591 4583 720 4667 proprie
744 4581 855 4647 volunt
878 4578 999 4646 addere
1022 4581 1180 4646 misenam
1204 4581 1357 4646 maiorem
1381 4591 1471 4648 etse
1495 4590 1528 4648 et

303 4747 331 4808 a)
358 4745 441 4798 loeus
460 4759 576 4798 masur.
800 4741 831 4808 b)
852 4756 933 4795 anno
953 4743 1097 4812 preterito
1117 4740 1267 4810 scriptum
1287 4758 1385 4812 supra
1404 4742 1527 4798 lineam.

196 4834 223 4901 c)
243 4835 301 4888 vel:
328 4833 502 4888 referentes.

230 4939 349 4986 varrum.
366 4941 490 4992 aegates
507 4937 539 4982 11.
1293 4921 1329 4978 35
