3642 5509
766 419 835 474 1330
854 418 972 474 Jannar
990 419 1015 472 8.
1507 415 1559 470 301

330 593 505 665 Probitatis
528 604 582 666 tue
606 600 721 665 merita
844 600 920 668 Dat.
946 600 1039 665 Avin.
1065 599 1127 664 Vll
1151 597 1227 663 idua
1250 597 1386 664 ianuarii
1410 617 1439 662 a.
1465 616 1560 680 quar·

226 705 397 772 todecimo.

332 815 370 878 ln
393 833 420 879 e.
439 835 479 879 m.
504 814 538 881 S.
557 814 765 880 Pantaleonis
787 819 820 879 et
834 812 867 879 S.
884 813 1016 879 Martini
1041 813 1150 879 Colon.
1175 812 1439 879 monasteriorum
1464 812 1559 878 abba·

225 922 311 987 tibus
343 941 383 987 ac
414 921 570 1005 magistro
603 922 722 988 Iacobo
747 919 788 986 de
812 921 937 986 Mutina
967 919 1139 988 scolastico
1168 921 1247 986 eccl.
1271 919 1432 986 Tullensis
1456 918 1560 1004 capel·

226 1028 300 1095 lano
324 1027 446 1114 papali.

375 1152 449 1225 Rep.
467 1155 507 1208 93
523 1169 572 1208 nr.
593 1154 657 1209 705.

333 1410 455 1478 1830.
481 1411 569 1476 1330
590 1412 729 1477 Jauaor
752 1414 784 1477 8.
813 1410 979 1499 Aoipooo.

334 1554 505 1639 [Iohannes
533 1554 644 1638 XXII]
670 1555 815 1638 R-utgero
840 1552 1001 1620 advocato
1025 1552 1218 1620 Coloniensi.

333 1661 520 1728 Nobilitatis
544 1667 598 1726 tue
628 1662 753 1727 litteras
776 1660 901 1746 pridem
925 1681 983 1746 per
1012 1710 1019 1726 .
1049 1711 1057 1726 .
1086 1659 1321 1726 Theodericum
1346 1659 1388 1725 de
1411 1659 1562 1742 Dusborg

228 1769 378 1834 clericum
402 1769 593 1834 familiarem
610 1775 644 1833 et
663 1770 814 1859 nuncium
838 1775 926 1834 tuum
950 1769 1042 1835 nobis
1067 1766 1229 1833 exhibitas
1252 1767 1452 1852 benignitate
1475 1787 1562 1833 rece-

227 1877 332 1961 pimus
356 1883 519 1953 consueta,
543 1896 640 1961 super
663 1874 845 1958 devotione,
869 1895 965 1959 quam
988 1873 1029 1940 ad
1053 1895 1111 1941 nos
1134 1881 1167 1940 et
1189 1875 1367 1940 Romanam
1392 1875 1562 1940 ecclesiam

230 2033 263 2048 ..
290 1985 324 2048 in
347 1983 468 2049 eisdem
494 1984 608 2049 litteris
631 1989 663 2048 te
687 1982 806 2049 babere
832 2003 1072 2066 commemoras,
1103 1980 1279 2067 gratiarum
1303 1982 1361 2047 tibi
1385 1981 1562 2047 relerentes

228 2092 342 2157 uberes
365 2091 519 2156 actiones.
566 2090 805 2155 Providentiam
835 2092 946 2174 itaque
974 2097 1061 2154 tuam
1085 2109 1315 2174 rogamus...
1342 2089 1491 2170 quatinus
1514 2088 1562 2154 sio

230 2200 415 2264 continuare
448 2197 580 2264 studeas
612 2197 792 2264 huiusmodi
826 2197 1008 2263 devotionis
1039 2199 1162 2263 sincere
1191 2198 1387 2282 propositum
1413 2202 1445 2262 ct
1468 2197 1500 2260 in
1524 2215 1562 2261 eo

229 2307 401 2390 persistere
424 2307 638 2371 inconcusse.
658 2355 665 2370 .
684 2354 691 2370 .
710 2305 859 2371 Ceterum
884 2306 1083 2390 petitionem,
1108 2303 1150 2369 de
1175 2324 1237 2387 qua
1261 2303 1425 2370 faciebant
1449 2302 1562 2371 eedem

230 2413 336 2478 littere
360 2413 564 2494 mentionem,
589 2411 821 2495 exaudivimus,
847 2418 942 2497 prout
965 2413 998 2476 in
1023 2411 1181 2477 confectis
1205 2409 1280 2476 inde
1303 2411 1419 2476 litteris
1442 2412 1562 2494 poteris

229 2519 424 2585 intueri...
471 2520 546 2585 Dat.
573 2520 667 2584 Avin.
692 2521 737 2584 VI
760 2519 833 2584 idus
854 2519 992 2584 ianuarii
1016 2540 1046 2584 a.
1071 2517 1323 2603 quartodecimo.

381 2644 453 2713 Ray.
475 2645 529 2698 115
543 2659 577 2713 p.
597 2643 634 2697 ΙΙ
646 2643 671 2713 f.
690 2643 752 2697 161¹
770 2659 819 2697 nr.
839 2644 927 2708 1913,·
948 2644 1000 2698 lia.
1021 2643 1105 2697 1246.

334 2915 451 2982 1831.
486 2917 575 2981 1330
602 2917 740 2983 Joaaar
765 2917 818 2982 11.
846 2917 1012 3002 Avipnorr.

336 3058 495 3125 Iohannes
512 3059 611 3124 XXII
636 3057 841 3142 Heydenrioo
866 3057 1029 3142 preposito
1053 3057 1087 3123 S.
1104 3057 1251 3124 Severini
1275 3058 1385 3124 Golon.
1408 3065 1440 3124 et
1458 3057 1564 3126 Goda-

230 3164 360 3232 schalco
384 3165 425 3232 de
450 3165 615 3250 Barbergb
639 3165 810 3231 scolastico
832 3164 1009 3230 Bunnensis
1034 3163 1144 3232 Colon.
1168 3164 1252 3231 dioc.
1278 3166 1357 3231 eccl.

337 3272 480 3340 Litteras
506 3279 631 3339 nostras
659 3293 755 3358 super
782 3273 999 3337 reservatione
1029 3270 1189 3338 fructuum
1213 3271 1438 3338 beneficiorum
1463 3272 1564 3338 eccle·

230 3380 430 3446 siastioorum
461 3383 492 3446 in
525 3382 658 3446 civitate
693 3379 813 3446 diocesi
845 3399 884 3445 ao
911 3379 1076 3465 provincia
1101 3377 1282 3446 Coloniensi
1315 3381 1498 3446 vacantium
1532 3385 1565 3445 et

231 3495 453 3553 vacaturorum
486 3507 587 3571 usque
621 3485 664 3553 ad
695 3487 866 3552 triennium
899 3507 957 3571 per
986 3507 1044 3552 nos
1072 3485 1159 3552 facta
1183 3487 1275 3554 vobis
1298 3507 1362 3552 una
1386 3505 1456 3552 cum
1482 3487 1563 3570 aliis,

231 3615 289 3680 per
313 3615 393 3677 quas
417 3616 475 3660 vos
499 3595 687 3661 collectores
710 3594 868 3660 dictorum
892 3595 1054 3660 fructuum
1078 3613 1136 3680 pro
1161 3595 1262 3679 primo
1286 3594 1444 3660 dictorum
1469 3595 1563 3660 trium

231 3721 383 3766 annorum
409 3701 643 3786 deputavimus,
672 3721 743 3766 eum
772 3702 973 3786 presentibus
997 3700 1205 3785 destinantes,
1235 3708 1373 3767 vestram
1397 3701 1565 3788 providen-

231 3809 308 3874 tiam
342 3811 496 3874 attentius
529 3808 745 3889 exhortamur,
780 3808 931 3890 quatinus
954 3828 1051 3894 super
1073 3807 1187 3873 eodem
1212 3808 1410 3875 collectionis
1434 3808 1564 3892 negotio

231 3915 405 4000 prudenter
422 3922 453 3981 et
469 3916 582 3982 sedule
606 3915 817 4001 procedentes
840 3936 904 3981 non
928 3915 1094 3999 miremini,
1120 3916 1195 3999 quia
1219 3936 1276 3982 vos
1299 3916 1399 3982 solum
1423 3935 1480 4001 pro
1501 3935 1565 3981 uno

232 4044 326 4107 anno,
362 4030 397 4088 ut
427 4023 596 4108 prefertur,
632 4023 857 4108 deputavimus
881 4023 1038 4089 dictorum
1063 4024 1223 4088 fruetuum
1248 4023 1447 4090 collectores.
1494 4023 1564 4088 Hoc

233 4132 316 4195 enim
341 4131 436 4196 certis
460 4129 769 4197 considerationibus
785 4130 930 4208 lecimus,
947 4129 1149 4196 intendentes
1164 4136 1278 4215 postea
1294 4151 1350 4196 vos
1367 4150 1424 4216 pro
1441 4129 1566 4196 duobus

232 4239 325 4304 annis
357 4237 493 4304 residuis
526 4237 693 4324 deputare,
728 4239 811 4304 sicut
841 4238 951 4304 utilius
975 4244 1008 4303 et
1032 4236 1257 4324 expedientius
1280 4238 1387 4316 fuerit,
1420 4239 1566 4304 similiter

233 4346 431 4412 collectores.
479 4345 554 4410 Dat.
575 4344 671 4411 Avin.
694 4346 743 4410 ΙΙΙ
765 4343 837 4411 idus
860 4345 997 4412 ianuarii
1021 4367 1050 4412 a.
1077 4343 1329 4429 quartodecimo.

383 4472 456 4543 Req.
476 4472 530 4524 115
546 4484 594 4539 pc.
612 4469 649 4523 H
662 4469 687 4539 f.
707 4470 762 4524 161
783 4485 830 4524 rvr.
850 4472 931 4525 1911.

340 4670 462 4738 1832.
489 4672 577 4736 1330
599 4671 738 4738 Jauoor
758 4675 811 4737 13.
835 4670 999 4758 Avipooa.

343 4814 517 4900 [lohannes
538 4813 649 4899 XXII]
674 4815 827 4900 episcopo
850 4815 1104 4882 Monasteriensi.
