3642 5509
791 383 859 438 1329
876 379 959 438 Mltrz
977 381 1021 437 2⁰.
1511 379 1565 436 239

231 566 319 632 tione
342 564 491 650 receptis,
526 565 752 630 excellentiam
777 565 899 648 regiam
929 563 1075 649 cupimus
1103 584 1167 628 non
1191 563 1300 646 latere,
1335 562 1420 645 quod
1444 561 1562 627 dudum

231 673 471 738 considerantes
500 678 632 748 attente,
668 679 702 737 ut
733 672 792 752 vir,
827 671 880 754 qui
909 671 1070 736 sufficiens
1094 678 1125 735 ct
1148 669 1253 736 fidelis
1277 671 1439 751 existeret,
1473 670 1564 735 Colo-

231 780 332 845 niensi
357 779 484 845 ecclesii
510 779 698 864 presideret,
732 779 834 864 ipsam
859 777 1061 862 dispositioni
1087 784 1194 842 nostre
1307 798 1346 842 ea
1370 778 1441 842 viee
1465 797 1563 843 reser-

230 889 385 960 vavimus
411 887 472 950 iam
490 893 540 951 est
556 885 626 966 diu3
653 887 703 951 cui
728 906 798 950 eum
825 884 955 950 offerret
971 905 1005 949 se
1022 885 1121 966 loeus,
1147 904 1239 965 qucm
1264 883 1412 949 dommus
1435 884 1564 948 differat

230 1002 263 1059 et
285 1014 369 1058 nunc
393 991 496 1058 eidem
521 993 620 1058 vitam
645 995 814 1077 longevum
840 992 987 1057 conterat
1014 991 1200 1076 presidenti,
1231 991 1272 1055 de
1296 993 1364 1055 viro
1388 991 1563 1057 sufficienti

231 1109 263 1167 et
280 1100 365 1166 lldeli
382 1101 513 1185 pariter,
539 1107 573 1165 ut
589 1100 757 1186 prefertur,
782 1099 920 1165 ecclesie
937 1098 1081 1184 predicte
1105 1099 1286 1164 curabimus
1309 1106 1418 1164 actore
1435 1097 1564 1163 domino

230 1208 409 1294 providere.
465 1207 734 1293 Quapropter..
761 1254 767 1268 .
795 1227 962 1291 supereo,
995 1205 1079 1288 quod
1111 1228 1168 1290 pro
1192 1205 1312 1272 dilecto
1335 1205 1400 1270 filio
1426 1206 1564 1271 Henrieo

230 1315 272 1380 de
295 1316 437 1381 Naumur
461 1313 501 1379 de
525 1313 673 1400 predicta
697 1315 917 1379 ecclesianos
941 1315 1073 1396 rogasti,
1108 1315 1220 1378 merito
1251 1315 1282 1378 in
1307 1312 1368 1378 bac
1392 1319 1484 1397 parte
1508 1333 1565 1378 nos

230 1422 349 1488 babeat
381 1421 585 1508 providentia
619 1423 709 1505 regia
742 1426 923 1488 excusatos,
972 1421 1047 1485 Dat.
1073 1421 1151 1485 XVI
1185 1421 1229 1485 kl.
1261 1421 1372 1506 aprilis
1401 1442 1429 1484 a.
1455 1421 1564 1484 tertio·

231 1529 366 1596 decimo.

379 1654 453 1724 Ray.
473 1655 528 1707 115
544 1668 593 1722 ps.
613 1652 632 1705 I
645 1653 670 1721 s.
690 1652 753 1706 1181
771 1667 818 1706 nr.
838 1651 903 1706 696.

337 1924 461 1990 1698.
498 1926 584 1988 1329
608 1927 706 1988 Mdrz
728 1925 780 1988 20.
808 1923 973 2010 deipnon.

338 2068 496 2133 lebannes
523 2068 621 2131 XXII
656 2069 819 2152 preposito
853 2074 885 2132 ct
919 2067 1041 2132 ‹lecano
1075 2066 1108 2131 S.
1134 2068 1221 2132 Petri
1246 2068 1490 2150 Argentineusis
1525 2088 1565 2132 ae

232 2177 351 2242 Iacobo
381 2174 422 2240 de
446 2176 569 2239 Mutina
602 2173 772 2239 scolastico
798 2175 958 2240 Tullensis
991 2174 1069 2238 eccl.
1105 2175 1247 2239 mandat,
1281 2176 1433 2258 quatinus
1466 2175 1564 2240 Otoni

230 2283 271 2348 de
305 2282 538 2364 Sebonenburg
575 2282 729 2346 canonico
765 2281 843 2346 cccl.
874 2282 1118 2347 wormatiensis
1153 2283 1297 2348 conferre
1332 2289 1364 2347 et
1400 2283 1565 2366 assignare

231 2397 341 2455 curent
376 2389 609 2474 preposituram
646 2389 781 2454 ecclesio
821 2390 854 2454 S.
891 2388 984 2453 Pauli
1020 2389 1270 2454 Wormaeiensis
1305 2396 1473 2454 vacantem
1508 2409 1566 2473 per

230 2497 351 2562 obitum
376 2495 537 2579 quondam
562 2495 699 2561 Couradi
726 2495 766 2559 de
790 2494 1017 2575 llunesebeim,
1052 2497 1106 2578 qui
1140 2497 1172 2560 in
1205 2496 1269 2561 illis
1300 2495 1446 2582 partibus
1479 2494 1564 2561 diem

231 2605 345 2670 elausit
377 2610 566 2686 extremum,
599 2622 661 2666 uon
695 2603 844 2668 obstante
877 2602 963 2685 quod
987 2602 1049 2668 Oto
1083 2604 1114 2667 in
1140 2604 1330 2670 Treverensi
1360 2609 1392 2669 et
1421 2604 1565 2689 Spirensi

231 2712 439 2778 canonicatus
463 2718 495 2774 et
518 2709 700 2794 prebendas
724 2717 757 2774 et
780 2711 813 2774 in
837 2708 951 2774 eadem
974 2708 1118 2794 Spirensi
1143 2711 1220 2776 ecel.
1253 2710 1390 2775 officium
1424 2713 1565 2795 portario

230 2819 299 2884 sine
323 2839 400 2883 eura
423 2817 551 2884 solitum
575 2817 820 2902 inperpetuum
845 2816 1034 2881 beneficium
1060 2818 1217 2900 assignari
1241 2817 1374 2884 obtinet.

337 2924 389 2989 Ad
412 2924 536 2990 illorum
562 2923 774 3009 provisionem
801 2973 808 2986 .
835 2973 842 2988 .
867 2970 875 2985 .
923 2924 998 2988 Dat.
1024 2923 1116 2987 Avia.
1141 2924 1224 2988 XIII
1247 2924 1292 2989 kl.
1317 2925 1428 3009 aprilis
1452 2947 1481 2990 a,
1506 2931 1565 2991 ter-

231 3031 420 3098 eiodecimo.

381 3157 454 3226 Rep.
474 3156 513 3211 90
531 3155 555 3225 f.
575 3155 629 3209 177
647 3171 695 3209 nr.
714 3157 794 3210 1475.

337 3445 463 3512 1699.
494 3446 580 3511 1329
603 3445 703 3511 Md'rz
719 3448 773 3509 23.
799 3445 994 3532 (deipnos.)

338 3588 513 3672 [Iohannes
530 3589 641 3674 XXII]
664 3589 792 3655 Martbe
816 3589 982 3656 abbatisse
1005 3588 1158 3656 secularis
1174 3588 1310 3655 ecclesie
1326 3588 1359 3654 iu
1375 3588 1565 3674 Gerisbeym

232 3695 342 3761 Colon.
367 3696 452 3763 diue.

338 3803 468 3869 Pridem
492 3824 549 3890 per
573 3809 645 3870 tuas
668 3805 760 3870 uobis
784 3805 898 3872 missas
922 3805 1047 3871 litteras
1069 3804 1270 3891 supplicasti,
1295 3803 1381 3888 quod
1401 3803 1566 3871 abbatiam

231 3909 385 3976 secularis
409 3912 544 3978 ecclesie
567 3913 601 3977 in
626 3911 826 3994 Gerisbeym,
852 3932 947 3994 quam
976 3913 1144 3978 asserebas
1168 3913 1199 3977 in
1224 3910 1403 3978 redditibus
1426 3919 1566 3993 tenuem,

231 4018 263 4081 in
286 4022 373 4083 statu
395 4018 498 4085 solido
527 4025 754 4085 conservantes
785 4017 914 4086 eosdem
948 4018 1092 4085 redditus
1123 4019 1278 4085 nollemus
1312 4020 1459 4103 cuiquam
1492 4039 1565 4085 eon·

232 4123 357 4202 cedere,
391 4146 463 4191 oum
496 4125 559 4191 boc
592 4145 661 4192 esse
695 4124 820 4192 diceres
845 4133 957 4192 eontra
980 4125 1242 4192 consuetudinem
1266 4125 1386 4192 ibidem
1411 4125 1565 4192 hactenus

231 4231 444 4298 observatam.
491 4232 577 4299 Sane
601 4253 672 4297 cum
696 4239 868 4315 antequam
894 4231 1075 4299 huiusmodi
1100 4241 1154 4299 tue
1173 4233 1266 4300 nobis
1290 4232 1473 4299 extitissent
1496 4253 1566 4317 pre·

230 4345 356 4404 sentate
389 4340 507 4422 littere,
617 4339 656 4404 R.
681 4339 765 4405 tituli
789 4339 822 4405 S.
848 4339 980 4405 Eusebii
1013 4341 1171 4425 presbiter
1199 4338 1381 4423 cardinalis,
1415 4360 1509 4423 quem
1532 4343 1565 4407 iu

231 4447 337 4512 causis
369 4445 620 4531 appellationum
653 4465 711 4532 per
744 4453 776 4511 te
810 4467 849 4511 ae
960 4446 1143 4513 Beatricem
1167 4447 1324 4513 decanam
1348 4447 1490 4514 eiusdem
1515 4468 1565 4514 ee-

231 4552 329 4618 clesia
352 4553 385 4617 in
410 4554 540 4636 negotio
564 4553 731 4619 electionis
754 4554 855 4638 ipsius
877 4553 1015 4619 ecclesie
1038 4552 1081 4619 ad
1105 4553 1215 4620 sedem
1239 4555 1450 4640 apostolicam
1474 4557 1565 4622 emis·

231 4679 339 4726 sarum
362 4659 634 4745 deputaveramus
658 4659 842 4747 specialiter
866 4659 1056 4744 auditorem,
1081 4660 1306 4728 informatione
1322 4661 1469 4748 diligenti
1493 4683 1565 4749 pre·

229 4766 341 4833 habita
373 4773 406 4832 et
438 4766 582 4833 eiusdem
615 4767 751 4834 eoolesIe
785 4767 926 4834 evidenti
959 4767 1099 4834 utilitate
1131 4775 1267 4855 pensata
1301 4790 1340 4835 ao
1373 4790 1430 4856 pro
1459 4772 1565 4873 partis
