3642 5509
258 422 311 478 stc
812 423 881 478 1334
900 422 982 478 Mttrz
1004 424 1044 478 l'l.

261 603 376 669 cedere
392 604 511 687 ualeat,
535 605 703 689 pactiones
725 604 808 669 inter
825 601 954 668 eosdem
978 603 1255 689 archiepiscopum
1281 605 1465 689 episcopum
1483 623 1593 686 regem

260 711 393 776 comites
409 719 442 776 et
465 712 598 794 nobiles,
623 709 708 795 quod
734 719 846 776 contra
870 709 991 776 dictum
1016 709 1131 776 ducem
1154 711 1286 794 eiusque
1311 711 1463 776 salitores
1485 717 1593 775 mutuo

259 839 294 884 se
318 819 429 884 iuvare
458 817 626 901 dictusque
656 817 722 882 dun
753 839 824 883 cum
857 819 922 883 suis
944 818 1144 900 valitoribus,
1179 816 1265 902 quod
1294 819 1354 904 ipsi
1382 819 1443 884 sibi
1467 825 1500 882 et
1523 818 1594 904 ipse

260 927 306 991 eis
330 935 442 992 contra
465 927 763 1011 supranominatos.
779 927 975 993 ..assistere
999 925 1150 1010 debeant,
1177 925 1255 991 inite
1279 946 1319 991 ac
1341 926 1434 1011 penis
1457 923 1593 990 diversis

260 1039 292 1098 et
321 1034 508 1099 iuramentis
538 1033 662 1099 firmate
692 1033 851 1100 dicuntur.
899 1035 967 1101 Nos
997 1035 1106 1117 itaque
1223 1032 1426 1099 attendentes
1453 1034 1592 1117 insuper,

261 1138 395 1222 quodsi
420 1140 609 1226 procederet
633 1139 721 1207 dicta
745 1140 913 1224 dissensio,
943 1161 1015 1206 cum
1044 1148 1145 1206 totam
1175 1142 1264 1224 quasi
1289 1141 1434 1205 militiam
1459 1139 1594 1205 Francis

260 1253 293 1311 et
319 1247 506 1313 Alemannie
530 1268 637 1314 secum
662 1247 813 1331 traheret,
838 1249 884 1314 sio
908 1254 1040 1333 possent
1063 1246 1227 1314 debilitari
1252 1269 1353 1333 regna
1375 1247 1524 1332 predicta
1540 1295 1548 1311 .
1563 1295 1593 1311 ..

261 1353 346 1437 quod
371 1362 497 1440 tempus
521 1355 650 1439 longum
675 1354 819 1421 advises
843 1363 875 1421 et
898 1354 1073 1421 facultates
1098 1376 1159 1421 non
1184 1355 1366 1421 sufficerent
1388 1354 1594 1421 resumendas

260 1463 370 1544 sicque
388 1513 394 1526 .
414 1513 420 1526 .
440 1513 446 1527 .
464 1463 605 1548 Philippi
629 1465 716 1548 regis
733 1463 870 1529 Francis
892 1464 1026 1528 illustris
1049 1463 1246 1546 aliommqoe
1271 1461 1436 1528 laudanda
1453 1460 1591 1544 devotio,

261 1589 340 1651 quos
365 1570 490 1635 vivifice
514 1572 617 1638 crucis
640 1571 807 1656 insignivit
830 1571 1041 1656 signaculum,
1067 1592 1130 1636 non
1152 1579 1262 1657 posset
1278 1570 1427 1658 prosequi
1445 1590 1592 1653 magnum

260 1673 335 1740 fidei
352 1677 537 1762 periculum,
555 1679 719 1764 negotium
735 1679 980 1745 transmarinum
995 1728 1002 1743 .
1017 1728 1024 1743 .
1039 1699 1246 1745 monemus.
1261 1728 1268 1742 .
1285 1679 1469 1764 prolectas
1485 1684 1594 1762 partes

261 1820 315 1852 ..r
341 1791 375 1848 ut
477 1785 717 1852 considerantes
740 1786 888 1871 predicta
991 1807 1012 1851 a
1036 1785 1161 1851 bellicis
1184 1805 1313 1872 prorsus
1336 1791 1499 1851 cessantes
1523 1805 1594 1850 con·

260 1890 425 1975 gressibus
457 1913 514 1977 per
538 1893 609 1959 vias
642 1893 794 1978 pacificas
818 1894 869 1959 vel
902 1893 1028 1959 iusticie
1058 1895 1190 1959 semitas
1220 1912 1316 1978 super
1345 1891 1596 1958 dissensionibus

261 1997 442 2064 huiusmodi
476 2020 565 2065 suam
602 2000 762 2066 iusticiam
797 2008 1030 2087 prosequantur
1055 2049 1062 2061 .
1083 2049 1118 2065 ..
1149 2000 1235 2066 Sane
1351 2001 1538 2076 iuramenta,
1562 1998 1594 2062 in

262 2113 414 2188 quantum
443 2106 658 2174 dissensiones
682 2114 714 2172 ct
736 2127 870 2192 guerras
898 2109 982 2172 inter
1013 2114 1147 2193 partes.
1166 2108 1353 2194 predictas
1376 2107 1519 2172 nutriunt
1541 2106 1595 2172 bo·

261 2233 377 2279 numve
401 2213 491 2299 pacis
519 2213 698 2299 impediunt
721 2222 754 2280 et
778 2213 1004 2281 contradicunt
1029 2214 1169 2299 iusticie,
1199 2215 1405 2281 relaxamus.
1432 2261 1439 2277 .
1465 2263 1472 2280 .
1519 2214 1594 2279 Dat.

261 2321 356 2386 Asin.
381 2320 462 2386 XVI
486 2320 530 2386 kl.
555 2322 667 2407 aprilis
691 2342 719 2388 a.
745 2320 999 2392 decimooctavo.

423 2469 495 2539 aeq.
514 2470 569 2523 118
584 2468 608 2538 f.
628 2471 692 2524 175¹
708 2484 757 2524 ar.
776 2469 842 2524 aea.

369 2736 493 2802 2193.
528 2738 615 2801 1334
639 2737 737 2802 Matre
762 2738 813 2801 17.
842 2733 1009 2823 Auipaoa.

372 2878 532 2945 Iohannes
556 2879 659 2943 XXII
694 2877 902 2946 Ambianensi
927 2886 960 2944 et
983 2877 1192 2946 Noviomensi
1224 2877 1385 2963 episcopis
1418 2884 1451 2944 et
1483 2877 1595 2943 abbati

263 2985 449 3054 monasterii
473 2985 507 3052 S.
532 2985 670 3052 Cornelii
695 2984 736 3052 de
759 2985 958 3072 Compendio
982 2984 1220 3051 Suessionensis
1245 2985 1328 3050 dioc.
1352 2984 1495 3067 mandat,
1519 3004 1596 3067 qua·

264 3093 349 3159 tinus
374 3092 503 3176 bullam,
537 3114 601 3178 qua
633 3115 719 3180 papa
748 3093 862 3159 eodem
890 3091 944 3158 die
967 3093 1244 3178 archiepiscopum
1269 3092 1492 3160 Coloniensem
1516 3094 1596 3158 eius·

264 3220 326 3282 que
349 3201 454 3266 socios
477 3221 517 3266 ex
542 3221 605 3267 uua
627 3211 720 3288 parte
744 3210 776 3268 et
798 3201 913 3266 ducem
939 3200 1111 3266 Brabantie
1140 3200 1272 3283 eiusque
1299 3200 1405 3266 socios
1429 3220 1470 3265 ex
1493 3200 1597 3265 altera

264 3305 453 3373 adhortatur
482 3307 524 3374 ad
552 3329 666 3394 pacem
696 3316 727 3375 et
760 3309 925 3392 utriusque
957 3308 1060 3393 partis
1093 3307 1273 3373 iuramenta
1305 3307 1441 3389 relaxat,
1476 3306 1597 3372 eisdem

263 3415 409 3500 partibus
433 3415 588 3482 intiment.

370 3523 588 3609 Displicenter
609 3525 702 3591 nimis
726 3523 865 3590 infesta.
889 3573 897 3588 .
922 3572 929 3589 .
976 3522 1054 3588 Dat.
1079 3529 1115 3589 ut
1138 3542 1236 3608 supra
1259 3526 1309 3600 (=
1328 3521 1420 3586 Avin.
1445 3520 1527 3586 XVl
1551 3519 1596 3586 kl.

264 3630 375 3717 aprilis
399 3651 428 3696 a.
454 3629 719 3712 decanooctavo).

426 3773 498 3845 Rep.
519 3773 613 3845 ms.
633 3776 687 3829 176
705 3790 752 3830 ar.
772 3776 839 3829 883.

372 4028 493 4096 Eodem
518 4030 570 4096 die
594 4031 714 4098 eisdem
738 4031 880 4115 mandat,
905 4033 1055 4115 quatinus
1079 4034 1111 4097 in
1127 4030 1280 4097 facienda
1296 4030 1513 4115 publicatione
1529 4047 1599 4112 pre·

265 4136 354 4202 dicta
377 4136 506 4202 adicere
528 4138 688 4214 studeant,
721 4137 807 4222 quod
837 4159 924 4224 papa
954 4160 1018 4205 non
1045 4140 1192 4206 intendat
1215 4145 1347 4226 propter
1370 4136 1432 4201 boc
1455 4136 1598 4202 commis·

266 4246 372 4310 siones
396 4244 524 4328 Hugoni
549 4247 748 4314 Tricastrino
776 4256 809 4312 et
832 4247 968 4314 Iohanni
992 4248 1184 4314 Massiliensi
1219 4247 1381 4333 episcopis
1413 4263 1508 4330 super
1535 4243 1598 4308 dis·

265 4351 465 4417 sensionibos
495 4361 527 4418 et
556 4356 679 4440 guerris
712 4354 866 4440 predictis
899 4354 1109 4421 terminandis
1142 4353 1265 4438 pridem
1297 4355 1404 4418 factas
1431 4352 1464 4416 in
1490 4351 1599 4434 aliquo

265 4477 427 4525 revocare.

374 4567 467 4634 Licet
495 4569 673 4636 iuramenta
703 4590 800 4655 super
828 4619 836 4634 .
867 4619 874 4636 .
904 4619 911 4636 .
960 4569 1036 4633 Dat.
1060 4568 1156 4634 Asin.
1180 4567 1259 4632 XVI
1283 4568 1328 4632 kl.
1352 4567 1465 4653 aprilis
1491 4588 1521 4632 a.
1546 4564 1600 4630 de·

152 4683 155 4692 '
267 4674 476 4741 cimooctavo.

430 4818 501 4890 neq.
520 4819 597 4889 arf.
618 4821 654 4876 aa
674 4835 720 4874 nr.
741 4818 828 4874 arec.
