3642 5509
780 483 852 542 1³28
870 485 934 543 Jnli
951 487 995 542 21.
1527 486 1580 545 169

245 665 342 734 officii
376 664 523 734 redditus
554 671 587 732 et
620 673 795 754 proventus
829 666 1070 754 possidentibus
1105 675 1137 734 et
1171 667 1300 735 famulis
1336 668 1414 735 dicti
1447 668 1579 755 capituli

246 774 342 842 dietis
366 774 603 860 huysgenosen,
635 781 671 841 ut
704 773 809 841 eidem
838 774 974 841 Iohanni
1009 781 1172 859 tamqnam
1202 776 1368 843 cellarario
1398 797 1523 842 exnunc
1547 776 1580 841 in

246 889 352 966 antea,
387 882 538 965 quamdiu
567 883 694 966 vixerit,
728 889 911 948 reverenter
944 883 1098 948 obediant
1131 890 1165 949 et
1196 883 1374 949 intendant.
1421 885 1459 949 In
1491 884 1581 950 cuius

245 993 292 1056 rei
323 991 540 1057 testimonium
573 989 714 1074 sigillum
746 997 887 1057 nostrum
919 988 961 1057 ad
985 1011 1097 1076 preces
1121 997 1154 1057 et
1176 992 1346 1059 instantias
1370 991 1525 1077 prepositi
1549 997 1582 1056 et

247 1099 379 1184 capituli
411 1097 558 1183 predicte
591 1098 728 1164 ecclesie
752 1097 931 1164 Bunnensis
958 1106 991 1163 et
1022 1104 1158 1181 quatuor
1181 1101 1341 1165 seniorum
1365 1098 1580 1185 predictorum

246 1226 370 1272 necnon
393 1205 568 1271 Hermauni
593 1205 635 1270 de
657 1205 867 1287 Pissenheim‚
901 1204 1038 1271 Gerardi
1061 1205 1103 1273 de
1127 1206 1360 1292 Mechenheym
1397 1207 1479 1288 (oelr
1502 1207 1581 1272 hlet-

245 1312 422 1398 kenheym)
459 1317 493 1378 et
517 1312 720 1379 Constantini
752 1311 794 1378 de
826 1312 960 1379 Colonia
993 1313 1159 1379 canonicis
1182 1315 1216 1395 (t)
1246 1313 1347 1399 ipsius
1380 1314 1516 1380 ecclesie
1548 1319 1582 1380 et

246 1421 319 1487 aliis
351 1420 515 1487 canonicis
547 1427 625 1486 tunc
657 1421 858 1505 presentibus
891 1427 924 1485 et
957 1420 1132 1506 capitulum
1161 1420 1355 1487 iacientibus
1378 1421 1582 1507 presentibus

248 1527 398 1594 duximus
431 1527 667 1613 apponendum.
726 1527 769 1592 Et
801 1548 858 1594 nos
890 1526 1050 1594 hienricus
1082 1526 1135 1592 dei
1168 1529 1274 1612 gratia
1306 1529 1498 1614 prepositus,
1533 1529 1582 1594 Io·

246 1635 369 1702 hannes
393 1634 593 1719 scolasticus,
617 1631 766 1701 Andreas
790 1643 912 1717 cantor,
937 1634 1129 1720 Reynardus
1153 1633 1195 1700 de
1211 1634 1453 1720 Westcrburgh,
1478 1635 1580 1702 Gobe·

246 1744 328 1809 linus
352 1742 458 1809 dictus
482 1743 623 1828 Croybe,
653 1743 855 1808 Hermannus
879 1741 920 1807 de
944 1741 1165 1827 Pissenheym,
1195 1741 1357 1808 Gerardns
1381 1741 1422 1807 de
1445 1742 1581 1808 Methin·

247 1851 343 1937 heym
367 1857 401 1917 et
417 1851 644 1917 Constantinus
669 1849 710 1917 de
727 1849 860 1916 Colonia
884 1851 1031 1916 canonici
1056 1856 1222 1933 totumque
1247 1850 1422 1935 capitulum
1446 1850 1581 1916 ecclesie

247 1958 426 2025 Bunnensis
449 1957 595 2045 predicte
612 1956 655 2024 ad
672 1957 825 2024 maiorem
849 1957 1046 2023 evidentiam
1069 1956 1295 2042 premissorum
1317 1956 1458 2042 sigillum
1480 1957 1581 2024 nostri

247 2065 402 2152 prepositi
427 2065 565 2152 predicti
589 2085 629 2130 ac
644 2064 784 2150 sigillum
809 2065 945 2131 ecclesie
969 2071 1077 2131 nostre
1100 2084 1164 2130 una
1187 2084 1259 2130 cum
1282 2064 1388 2148 sigillo
1412 2063 1581 2131 reverendi

247 2175 281 2238 in
304 2173 431 2240 Christo
466 2173 568 2258 patris
592 2179 624 2238 et
648 2172 768 2239 domini
802 2172 901 2239 nostri
930 2171 1051 2238 domini
1074 2172 1204 2238 Henrici
1229 2170 1464 2258 archiepiscopi
1490 2172 1582 2238 Colo·

247 2280 368 2347 niensis
384 2279 521 2366 predicti
540 2300 580 2344 ex
597 2285 685 2344 certa
709 2285 818 2345 nostre
834 2279 971 2346 scientia
988 2279 1194 2364 apposuimus
1210 2279 1286 2344 huic
1301 2278 1433 2364 scripto.
1464 2279 1581 2344 Datum

248 2394 281 2454 et
315 2395 421 2453 actum
446 2388 557 2452 Bunne
591 2388 624 2452 in
659 2385 753 2452 domo
787 2384 957 2471 capitulari
991 2385 1128 2452 ecclesie
1158 2386 1335 2453 Bunnensis
1368 2387 1438 2471 ipso
1468 2384 1521 2450 die
1544 2387 1580 2450 B.

248 2493 390 2579 Remigii
414 2493 616 2576 confessoris,
642 2493 696 2576 qui
720 2499 770 2558 est
793 2493 915 2579 primus
939 2491 1008 2558 dies
1031 2492 1149 2558 mensis
1173 2492 1323 2577 octobris,
1353 2513 1438 2559 anno
1462 2491 1582 2559 domini

246 2601 415 2669 millesimo
447 2601 664 2668 tricentesimo
696 2598 850 2668 vicesimo
881 2606 983 2666 sexto.
1030 2599 1118 2668 Nulli
1142 2619 1219 2684 ergo
1248 2606 1310 2666 etc.
1338 2606 1446 2666 nostre
1470 2598 1583 2666 contir-

247 2709 397 2776 mationis
420 2707 619 2792 inidingere]
643 2713 705 2774 etc.
752 2707 828 2773 Dat.
846 2705 941 2772 Arin.
958 2706 1024 2772 XII
1040 2706 1085 2772 hl.
1102 2706 1232 2792 augusti
1248 2728 1279 2773 a.
1300 2705 1501 2773 duodecimo.

398 2851 469 2920 Rep.
489 2851 528 2904 88
547 2848 572 2918 f.
592 2847 656 2903 186¹
675 2863 723 2902 rer.
743 2849 827 2902 3497.

355 3145 489 3214 *loro
521 3149 609 3213 1328
631 3147 708 3214 Jota·
731 3149 784 3211 21.
810 3143 975 3233 Aoiprroo.

355 3290 538 3358 Iohannes,
562 3291 673 3355 XXII
715 3289 966 3374 archiepiscopo
1003 3284 1193 3354 Coloniensi
1228 3287 1385 3369 mandat,
1425 3288 1585 3372 quotieas

247 3399 452 3464 monasterio
477 3398 510 3464 S.
535 3398 756 3464 Paarateoab
780 3399 974 3482 incorporet
995 3395 1229 3482 parrochiales
1252 3393 1407 3459 ecclesias
1432 3394 1467 3459 C.
1486 3393 1584 3459 Maa-

246 3506 320 3570 ritii
344 3503 560 3582 Colonierrsra,
585 3506 622 3569 ia
645 3503 813 3590 Septicia,
837 3505 874 3568 io
887 3504 1049 3588 Picatorp
1072 3503 1251 3587 (Rioetorp
1262 3503 1293 3578 i)
1320 3508 1352 3567 et
1376 3503 1413 3566 ia
1426 3501 1583 3588 Locpele.

356 3654 516 3720 lohannes
538 3703 652 3720 .....
677 3652 920 3739 archiepiscopo
945 3651 1129 3719 Coloniensi
1150 3700 1158 3717 .
1176 3699 1210 3717 ..

356 3761 534 3845 Religionis
556 3761 654 3844 zelus,
678 3760 737 3826 sub
762 3781 849 3844 qua.
871 3809 877 3826 .
897 3809 903 3822 .
926 3759 1012 3826 Sane
1035 3779 1093 3845 pro
1117 3764 1211 3844 parte
1235 3756 1376 3824 eiusdem
1390 3756 1585 3824 Theoderici

249 3867 389 3954 [abbatis
416 3875 448 3933 et
476 3874 653 3935 conuentus
683 3867 866 3934 monasterii
896 3867 1008 3933 Sancti
1033 3866 1260 3932 Panthaleonis
1285 3864 1495 3950 Coloniensis]
1532 3885 1586 3950 pe·

248 3977 326 4042 ticio
360 3976 454 4041 nobis
489 3995 589 4060 nuper
626 3974 771 4040 exhibita
808 3974 1005 4054 continebat,
1043 3971 1129 4057 quod
1159 3974 1387 4040 monasterium
1417 3973 1522 4058 ipsum
1545 3992 1587 4038 er

249 4101 435 4167 guerrarum
460 4082 639 4150 incursibus
663 4082 850 4148 ...estin
873 4082 939 4148 suis
964 4081 1055 4147 bonis
1078 4078 1161 4146 adeo
1185 4078 1386 4164 dissipatum,
1416 4077 1501 4162 quod
1525 4078 1586 4145 eis·

250 4189 379 4255 dem..
403 4191 573 4255 conventui
597 4187 701 4255 victus
725 4189 880 4255 remansit
904 4187 1000 4254 valde
1024 4187 1129 4252 tenuis
1152 4192 1185 4251 et
1207 4184 1302 4252 exilis
1327 4206 1365 4251 ac
1388 4186 1429 4252 ob
1454 4185 1515 4252 hoc
1539 4192 1588 4252 est

249 4295 369 4363 ibidem
393 4296 597 4383 hospitalitas
620 4297 802 4364 necessario
827 4293 995 4379 diminuta,
1019 4292 1169 4377 quodque
1192 4291 1226 4357 iu
1250 4293 1384 4359 civitate
1400 4300 1433 4359 et
1454 4292 1586 4378 dyocesi

251 4403 434 4470 Coloniensi
458 4423 576 4470 novem
599 4402 817 4489 parrochiales
841 4402 978 4469 ecclesie
1002 4402 1153 4475 existunt,
1183 4401 1215 4465 in
1240 4401 1357 4484 quibus
1380 4399 1501 4467 dictum
1524 4421 1587 4467 mo

249 4512 423 4577 nasterium
446 4513 496 4578 ius
520 4513 644 4596 optinet
668 4516 867 4596 patronatus.
914 4509 957 4574 Et
982 4529 1053 4575 cum
1076 4509 1164 4593 ipsas
1187 4527 1305 4574 vacare
1329 4509 1497 4593 contingit,
1528 4528 1586 4593 pro

250 4638 289 4684 eo
314 4617 400 4702 quod
423 4618 532 4705 ipse..
551 4619 652 4684 abbas
676 4625 709 4683 et
733 4616 979 4704 predecessores
1001 4615 1071 4682 sui.
1096 4664 1103 4680 .
1129 4614 1265 4681 abbates
1288 4614 1369 4681 dicti
1392 4615 1587 4699 monasterii,

251 4727 305 4809 qui
329 4725 457 4792 luerunt
482 4747 540 4811 pro
564 4732 718 4811 tempore,
743 4745 896 4811 personas
913 4723 956 4790 ad
972 4723 1097 4790 libitum
1123 4772 1131 4789 .
1158 4772 1166 4788 .
1190 4722 1355 4807 nobilium,
1379 4722 1438 4790 snb
1455 4742 1586 4807 quorum

250 4833 399 4902 districtu
423 4833 510 4900 dicte
535 4834 672 4901 ecclesie
696 4853 766 4900 esse
790 4840 974 4911 noscuntur,
1004 4837 1189 4919 presentare
1212 4829 1255 4897 ad
1279 4830 1408 4898 easdem
1432 4829 1587 4898 ecclesias
