3642 5509
782 442 852 523 raso
869 464 932 523 run
951 464 994 524 31.
1498 465 1550 526 aro

322 645 444 725 Quarto
469 645 554 731 quod
580 655 794 732 recognoscet
817 668 852 714 se
881 650 1059 715 excessisse
1084 655 1116 714 ct
1139 649 1313 714 sententias
1338 651 1548 716 excommuni-

216 753 352 820 cationis
375 754 479 839 ipsum
504 754 633 838 ligasse.

317 860 434 940 Quinto
458 861 544 945 quod
567 863 672 944 gratie
696 861 815 927 domini
844 883 929 948 pape
953 883 988 929 se
1012 863 1124 928 offeret
1148 862 1190 928 ad
1215 862 1474 929 misericordiam.

319 968 404 1033 Etsi
425 969 569 1034 Bararus
585 967 670 1034 dicta
689 968 777 1035 facta
793 971 840 1035 sie
858 975 999 1035 tractata
1016 978 1048 1035 et
1072 969 1221 1036 ordinata
1237 970 1345 1036 facore
1362 991 1424 1036 non
1441 972 1548 1054 vellet,

214 1075 297 1140 sciat
313 1074 407 1140 sedes
420 1075 607 1160 apostolica,
625 1074 711 1158 qnod
728 1074 834 1141 dietus
846 1077 995 1142 Bararus
1012 1075 1191 1142 antedictos
1208 1075 1353 1142 dominos
1369 1097 1432 1142 non
1447 1076 1548 1142 modi-

213 1201 284 1246 cum
301 1182 503 1248 commorelit
519 1189 551 1247 et
567 1204 587 1247 a
604 1182 744 1248 consiliis
760 1202 868 1248 eorum
888 1182 1020 1248 recedet
1036 1190 1068 1249 et
1083 1189 1277 1268 potestatem
1301 1185 1347 1250 cis
1364 1203 1548 1250 concessam

129 1363 135 1370 x
212 1287 367 1372 infringet
390 1289 423 1353 in
446 1295 581 1372 tantum,
606 1288 691 1372 qnod
717 1289 897 1356 huiusmodi
921 1290 1042 1356 factum
1060 1289 1299 1376 preordinatum
1316 1311 1373 1376 per
1389 1293 1548 1357 Bavarum

214 1402 321 1462 tamen
356 1416 418 1461 non
452 1394 661 1480 adimpletum
696 1397 799 1481 possit
822 1397 977 1462 resultare
1003 1398 1034 1461 in
1059 1417 1209 1480 magnum
1234 1396 1385 1463 honorem
1410 1405 1442 1464 et
1466 1400 1549 1463 utili-

212 1508 312 1568 tatem
336 1502 473 1570 ecclesie
490 1502 643 1568 Romanc.
692 1504 761 1569 Hcc
785 1505 891 1568 omnia
916 1505 963 1569 sie
989 1505 1219 1589 intelligantur,
1245 1505 1328 1587 quod
1348 1507 1493 1571 Buranun
1516 1507 1547 1570 iu

214 1609 334 1676 honore
358 1616 391 1676 et
414 1617 501 1676 statu
524 1630 581 1675 sno
605 1618 780 1694 remaneat,
805 1602 953 1696 sleilicet]
978 1613 1011 1676 in
1037 1631 1137 1694 regno
1162 1619 1194 1676 et
1217 1612 1361 1696 imperio.

318 1718 386 1784 Nos
410 1724 517 1783 autem
541 1717 583 1782 ad
608 1717 755 1803 predicta
778 1725 811 1782 et
834 1737 883 1800 ea,
909 1738 970 1800 que
994 1737 1102 1783 eorum
1121 1717 1242 1783 domini
1268 1720 1354 1784 eirea
1377 1719 1434 1784 illa
1457 1720 1548 1785 nobis

212 1824 419 1911 scripsemnt,
453 1825 531 1910 ipsis
564 1826 661 1891 verbo
694 1825 916 1910 respondimus
948 1833 980 1891 et
1010 1845 1119 1890 eorum
1148 1824 1295 1908 dominis,
1328 1831 1362 1890 ut
1395 1827 1546 1908 sequitur,

214 1951 272 2015 per
294 1932 501 2016 scripturam:

317 2038 480 2122 Profecto,
509 2041 563 2122 tili,
594 2042 668 2123 quin
700 2040 835 2106 intentio
860 2045 916 2104 tna
941 2035 1139 2123 aliorumque
1165 2039 1344 2125 principum
1369 2040 1455 2105 circa
1478 2061 1548 2126 prc-

213 2146 311 2211 missa
334 2153 424 2211 recta
447 2146 553 2229 fuerit,
577 2167 778 2230 nequaquam
802 2148 835 2211 in
859 2146 990 2212 dubium
1014 2167 1211 2214 revocamus.
1265 2146 1331 2213 Sed
1354 2147 1467 2212 fnisset
1490 2147 1546 2212 ad·

213 2251 342 2316 modurn
366 2253 458 2318 nobis
482 2260 619 2336 gratum,
644 2253 729 2337 quod
755 2263 800 2337 tu,
824 2254 869 2318 fili
894 2253 1068 2338 carissime,
1093 2259 1125 2318 et
1148 2253 1268 2339 prefati
1289 2254 1451 2340 principes
1475 2275 1547 2320 eon-

214 2357 374 2424 dieionem
408 2359 524 2444 prefati
551 2361 669 2424 Barari
703 2367 736 2424 et
769 2361 947 2444 ingressum
973 2359 1106 2426 eiusad
1131 2361 1296 2445 imperium
1321 2360 1546 2427 etineodem

213 2485 417 2550 progressum
451 2467 694 2534 examinassotr's
727 2468 882 2532 attentius
914 2467 945 2531 in
980 2467 1169 2532 consistorio
1202 2468 1344 2534 rationis.
1397 2467 1546 2533 Profecto

215 2574 319 2657 ipsum
343 2574 543 2658 reperissetis
567 2574 725 2658 privatum
751 2571 829 2649 inre,
859 2575 886 2639 si
911 2573 997 2656 quod
1022 2575 1081 2640 sibi
1106 2575 1326 2640 exelectione
1351 2575 1406 2639 illa
1429 2576 1461 2638 in
1485 2575 1547 2641 dis·

214 2679 326 2744 cordia
350 2680 515 2746 celebrata
539 2679 697 2763 quesitum
721 2679 837 2762 fuerat,
871 2681 999 2746 iusticia
1023 2683 1185 2765 exigente.
1232 2682 1275 2746 Et
1298 2682 1374 2764 qrria
1398 2680 1460 2747 hiis
1483 2701 1547 2746 non

212 2792 382 2852 contentus
405 2787 582 2852 Marsilium
606 2786 648 2851 de
671 2786 784 2852 Padua
809 2793 840 2853 el
865 2786 1038 2852 Iohannem
1064 2787 1104 2852 de
1129 2787 1283 2871 lenduno,
1309 2788 1361 2870 qui
1387 2787 1546 2870 quendam

210 2892 324 2958 librum
349 2900 594 2979 composuerant
617 2895 725 2979 plures
748 2894 876 2958 hereses
900 2895 1117 2960 continentem
1142 2901 1174 2958 ct
1197 2892 1238 2959 ad
1256 2914 1328 2960 eum
1345 2895 1433 2959 velut
1457 2894 1545 2960 here·

211 3000 345 3064 tieorum
370 3008 539 3086 patronum
564 3001 722 3085 fugerant,
756 3008 902 3086 prompte
925 3002 1080 3086 recipere,
1112 3007 1144 3067 et
1176 3007 1210 3066 nt
1245 3002 1315 3066 illas
1343 3001 1548 3086 predicarent

213 3107 352 3192 pnbliee,
376 3129 500 3174 necnon
524 3116 556 3174 et
580 3109 731 3173 hereticis
755 3109 827 3174 aliis
851 3108 883 3172 in
908 3110 1054 3193 partibus
1071 3108 1164 3174 ltalie
1188 3109 1317 3193 publice
1340 3128 1403 3172 non
1421 3107 1548 3172 eruhuit

211 3214 368 3298 impertiri
392 3214 548 3298 favorem,
582 3215 644 3280 fuit
678 3214 861 3280 declaratus
893 3214 1106 3280 hereticorum
1136 3216 1244 3280 fautor
1267 3213 1413 3299 publicus
1438 3220 1470 3278 et
1494 3235 1548 3278 no·

212 3323 312 3386 tarius
336 3327 368 3386 et
393 3329 427 3386 ut
451 3321 663 3388 hereticorum
689 3323 795 3388 fautor
819 3324 970 3407 exigente
993 3323 1122 3388 iusticia
1146 3321 1410 3407 condempnatus.
1462 3322 1548 3387 Sane

214 3428 289 3511 qnia
313 3426 434 3495 diutius
457 3435 648 3513 expectatus
673 3430 714 3495 ab
738 3429 787 3496 his
811 3450 874 3495 non
906 3429 1050 3514 resipiat,
1075 3428 1133 3494 sed
1157 3429 1244 3494 velut
1268 3427 1489 3511 venumdatus,
1513 3435 1549 3493 ut

212 3535 315 3600 faciat
348 3535 476 3618 malum,
510 3535 627 3601 nedum
659 3537 800 3601 favorem
826 3535 1012 3620 impendere
1041 3537 1165 3601 curavit
1193 3534 1353 3614 hereticis,
1389 3533 1446 3601 sed
1471 3535 1549 3619 ipsis

211 3641 378 3708 heresibus
394 3642 481 3708 facto
499 3649 532 3708 et
547 3644 645 3709 serbo
662 3663 696 3708 se
714 3644 841 3728 publice
857 3664 920 3709 non
938 3648 987 3708 est
1002 3645 1122 3708 veritus
1145 3643 1334 3724 immiscere,
1359 3641 1418 3708 fuit
1434 3642 1547 3707 merito

212 3750 442 3834 pronunciatus
473 3748 634 3815 hereticus
657 3758 690 3815 et
713 3757 748 3814 ut
772 3750 933 3816 hereticus
957 3751 1108 3834 exigente
1131 3749 1261 3816 iusticia
1285 3749 1546 3834 condempnatus,

212 3862 307 3942 prout
331 3856 391 3922 hec
415 3857 447 3921 in
471 3857 675 3942 processibus
699 3857 887 3943 apostolicis
911 3857 1035 3943 plenius
1060 3856 1272 3922 continentur.
1319 3856 1368 3921 Ex
1393 3855 1548 3942 predictis

212 3964 292 4029 satis
322 3969 428 4050 potest
462 3965 531 4030 eius
564 3964 716 4030 inhabilis
750 3963 897 4031 condicio
928 3964 971 4031 ad
999 3965 1165 4049 imperiale
1189 3963 1354 4048 fastigium
1379 3983 1546 4050 apparere.

212 4069 324 4148 Qualis
348 4078 455 4136 autem
480 4072 643 4155 ingressus
668 4071 801 4138 eiusad
825 4073 993 4157 imperium
1019 4071 1126 4155 fuerit,
1152 4091 1191 4136 ex
1215 4071 1422 4155 sequentibus
1446 4079 1547 4157 patet,

213 4177 298 4261 quod
320 4176 382 4243 deo
404 4176 543 4261 odibilis,
567 4179 736 4244 iniuriosus
759 4186 871 4245 sancte
895 4178 949 4243 dci
973 4179 1120 4262 ecclesie,
1145 4186 1177 4244 et
1200 4177 1241 4244 de
1264 4179 1353 4244 facto
1378 4178 1547 4244 dumtaxat

213 4285 343 4350 nimium
378 4285 549 4350 temerarie
582 4292 802 4371 attemptatus.
850 4287 943 4351 Sicut
976 4287 1059 4352 enim
1094 4307 1133 4352 ex
1161 4285 1316 4371 predictis
1343 4286 1406 4350 iam
1435 4285 1546 4370 liquet,

213 4393 334 4458 electus
363 4391 469 4457 fuerat
498 4393 530 4456 in
555 4391 718 4458 discordia
742 4394 951 4478 privatusque
976 4394 1127 4478 exigente
1151 4394 1273 4458 iustitia
1295 4394 1373 4476 iure,
1409 4393 1437 4458 si
1462 4393 1548 4476 quod

212 4501 273 4566 sibi
298 4499 522 4565 exelectione
546 4499 659 4566 eadem
691 4500 796 4566 fuerat
824 4501 1027 4584 acquisitum,
1057 4506 1089 4566 et
1118 4500 1341 4566 nichilominus
1365 4500 1473 4566 fautor
1495 4501 1548 4568 he·-

212 4607 385 4673 reticorum
419 4605 602 4673 declaratus
630 4614 663 4673 ct
692 4607 852 4674 hereticus
881 4614 914 4674 et
945 4615 980 4672 ut
1003 4607 1112 4674 fautor
1135 4614 1168 4674 et
1191 4607 1352 4674 hereticus
1377 4607 1548 4695 condemp-

212 4722 317 4781 natus.
375 4713 499 4794 Quibus
532 4735 594 4780 non
628 4715 846 4799 obstantibus,
881 4721 917 4781 ut
949 4714 992 4782 ad
1026 4735 1075 4800 ea,
1111 4735 1173 4801 que
1206 4715 1338 4800 requirit
1371 4716 1547 4802 imperialis

212 4824 364 4912 dignitas,
394 4821 547 4892 uidelicet
570 4823 787 4892 inunctionem
811 4825 1084 4892 consecrationem
1105 4829 1137 4890 et
1159 4823 1406 4911 coronationem,
1439 4829 1547 4916 posset
