3642 5509
784 479 851 538 1329
869 477 953 538 Mttrz
971 479 1013 538 Yi.
1513 480 1568 542 243

234 658 360 726 nomine
394 682 520 728 camere
551 663 727 747 apostolice
760 662 801 729 de
836 666 1006 748 nongentis
1029 665 1262 749 quinquaginta
1293 666 1394 732 tribus
1427 666 1567 733 marchis

235 770 360 853 argenti
390 807 433 815 —-
462 770 694 854 quinquaginta
728 769 852 837 duobus
885 773 1108 838 turonensibus
1140 773 1264 857 argenti
1298 775 1417 856 grossis
1450 795 1566 841 cumo

234 876 370 942 rotundo
394 897 451 960 pro
475 876 607 942 marcha
630 877 773 959 qualibet
796 881 1010 963 computatios
1026 915 1069 926 -
1091 881 1214 944 ratione
1237 880 1402 945 cuiusdam
1427 880 1566 966 depositi

235 1003 332 1068 penes
356 983 517 1066 quondam
541 985 675 1049 Paulum
704 983 744 1049 de
769 985 891 1050 Mutina
916 984 1131 1070 predictarum
1157 985 1321 1051 domorum
1345 995 1566 1072 preceptorem

234 1091 308 1154 olim
334 1111 391 1175 per
414 1093 602 1174 magistrum
619 1089 818 1174 Magiredum
844 1091 884 1156 de
898 1092 1052 1158 lllontiliis
1076 1093 1226 1158 clericum
1240 1092 1455 1159 Rutbenensis
1481 1095 1565 1160 dioc.

233 1198 319 1266 sedis
343 1199 519 1284 apostolice
543 1199 700 1266 nunciam.

340 1305 419 1371 Cum
443 1305 655 1372 Gevclrardus
678 1305 719 1370 de
744 1305 917 1372 Bortvelde
934 1355 941 1370 .
960 1355 994 1370 ..
1042 1308 1116 1372 Dat.
1141 1309 1235 1372 Avia.
1261 1308 1305 1372 VI
1330 1309 1374 1373 kl.
1400 1309 1511 1393 aprilis
1534 1332 1564 1374 a.

234 1412 463 1479 tertiodecimo.

393 1539 466 1607 Ray.
486 1541 538 1591 115
555 1554 603 1608 ps.
624 1539 678 1607 If.
697 1541 735 1592 85
754 1555 802 1592 rar.
822 1539 892 1602 494,·
914 1541 967 1594 liz.
988 1541 1067 1593 1154.

338 1799 459 1866 1705.
492 1803 577 1865 1329
601 1801 700 1866 Mdra
723 1804 777 1866 27.
803 1800 967 1887 Aoipaoa.

340 1943 499 2009 lebannes
521 1944 620 2008 XXII
644 1943 796 2028 episcoqo
820 1942 989 2028 Scopiensi
1014 1943 1162 2009 concedit
1186 1944 1372 2010 facultatem
1398 1946 1564 2029 quosdam,

233 2051 286 2132 qui
317 2051 440 2134 riginte
476 2050 623 2116 marchas
658 2052 738 2132 auri,
774 2071 836 2133 que
870 2052 901 2115 in
937 2052 1081 2135 partibus
1106 2051 1233 2117 Prussie
1267 2051 1308 2117 (le
1341 2052 1474 2118 denario
1507 2075 1564 2120 seu

233 2178 329 2224 censu
352 2159 388 2222 B.
405 2159 493 2222 Petri
516 2157 558 2223 ad
582 2179 699 2244 papam
725 2179 782 2243 per
807 2166 928 2224 certum
952 2159 1099 2223 nuncium
1123 2159 1342 2236 mittebantur,
1366 2160 1565 2226 abstulerunt

232 2264 336 2330 eidem
383 2264 513 2346 nuncio,
562 2264 768 2346 absolvendi,
815 2271 983 2350 postquam
1019 2264 1117 2329 iidem
1159 2264 1367 2331 derobatores
1402 2266 1564 2352 predictas

232 2371 379 2437 marchas
403 2371 499 2436 Petro
529 2370 569 2436 de
594 2371 723 2456 Ungula
751 2371 849 2456 priori
880 2371 994 2436 domus
1018 2370 1186 2456 hospitalis
1209 2372 1243 2438 S.
1268 2371 1420 2438 Iohannis
1443 2375 1564 2440 leroso-

232 2480 375 2544 linritane
391 2479 418 2542 T
422 2478 574 2544 holosane
598 2478 774 2563 apostolice
798 2479 884 2545 sedis
909 2479 1025 2544 nuncio
1049 2479 1245 2544 restituerint
1269 2486 1302 2544 et
1317 2479 1563 2563 assignaverint.

338 2586 449 2670 Nuper
472 2587 664 2670 accepimuS,
690 2586 775 2667 quod
805 2634 865 2650 ...
913 2585 1098 2650 Datrtvin.
1125 2587 1168 2650 Vl
1192 2586 1237 2651 kl.
1266 2587 1377 2671 aprilis
1401 2608 1431 2652 a.
1455 2590 1563 2653 tertio·

231 2691 366 2758 decimo.

390 2801 462 2870 Ray.
483 2803 537 2854 115
552 2815 602 2869 pa.
623 2799 678 2870 If.
696 2803 734 2855 85
753 2817 801 2855 nr.
821 2801 898 2868 493,·
917 2802 969 2856 Ra.
991 2804 1072 2854 1165,

337 3033 456 3100 1706.
482 3036 568 3098 1329
596 3033 699 3119 April
718 3035 748 3098 3.
779 3031 946 3116 Acipooa.

338 3175 496 3241 lohannes
513 3176 611 3240 XXll
636 3175 770 3241 Iohanni
795 3183 871 3240 nato
895 3175 982 3240 Erici
1007 3173 1148 3240 Saxonie
1172 3174 1313 3259 Angarie
1337 3182 1369 3239 et
1394 3175 1563 3242 Westtalre

230 3282 321 3348 ducis
354 3283 479 3348 coniert
512 3282 591 3347 eccl.
621 3281 731 3348 Colon.
766 3281 1003 3363 canonicatum,
1038 3281 1234 3366 prebendam
1267 3302 1343 3346 vero
1376 3282 1479 3347 eidem
1514 3303 1560 3348 re·

230 3397 347 3456 servat.

336 3499 495 3564 Nobilitas
527 3500 664 3582 generis,
700 3517 820 3563 morum
846 3546 853 3561 .
881 3546 887 3560 .
915 3545 922 3560 .
971 3498 1044 3561 Dat.
1069 3497 1163 3560 svin.
1189 3496 1238 3559 llI
1267 3515 1368 3561 nonas
1396 3495 1508 3580 aprilis
1531 3516 1562 3561 a.

230 3604 463 3671 tertiodecimo.

337 3712 374 3776 ln
398 3733 426 3777 e.
449 3734 489 3777 m.
519 3711 763 3796 archiepiscopo
788 3708 1009 3776 Ebreduuensi
1035 3717 1067 3775 ct
1091 3711 1242 3795 episcopo
1265 3709 1507 3794 Raaeburgeusi
1530 3717 1563 3775 et

230 3821 393 3903 preposito
417 3820 497 3886 ecel.
521 3820 775 3903 Hamburgensis
800 3819 980 3883 Bromensis
1006 3816 1089 3882 dine.

379 3950 451 4020 Bag.
470 3951 506 4004 91
523 3949 548 4020 f.
568 3949 626 4004 227
644 3965 692 4004 ar.
711 3949 795 4003 2655.

337 4175 460 4242 1707.
491 4177 576 4240 1329
599 4177 697 4242 Mdrz
722 4179 752 4241 7.
777 4176 941 4262 Acipnoa.

336 4317 495 4385 lohannes
525 4319 623 4384 XXll
661 4319 844 4385 Hermanno
873 4317 914 4382 de
938 4317 1059 4383 Werda
1088 4317 1214 4384 confert
1242 4318 1397 4384 secularis
1426 4318 1562 4385 ecclesie

229 4425 434 4492 Assindensis
458 4426 568 4492 Colon.
593 4425 688 4510 dioc,
724 4427 755 4490 in
790 4447 853 4508 qua
881 4432 987 4491 certus
1020 4426 1244 4490 canonicorum
1275 4433 1308 4490 et
1337 4426 1562 4491 canonicarum

229 4553 378 4600 numerus
401 4533 592 4599 secularium
617 4534 756 4599 existere
772 4532 890 4598 dicitur
906 4533 1081 4615 institutus,
1107 4533 1342 4612 canonicatum,
1366 4532 1561 4618 prebendam

230 4660 306 4706 vero
329 4660 370 4706 ac
394 4639 609 4706 obedientiam
642 4639 779 4705 conferri
814 4641 914 4725 ipsius
947 4640 1083 4705 ecclesie
1117 4640 1280 4704 canonicis
1304 4647 1485 4722 consuetas,
1518 4639 1561 4705 ad

229 4747 471 4832 dispositionem
505 4749 668 4813 abbatisse
702 4755 734 4812 et
767 4748 898 4832 capituli
932 4745 1074 4812 eiusdem
1107 4747 1244 4812 ecclesie
1277 4748 1487 4812 communiter
1509 4747 1561 4813 vel

229 4854 356 4920 divisim
381 4861 576 4940 spectantes,
601 4853 705 4920 eidem
731 4867 882 4920 reservat.
