3642 5509
792 469 861 524 133⁶
879 469 943 524 Juli
962 471 987 524 5.
1480 470 1533 526 501

305 649 458 734 Receptis
474 650 612 733 benigne
628 650 743 714 litteris
767 650 865 732 regiis
885 669 981 735 super
997 650 1129 734 negotio
1146 656 1302 734 tangente
1317 650 1533 716 venerabilem

197 757 330 822 fratrem
355 765 495 822 nostrum
514 806 522 820 .
540 807 547 821 .
565 756 841 841 archiepiscopum
866 757 1097 823 Treverensem
1117 756 1290 823 novissime
1313 758 1405 823 nobis
1428 757 1532 823 missis

198 873 230 928 et
254 863 413 930 contentis
437 864 469 928 in
493 865 540 930 eis
564 865 688 949 plenius
712 863 894 941 intellectis,
928 863 1166 948 magnificentie
1190 863 1280 946 regie
1303 862 1532 948 respondemus

198 971 338 1036 breviter
361 990 456 1056 snper
480 971 535 1037 eis.
584 972 621 1035 In
644 972 755 1057 primis
774 969 942 1053 siquidem,
967 979 1003 1036 ut
1018 971 1187 1038 veritatem
1204 972 1326 1055 negotii
1351 969 1531 1036 huiusmodi

197 1079 352 1144 serenitas
375 1079 466 1162 regia
489 1099 551 1145 non
575 1078 711 1162 ignoret,
745 1077 830 1142 illius
863 1079 979 1144 seriem
1003 1079 1167 1145 succincte
1189 1078 1389 1164 providimus
1421 1084 1531 1143 tenore

196 1185 392 1271 presentium
416 1184 660 1251 recensendam:

305 1292 389 1359 Olim
413 1291 569 1376 siquidem
593 1292 699 1360 adhuc
725 1295 806 1360 bone
829 1294 982 1359 memorie
997 1293 1120 1359 Mathia
1138 1292 1383 1379 archiepiscopo
1400 1293 1531 1377 Magnu-

197 1401 263 1465 tino
296 1400 498 1467 inhumanis
531 1407 648 1486 agente
673 1451 680 1468 .
707 1451 714 1466 .
739 1401 898 1468 Iohannes
931 1422 1049 1486 papa.
1075 1454 1082 1469 .
1108 1401 1356 1486 ‚provisionem
1388 1400 1530 1467 eiusdem

196 1506 332 1573 ecclesie
365 1505 458 1573 duxit
490 1527 530 1573 ea
563 1509 636 1574 vice
669 1509 730 1574 sibi
765 1516 797 1573 et
829 1507 899 1574 sedi
932 1507 1078 1593 predicte
1104 1557 1111 1573 .
1138 1557 1145 1572 .
1171 1558 1178 1573 .
1204 1507 1429 1574 reservandam
1454 1556 1461 1571 .
1488 1556 1529 1572 ..
1645 1578 1648 1582 Δ

195 1615 434 1698 Subsequenter
457 1635 533 1681 vero
564 1615 676 1680 eodem
710 1615 833 1680 lllathia
858 1669 865 1684 .
891 1665 898 1680 .
924 1617 1040 1680 ‚viam
1068 1617 1215 1681 universe
1247 1615 1352 1681 carnis
1385 1616 1529 1697 ingresso

195 1721 402 1806 predecessor
425 1730 533 1789 noster
555 1723 701 1808 prelatus
725 1772 732 1787 .
758 1771 766 1787 .
792 1773 799 1788 .
824 1722 866 1789 de
889 1742 1026 1808 persona
1051 1772 1111 1789 ...
1135 1723 1268 1788 Henrici
1291 1721 1528 1807 archiepiscopi

196 1831 373 1914 Mergentini
398 1829 533 1896 ecclesie
556 1837 730 1896 memorate
755 1880 762 1896 .
787 1882 794 1895 .
820 1881 827 1895 .
851 1829 993 1916 providit
1018 1879 1025 1895 .
1051 1880 1058 1894 .
1084 1881 1091 1896 .
1127 1829 1193 1896 Sed
1217 1851 1288 1896 cum
1315 1829 1401 1895 idem
1426 1829 1529 1895 archi-

195 1938 364 2022 episcopus
381 1937 586 2021 llaguntinus
610 1938 763 2002 bonorum
780 1938 993 2023 spiritualium
1017 1944 1050 2002 et
1065 1937 1287 2022 temporalium
1310 1956 1367 2002 sue
1391 1936 1529 2003 ecclesie

194 2044 380 2127 Magnntine
416 2043 724 2110 administrationem
758 2044 856 2111 vellet
890 2045 1052 2129 suscipere
1087 2064 1126 2110 ae
1161 2063 1283 2128 gerere,
1319 2049 1354 2108 ut
1388 2042 1528 2109 debebat

195 2156 228 2215 et
255 2151 438 2236 pertinebat
471 2149 513 2216 ad
544 2152 657 2236 ipsum,
693 2149 897 2237 supradictus
931 2151 1194 2237 archiepiscopus
1218 2152 1438 2230 Treverensis,
1473 2151 1527 2234 qui

194 2263 322 2342 postet
347 2265 459 2324 contra
482 2259 732 2325 reservationem
765 2265 798 2325 et
822 2257 985 2325 decretum
1019 2258 1167 2345 predicta
1199 2278 1256 2345 per
1284 2259 1409 2342 aliquos
1433 2278 1528 2324 cano·

194 2365 283 2430 nicos
299 2363 387 2430 dicte
402 2365 537 2432 ecclesie
550 2365 737 2448 Maguntine
750 2367 931 2451 postulatus
942 2367 975 2430 in
988 2366 1264 2452 archiepiscopum
1277 2365 1378 2450 ipsius
1391 2365 1527 2432 ecclesie

194 2470 370 2553 dicebatur,
396 2478 566 2557 propterea
589 2492 624 2537 se
646 2473 679 2537 in
705 2472 983 2558 archiepiscopum
1001 2473 1221 2556 Magantinum
1237 2473 1409 2538 intruserat
1430 2474 1527 2538 bona·

193 2599 255 2661 que
278 2585 494 2663 occupaverat
518 2587 549 2644 et
573 2587 731 2664 occupata
756 2628 762 2641 .
789 2629 796 2644 .
822 2630 830 2646 .
855 2579 1021 2646 detinebat
1044 2579 1203 2666 predicta,
1232 2599 1434 2664 nequaquam
1457 2599 1527 2665 per-

192 2685 279 2751 misit
311 2705 370 2750 nec
395 2684 500 2751 adhuc
532 2687 689 2771 permittit
721 2687 900 2772 sepefatum
924 2687 1146 2770 Magantinum
1171 2687 1447 2772 archiepiscopum
1471 2686 1526 2752 ad·

192 2793 458 2858 ministrationem
482 2793 644 2877 suscipere
677 2814 716 2859 ac
740 2813 853 2878 gerere
876 2793 1106 2878 supradictam,
1142 2795 1219 2878 quin
1251 2795 1358 2880 potius
1390 2814 1525 2879 occupa·

193 2899 311 2965 tionem
336 2900 464 2985 ipsam.
488 2949 495 2964 .
518 2949 525 2966 .
549 2899 645 2984 longo
669 2907 813 2985 tempore
838 2902 1037 2966 continuavit
1059 2909 1092 2966 et
1116 2903 1291 2984 continuat,
1316 2900 1525 2987 percipiendo

191 3008 316 3071 fructus
348 3004 494 3072 redditus
527 3014 559 3072 et
586 3013 759 3092 proventus
782 3007 1080 3093 archiepiscopatus
1112 3008 1249 3094 predicti
1282 3028 1381 3092 seque
1413 3009 1445 3073 in
1470 3007 1526 3073 ad-

191 3112 410 3179 ministrandis
434 3113 485 3179 vel
517 3115 624 3198 potius
657 3113 848 3200 usurpandis
883 3121 916 3180 et
943 3114 1095 3200 gerendis
1127 3115 1246 3181 ibidem
1280 3115 1353 3200 hiis,
1389 3135 1450 3198 que
1483 3114 1526 3180 ad

190 3219 374 3305 pontificale
405 3226 553 3306 spectant
585 3220 732 3303 officium,
770 3221 916 3304 quamvis
949 3222 1035 3287 nulla
1070 3222 1133 3289 sibi
1165 3241 1261 3307 super
1296 3221 1357 3288 hoc
1387 3222 1527 3290 facultas

191 3333 352 3414 suppetat,
386 3327 634 3413 dampnabiliter
657 3327 865 3395 immiscendo
891 3378 898 3392 .
925 3379 966 3393 ..
1013 3329 1157 3412 Cumque
1190 3327 1315 3415 pridem
1348 3329 1390 3395 de
1417 3350 1525 3396 mense

191 3435 270 3500 iunii
298 3437 443 3520 proxime
472 3437 627 3521 preteriti,
661 3435 715 3500 din
746 3442 916 3519 antequam
950 3435 1056 3502 littere
1088 3437 1176 3520 regie
1204 3437 1433 3522 pervenissent,
1466 3458 1525 3523 pro

191 3549 283 3627 parte
306 3543 443 3627 sepelati
467 3541 702 3628 archiepiscopi
726 3543 906 3627 Magantini
931 3563 1037 3609 coram
1062 3544 1154 3609 nobis
1177 3557 1210 3610 et
1232 3544 1386 3610 fratribus
1409 3546 1526 3611 nostris

189 3650 222 3713 in
247 3651 433 3717 consistorio
450 3649 615 3735 proposito
632 3651 761 3734 negotio
781 3650 967 3736 supradicto
984 3651 1099 3717 luisset
1114 3651 1206 3717 nobis
1228 3670 1325 3736 super
1341 3650 1524 3718 exbibenda

189 3757 318 3822 iusticia
341 3757 496 3822 instanter
519 3763 551 3822 et
575 3755 736 3823 humiliter
758 3758 983 3843 supplicatum,
1017 3778 1075 3824 nos
1098 3763 1130 3824 et
1154 3759 1271 3825 fratres
1294 3758 1431 3844 predicti
1456 3758 1525 3826 dili·

189 3865 318 3948 gentius
335 3863 549 3946 attendentes,
575 3863 660 3947 qnod
678 3865 854 3950 prelibatus
870 3866 1132 3952 archiepiscopus
1148 3866 1357 3932 Treverensis
1383 3867 1524 3950 benigni-

190 3977 288 4037 tatem
312 3978 344 4036 et
367 3970 643 4037 mansuetudinem
660 3972 837 4057 apostolice
860 3971 947 4039 sedis
968 3972 1125 4058 predicte,
1149 3992 1212 4056 que
1234 3974 1340 4059 ipsum
1364 3980 1431 4040 tam
1453 3995 1523 4060 pre-

190 4078 267 4144 dicti
292 4077 529 4164 predecessoris
562 4081 660 4144 nostri
694 4099 788 4163 quam
822 4086 930 4146 nostro
966 4086 1109 4166 ternpore
1138 4079 1258 4147 diutius
1290 4080 1524 4148 abstinendos

190 4185 391 4272 processibus
414 4185 568 4252 adversus
592 4206 662 4252 eum
698 4185 856 4254 faciendis
880 4189 1075 4272 expectavit,
1111 4193 1147 4252 ut
1179 4207 1236 4253 sue
1271 4188 1304 4252 in
1332 4187 1395 4253 hoc
1430 4196 1523 4274 parte

188 4294 283 4359 saluti
308 4300 341 4359 et
364 4293 448 4359 lame
472 4315 492 4359 a
515 4300 582 4358 tam
604 4295 792 4379 perniciosis
823 4300 856 4360 et
878 4293 1063 4380 dampnatis
1086 4295 1321 4362 temeritatibus
1350 4294 1522 4362 resiliendo

189 4401 376 4478 consuleret,
410 4401 576 4486 presertim
601 4400 643 4466 ad
666 4403 850 4466 memoriam
875 4421 1041 4484 revocans,
1065 4400 1152 4485 quod
1176 4409 1287 4468 contra
1309 4403 1522 4469 reverentiam

188 4514 221 4572 et
255 4506 473 4591 obedimtiam,
513 4508 627 4590 quibus
662 4508 807 4575 Romane
842 4509 979 4575 ecclesie
1013 4509 1164 4574 astrictus
1199 4508 1319 4593 existit,
1355 4517 1389 4576 et
1424 4510 1522 4575 etiam

187 4616 351 4700 proprium
374 4615 585 4681 iuramentum
609 4636 666 4700 per
690 4637 761 4682 eum
785 4617 818 4681 in
841 4637 899 4682 sua
922 4617 1122 4701 promotione
1145 4617 1313 4702 prestitum
1328 4615 1521 4684 offendendo

187 4727 220 4786 et
244 4722 510 4807 transgrediendo
542 4743 652 4789 sacros
684 4743 823 4790 canones
855 4725 1026 4790 manifeste
1061 4725 1094 4789 in
1117 4722 1272 4810 predictis
1307 4732 1339 4790 et
1372 4725 1521 4790 circaea

189 4830 257 4912 egit
289 4837 322 4894 et
355 4831 434 4913 agit,
471 4828 652 4896 deducebat
685 4838 716 4896 et
741 4829 921 4896 deduxerat
944 4831 1191 4917 dampnabiliter
1225 4831 1259 4896 in
1293 4837 1521 4918 contemptum,
