<?xml version="1.0" encoding="UTF-8"?>
<!DOCTYPE html PUBLIC "-//W3C//DTD XHTML 1.0 Transitional//EN"
    "http://www.w3.org/TR/xhtml1/DTD/xhtml1-transitional.dtd">
<html xmlns="http://www.w3.org/1999/xhtml" xml:lang="en" lang="en">
 <head>
  <title>
</title>
<meta http-equiv="Content-Type" content="text/html;charset=utf-8" />
  <meta name='ocr-system' content='tesseract 3.04.00' />
  <meta name='ocr-capabilities' content='ocr_page ocr_carea ocr_par ocr_line ocrx_word'/>
</head>
<body>
  <div class='ocr_page' id='page_1' title='image "./urkundenundrege00thimgoog_0423.png"; bbox 0 0 3642 5509; ppageno 0'>
   <div class='ocr_carea' id='block_1_1' title="bbox 275 443 1085 504">
    <p class='ocr_par' dir='ltr' id='par_1_1' title="bbox 275 443 1085 504">
     <span class='ocr_line' id='line_1_1' title="bbox 275 443 1085 504; baseline 0.004 -4"><span class='ocrx_word' id='word_1_1' title='bbox 275 443 328 500; x_wconf 80' lang='lat'><strong>394</strong></span> <span class='ocrx_word' id='word_1_2' title='bbox 798 446 866 502; x_wconf 79' lang='lat'>1331</span> <span class='ocrx_word' id='word_1_3' title='bbox 887 447 1024 504; x_wconf 85' lang='lat' dir='ltr'><strong>Februar</strong></span> <span class='ocrx_word' id='word_1_4' title='bbox 1044 447 1085 504; x_wconf 88' lang='grc'><strong>16.</strong></span> 
     </span>
    </p>
   </div>
   <div class='ocr_carea' id='block_1_2' title="bbox 275 625 1608 802">
    <p class='ocr_par' dir='ltr' id='par_1_2' title="bbox 275 625 1608 802">
     <span class='ocr_line' id='line_1_2' title="bbox 381 625 1608 716; baseline 0.003 -24"><span class='ocrx_word' id='word_1_5' title='bbox 381 628 418 692; x_wconf 94' lang='lat' dir='ltr'><strong>In</strong></span> <span class='ocrx_word' id='word_1_6' title='bbox 442 646 470 692; x_wconf 90' lang='lat' dir='ltr'><strong>e.</strong></span> <span class='ocrx_word' id='word_1_7' title='bbox 487 649 528 692; x_wconf 91' lang='lat' dir='ltr'><strong>m.</strong></span> <span class='ocrx_word' id='word_1_8' title='bbox 553 625 676 694; x_wconf 89' lang='lat' dir='ltr'><strong>decano</strong></span> <span class='ocrx_word' id='word_1_9' title='bbox 696 628 874 696; x_wconf 88' lang='lat' dir='ltr'><strong>Bonnensis</strong></span> <span class='ocrx_word' id='word_1_10' title='bbox 891 629 1002 696; x_wconf 91' lang='lat' dir='ltr'><strong>Colon.</strong></span> <span class='ocrx_word' id='word_1_11' title='bbox 1029 629 1111 696; x_wconf 88' lang='lat' dir='ltr'><strong>dioc.</strong></span> <span class='ocrx_word' id='word_1_12' title='bbox 1138 636 1170 697; x_wconf 91' lang='lat' dir='ltr'><strong>et</strong></span> <span class='ocrx_word' id='word_1_13' title='bbox 1187 629 1349 698; x_wconf 85' lang='lat' dir='ltr'><strong>Tullensis</strong></span> <span class='ocrx_word' id='word_1_14' title='bbox 1372 651 1408 698; x_wconf 90' lang='lat' dir='ltr'><strong>as</strong></span> <span class='ocrx_word' id='word_1_15' title='bbox 1424 631 1457 698; x_wconf 85' lang='lat' dir='ltr'><strong>S.</strong></span> <span class='ocrx_word' id='word_1_16' title='bbox 1477 628 1608 716; x_wconf 82' lang='lat' dir='ltr'>Georgii</span> 
     </span>
     <span class='ocr_line' id='line_1_3' title="bbox 275 734 827 802; baseline 0.002 -3"><span class='ocrx_word' id='word_1_17' title='bbox 275 734 384 800; x_wconf 87' lang='lat' dir='ltr'><strong>Colon.</strong></span> <span class='ocrx_word' id='word_1_18' title='bbox 409 736 587 801; x_wconf 74' lang='lat' dir='ltr'><strong>scolasticis</strong></span> <span class='ocrx_word' id='word_1_19' title='bbox 610 736 827 802; x_wconf 89' lang='lat' dir='ltr'><strong>ecclesiarum.</strong></span> 
     </span>
    </p>
   </div>
   <div class='ocr_carea' id='block_1_3' title="bbox 433 860 863 929">
    <p class='ocr_par' dir='ltr' id='par_1_3' title="bbox 433 860 863 929">
     <span class='ocr_line' id='line_1_4' title="bbox 433 860 863 929; baseline 0.002 -16"><span class='ocrx_word' id='word_1_20' title='bbox 433 860 692 929; x_wconf 67' lang='grc'><strong>11199111</strong></span> <span class='ocrx_word' id='word_1_21' title='bbox 714 877 762 914; x_wconf 80' lang='lat' dir='ltr'><strong>ur.</strong></span> <span class='ocrx_word' id='word_1_22' title='bbox 784 861 863 916; x_wconf 83' lang='lat'><em>1252.</em></span> 
     </span>
    </p>
   </div>
   <div class='ocr_carea' id='block_1_4' title="bbox 381 1132 1078 1222">
    <p class='ocr_par' dir='ltr' id='par_1_4' title="bbox 381 1132 1078 1222">
     <span class='ocr_line' id='line_1_5' title="bbox 381 1132 1078 1222; baseline 0.006 -26"><span class='ocrx_word' id='word_1_23' title='bbox 381 1132 506 1197; x_wconf 73' lang='grc'><strong>2010.</strong></span> <span class='ocrx_word' id='word_1_24' title='bbox 542 1137 627 1198; x_wconf 90' lang='grc'><strong>1331</strong></span> <span class='ocrx_word' id='word_1_25' title='bbox 654 1137 886 1200; x_wconf 61' lang='grc'><strong>1111111116.</strong></span> <span class='ocrx_word' id='word_1_26' title='bbox 912 1133 1078 1222; x_wconf 78' lang='lat' dir='ltr'><strong>Auipcou.</strong></span> 
     </span>
    </p>
   </div>
   <div class='ocr_carea' id='block_1_5' title="bbox 273 1275 1611 2092">
    <p class='ocr_par' dir='ltr' id='par_1_5' title="bbox 273 1275 1611 1900">
     <span class='ocr_line' id='line_1_6' title="bbox 380 1275 1609 1346; baseline 0.004 -7"><span class='ocrx_word' id='word_1_27' title='bbox 380 1275 538 1342; x_wconf 89' lang='lat' dir='ltr'><strong>lohannes</strong></span> <span class='ocrx_word' id='word_1_28' title='bbox 561 1275 660 1341; x_wconf 83' lang='lat' dir='ltr'>XXII</span> <span class='ocrx_word' id='word_1_29' title='bbox 685 1278 876 1344; x_wconf 86' lang='lat' dir='ltr'><strong>Thilmanuo</strong></span> <span class='ocrx_word' id='word_1_30' title='bbox 901 1277 942 1343; x_wconf 91' lang='lat' dir='ltr'><strong>de</strong></span> <span class='ocrx_word' id='word_1_31' title='bbox 966 1279 1060 1345; x_wconf 92' lang='lat' dir='ltr'><strong>Uuna</strong></span> <span class='ocrx_word' id='word_1_32' title='bbox 1083 1279 1281 1345; x_wconf 84' lang='lat' dir='ltr'><strong>subdiacono</strong></span> <span class='ocrx_word' id='word_1_33' title='bbox 1305 1279 1417 1346; x_wconf 85' lang='lat' dir='ltr'><strong>Colou.</strong></span> <span class='ocrx_word' id='word_1_34' title='bbox 1443 1279 1527 1346; x_wconf 84' lang='lat' dir='ltr'><strong>dioc.</strong></span> <span class='ocrx_word' id='word_1_35' title='bbox 1555 1300 1609 1344; x_wconf 93' lang='lat' dir='ltr'><strong>uo·</strong></span> 
     </span>
     <span class='ocr_line' id='line_1_7' title="bbox 274 1383 1608 1472; baseline 0.005 -27"><span class='ocrx_word' id='word_1_36' title='bbox 274 1383 355 1448; x_wconf 88' lang='lat' dir='ltr'><strong>tario</strong></span> <span class='ocrx_word' id='word_1_37' title='bbox 381 1383 510 1448; x_wconf 90' lang='lat' dir='ltr'><strong>Henrici</strong></span> <span class='ocrx_word' id='word_1_38' title='bbox 534 1383 770 1469; x_wconf 85' lang='lat' dir='ltr'><strong>archiepiscopi</strong></span> <span class='ocrx_word' id='word_1_39' title='bbox 794 1385 903 1451; x_wconf 88' lang='lat' dir='ltr'><strong>Colon.</strong></span> <span class='ocrx_word' id='word_1_40' title='bbox 935 1386 989 1467; x_wconf 80' lang='lat' dir='ltr'><strong>(ue</strong></span> <span class='ocrx_word' id='word_1_41' title='bbox 1012 1390 1108 1467; x_wconf 85' lang='lat' dir='ltr'><strong>novo)</strong></span> <span class='ocrx_word' id='word_1_42' title='bbox 1138 1386 1295 1470; x_wconf 81' lang='lat' dir='ltr'>indulget,</span> <span class='ocrx_word' id='word_1_43' title='bbox 1330 1393 1364 1452; x_wconf 93' lang='lat' dir='ltr'><strong>ut</strong></span> <span class='ocrx_word' id='word_1_44' title='bbox 1388 1389 1512 1452; x_wconf 88' lang='lat' dir='ltr'><strong>ratione</strong></span> <span class='ocrx_word' id='word_1_45' title='bbox 1538 1408 1608 1472; x_wconf 90' lang='lat' dir='ltr'><strong>par-</strong></span> 
     </span>
     <span class='ocr_line' id='line_1_8' title="bbox 274 1489 1611 1580; baseline 0.005 -27"><span class='ocrx_word' id='word_1_46' title='bbox 274 1489 425 1555; x_wconf 87' lang='lat' dir='ltr'><strong>rochialis</strong></span> <span class='ocrx_word' id='word_1_47' title='bbox 449 1492 584 1556; x_wconf 88' lang='lat' dir='ltr'><strong>ecclesie</strong></span> <span class='ocrx_word' id='word_1_48' title='bbox 608 1493 639 1556; x_wconf 90' lang='lat' dir='ltr'><strong>iu</strong></span> <span class='ocrx_word' id='word_1_49' title='bbox 656 1493 892 1576; x_wconf 81' lang='lat' dir='ltr'><strong>Leielrelingen</strong></span> <span class='ocrx_word' id='word_1_50' title='bbox 909 1493 1019 1559; x_wconf 88' lang='lat' dir='ltr'><strong>Colon.</strong></span> <span class='ocrx_word' id='word_1_51' title='bbox 1045 1493 1131 1559; x_wconf 92' lang='lat' dir='ltr'><strong>dioc.</strong></span> <span class='ocrx_word' id='word_1_52' title='bbox 1159 1501 1191 1559; x_wconf 93' lang='lat' dir='ltr'><strong>et</strong></span> <span class='ocrx_word' id='word_1_53' title='bbox 1214 1494 1378 1580; x_wconf 87' lang='lat' dir='ltr'><strong>prebende</strong></span> <span class='ocrx_word' id='word_1_54' title='bbox 1402 1493 1611 1560; x_wconf 85' lang='lat' dir='ltr'><strong>sacerdotalis</strong></span> 
     </span>
     <span class='ocr_line' id='line_1_9' title="bbox 274 1595 1611 1687; baseline 0.003 -26"><span class='ocrx_word' id='word_1_55' title='bbox 274 1595 410 1662; x_wconf 89' lang='lat' dir='ltr'><strong>ecclesie</strong></span> <span class='ocrx_word' id='word_1_56' title='bbox 438 1599 470 1661; x_wconf 94' lang='lat' dir='ltr'><strong>iu</strong></span> <span class='ocrx_word' id='word_1_57' title='bbox 501 1598 690 1682; x_wconf 81' lang='lat' dir='ltr'><strong>Deitkirgen</strong></span> <span class='ocrx_word' id='word_1_58' title='bbox 716 1599 824 1665; x_wconf 89' lang='lat' dir='ltr'><strong>Colon.</strong></span> <span class='ocrx_word' id='word_1_59' title='bbox 855 1599 951 1675; x_wconf 82' lang='lat' dir='ltr'><strong>dioc,</strong></span> <span class='ocrx_word' id='word_1_60' title='bbox 986 1601 1149 1683; x_wconf 83' lang='lat' dir='ltr'><strong>obsequiis</strong></span> <span class='ocrx_word' id='word_1_61' title='bbox 1182 1600 1262 1667; x_wconf 87' lang='lat' dir='ltr'><strong>dicti</strong></span> <span class='ocrx_word' id='word_1_62' title='bbox 1296 1601 1531 1687; x_wconf 88' lang='lat' dir='ltr'><strong>archiepiscopi</strong></span> <span class='ocrx_word' id='word_1_63' title='bbox 1564 1603 1611 1666; x_wconf 92' lang='lat' dir='ltr'><strong>in·</strong></span> 
     </span>
     <span class='ocr_line' id='line_1_10' title="bbox 273 1704 1610 1788; baseline 0.004 -20"><span class='ocrx_word' id='word_1_64' title='bbox 273 1704 415 1782; x_wconf 83' lang='lat' dir='ltr'><strong>sistendo</strong></span> <span class='ocrx_word' id='word_1_65' title='bbox 440 1705 489 1770; x_wconf 87' lang='lat' dir='ltr'><strong>vel</strong></span> <span class='ocrx_word' id='word_1_66' title='bbox 513 1706 546 1768; x_wconf 91' lang='lat' dir='ltr'><strong>in</strong></span> <span class='ocrx_word' id='word_1_67' title='bbox 569 1705 677 1788; x_wconf 87' lang='lat' dir='ltr'><strong>aliquo</strong></span> <span class='ocrx_word' id='word_1_68' title='bbox 702 1705 929 1771; x_wconf 89' lang='lat' dir='ltr'><strong>beneficiorum</strong></span> <span class='ocrx_word' id='word_1_69' title='bbox 955 1727 1083 1772; x_wconf 89' lang='lat' dir='ltr'><strong>suorum</strong></span> <span class='ocrx_word' id='word_1_70' title='bbox 1108 1707 1280 1774; x_wconf 88' lang='lat' dir='ltr'><strong>residendo</strong></span> <span class='ocrx_word' id='word_1_71' title='bbox 1304 1729 1368 1774; x_wconf 92' lang='lat' dir='ltr'><strong>non</strong></span> <span class='ocrx_word' id='word_1_72' title='bbox 1391 1715 1538 1774; x_wconf 87' lang='lat' dir='ltr'><strong>teneatur</strong></span> <span class='ocrx_word' id='word_1_73' title='bbox 1561 1728 1610 1774; x_wconf 89' lang='lat' dir='ltr'><strong>us·</strong></span> 
     </span>
     <span class='ocr_line' id='line_1_11' title="bbox 274 1810 1408 1900; baseline 0.004 -25"><span class='ocrx_word' id='word_1_74' title='bbox 274 1831 335 1893; x_wconf 92' lang='lat' dir='ltr'><strong>que</strong></span> <span class='ocrx_word' id='word_1_75' title='bbox 360 1810 401 1876; x_wconf 90' lang='lat' dir='ltr'><strong>ad</strong></span> <span class='ocrx_word' id='word_1_76' title='bbox 425 1812 586 1892; x_wconf 85' lang='lat' dir='ltr'><strong>(alterum)</strong></span> <span class='ocrx_word' id='word_1_77' title='bbox 611 1814 781 1878; x_wconf 83' lang='lat' dir='ltr'><strong>triennium</strong></span> <span class='ocrx_word' id='word_1_78' title='bbox 805 1813 848 1878; x_wconf 88' lang='lat' dir='ltr'><strong>ad</strong></span> <span class='ocrx_word' id='word_1_79' title='bbox 871 1813 1040 1880; x_wconf 73' lang='lat' dir='ltr'><strong>ulteriores</strong></span> <span class='ocrx_word' id='word_1_80' title='bbox 1063 1815 1193 1880; x_wconf 84' lang='lat' dir='ltr'><strong>ordines</strong></span> <span class='ocrx_word' id='word_1_81' title='bbox 1217 1817 1408 1900; x_wconf 90' lang='lat' dir='ltr'><strong>promoveri.</strong></span> 
     </span>
    </p>

    <p class='ocr_par' dir='ltr' id='par_1_6' title="bbox 275 1919 1609 2092">
     <span class='ocr_line' id='line_1_12' title="bbox 381 1919 1609 2006; baseline 0.004 -23"><span class='ocrx_word' id='word_1_82' title='bbox 381 1919 456 1984; x_wconf 84' lang='lat' dir='ltr'><strong>Vile</strong></span> <span class='ocrx_word' id='word_1_83' title='bbox 479 1940 519 1984; x_wconf 86' lang='lat' dir='ltr'><strong>ac</strong></span> <span class='ocrx_word' id='word_1_84' title='bbox 542 1929 665 1984; x_wconf 91' lang='lat' dir='ltr'><strong>morum</strong></span> <span class='ocrx_word' id='word_1_85' title='bbox 689 1920 866 1987; x_wconf 87' lang='lat' dir='ltr'><strong>honestas.</strong></span> <span class='ocrx_word' id='word_1_86' title='bbox 886 1974 893 1989; x_wconf 90' lang='lat'><strong>.</strong></span> <span class='ocrx_word' id='word_1_87' title='bbox 913 1970 919 1982; x_wconf 93' lang='lat'><em>.</em></span> <span class='ocrx_word' id='word_1_88' title='bbox 950 1922 1026 1987; x_wconf 91' lang='lat' dir='ltr'><strong>Dat.</strong></span> <span class='ocrx_word' id='word_1_89' title='bbox 1044 1922 1138 1988; x_wconf 84' lang='lat' dir='ltr'><strong>Avin.</strong></span> <span class='ocrx_word' id='word_1_90' title='bbox 1158 1923 1235 1988; x_wconf 89' lang='lat' dir='ltr'><strong>XIV</strong></span> <span class='ocrx_word' id='word_1_91' title='bbox 1254 1923 1297 1988; x_wconf 87' lang='lat' dir='ltr'><strong>kl.</strong></span> <span class='ocrx_word' id='word_1_92' title='bbox 1315 1921 1421 1989; x_wconf 89' lang='lat' dir='ltr'><strong>martii</strong></span> <span class='ocrx_word' id='word_1_93' title='bbox 1438 1945 1467 1989; x_wconf 91' lang='lat' dir='ltr'><strong>a.</strong></span> <span class='ocrx_word' id='word_1_94' title='bbox 1485 1923 1609 2006; x_wconf 89' lang='lat' dir='ltr'><strong>quinto·</strong></span> 
     </span>
     <span class='ocr_line' id='line_1_13' title="bbox 275 2025 410 2092; baseline -0.007 -1"><span class='ocrx_word' id='word_1_95' title='bbox 275 2025 410 2092; x_wconf 90' lang='lat' dir='ltr'><strong>decimo.</strong></span> 
     </span>
    </p>
   </div>
   <div class='ocr_carea' id='block_1_6' title="bbox 435 2147 732 2216">
    <p class='ocr_par' dir='ltr' id='par_1_7' title="bbox 435 2147 732 2216">
     <span class='ocr_line' id='line_1_14' title="bbox 435 2147 732 2216; baseline 0.007 -16"><span class='ocrx_word' id='word_1_96' title='bbox 435 2147 507 2216; x_wconf 74' lang='lat' dir='ltr'><strong>Ray.</strong></span> <span class='ocrx_word' id='word_1_97' title='bbox 526 2149 581 2203; x_wconf 81' lang='grc'><strong>400</strong></span> <span class='ocrx_word' id='word_1_98' title='bbox 600 2163 646 2202; x_wconf 83' lang='lat' dir='ltr'><strong>nr.</strong></span> <span class='ocrx_word' id='word_1_99' title='bbox 665 2149 732 2203; x_wconf 82' lang='lat'><strong><em>608.</em></strong></span> 
     </span>
    </p>
   </div>
   <div class='ocr_carea' id='block_1_7' title="bbox 380 2414 1071 2502">
    <p class='ocr_par' dir='ltr' id='par_1_8' title="bbox 380 2414 1071 2502">
     <span class='ocr_line' id='line_1_15' title="bbox 380 2414 1071 2502; baseline 0.001 -22"><span class='ocrx_word' id='word_1_100' title='bbox 380 2414 495 2480; x_wconf 78' lang='lat'>2⁰11.</span> <span class='ocrx_word' id='word_1_101' title='bbox 529 2416 613 2479; x_wconf 90' lang='grc'><strong>1331</strong></span> <span class='ocrx_word' id='word_1_102' title='bbox 642 2416 871 2481; x_wconf 71' lang='grc'><strong>1111111121.</strong></span> <span class='ocrx_word' id='word_1_103' title='bbox 906 2414 1071 2502; x_wconf 78' lang='lat' dir='ltr'><strong>Auipuoc.</strong></span> 
     </span>
    </p>
   </div>
   <div class='ocr_carea' id='block_1_8' title="bbox 272 2557 1606 3716">
    <p class='ocr_par' dir='ltr' id='par_1_9' title="bbox 272 2557 1606 3287">
     <span class='ocr_line' id='line_1_16' title="bbox 380 2557 1606 2644; baseline -0.002 -21"><span class='ocrx_word' id='word_1_104' title='bbox 380 2559 540 2624; x_wconf 90' lang='lat' dir='ltr'><strong>Iohannes</strong></span> <span class='ocrx_word' id='word_1_105' title='bbox 569 2559 669 2624; x_wconf 87' lang='lat' dir='ltr'>XXII</span> <span class='ocrx_word' id='word_1_106' title='bbox 705 2560 844 2644; x_wconf 82' lang='lat' dir='ltr'><strong>Georgio</strong></span> <span class='ocrx_word' id='word_1_107' title='bbox 881 2559 922 2626; x_wconf 88' lang='lat' dir='ltr'><strong>de</strong></span> <span class='ocrx_word' id='word_1_108' title='bbox 947 2559 1084 2626; x_wconf 86' lang='lat' dir='ltr'><strong>Arschot</strong></span> <span class='ocrx_word' id='word_1_109' title='bbox 1120 2561 1245 2626; x_wconf 81' lang='lat' dir='ltr'><strong>confert</strong></span> <span class='ocrx_word' id='word_1_110' title='bbox 1281 2560 1360 2625; x_wconf 90' lang='lat' dir='ltr'><strong>eccl.</strong></span> <span class='ocrx_word' id='word_1_111' title='bbox 1386 2560 1420 2625; x_wconf 88' lang='lat' dir='ltr'><strong>S.</strong></span> <span class='ocrx_word' id='word_1_112' title='bbox 1453 2557 1606 2624; x_wconf 77' lang='lat' dir='ltr'><strong>GereoniS</strong></span> 
     </span>
     <span class='ocr_line' id='line_1_17' title="bbox 274 2665 1606 2751; baseline -0.004 -18"><span class='ocrx_word' id='word_1_113' title='bbox 274 2666 383 2733; x_wconf 92' lang='lat' dir='ltr'><strong>Colon.</strong></span> <span class='ocrx_word' id='word_1_114' title='bbox 408 2666 611 2749; x_wconf 87' lang='lat' dir='ltr'><strong>decanatum,</strong></span> <span class='ocrx_word' id='word_1_115' title='bbox 636 2668 686 2732; x_wconf 91' lang='lat' dir='ltr'><strong>cui</strong></span> <span class='ocrx_word' id='word_1_116' title='bbox 712 2687 789 2732; x_wconf 89' lang='lat' dir='ltr'><strong>eura</strong></span> <span class='ocrx_word' id='word_1_117' title='bbox 813 2666 957 2732; x_wconf 88' lang='lat' dir='ltr'><strong>imminet</strong></span> <span class='ocrx_word' id='word_1_118' title='bbox 979 2669 1167 2750; x_wconf 89' lang='lat' dir='ltr'><strong>animarum,</strong></span> <span class='ocrx_word' id='word_1_119' title='bbox 1191 2674 1360 2732; x_wconf 86' lang='lat' dir='ltr'><strong>vacantem</strong></span> <span class='ocrx_word' id='word_1_120' title='bbox 1384 2687 1442 2751; x_wconf 90' lang='lat' dir='ltr'><strong>per</strong></span> <span class='ocrx_word' id='word_1_121' title='bbox 1465 2665 1606 2748; x_wconf 89' lang='lat' dir='ltr'><strong>resigna·</strong></span> 
     </span>
     <span class='ocr_line' id='line_1_18' title="bbox 273 2772 1604 2859; baseline -0.001 -22"><span class='ocrx_word' id='word_1_122' title='bbox 273 2773 392 2838; x_wconf 90' lang='lat' dir='ltr'><strong>tionem</strong></span> <span class='ocrx_word' id='word_1_123' title='bbox 416 2773 550 2839; x_wconf 86' lang='lat' dir='ltr'><strong>Arnoldi</strong></span> <span class='ocrx_word' id='word_1_124' title='bbox 575 2774 616 2839; x_wconf 91' lang='lat' dir='ltr'><strong>de</strong></span> <span class='ocrx_word' id='word_1_125' title='bbox 632 2775 748 2850; x_wconf 83' lang='lat' dir='ltr'><strong>Beroe,</strong></span> <span class='ocrx_word' id='word_1_126' title='bbox 774 2777 827 2858; x_wconf 92' lang='lat' dir='ltr'><strong>qui</strong></span> <span class='ocrx_word' id='word_1_127' title='bbox 851 2795 909 2859; x_wconf 91' lang='lat' dir='ltr'><strong>per</strong></span> <span class='ocrx_word' id='word_1_128' title='bbox 931 2781 1172 2859; x_wconf 88' lang='lat' dir='ltr'><strong>procuratorem</strong></span> <span class='ocrx_word' id='word_1_129' title='bbox 1195 2775 1229 2838; x_wconf 90' lang='lat' dir='ltr'><strong>in</strong></span> <span class='ocrx_word' id='word_1_130' title='bbox 1254 2775 1399 2839; x_wconf 89' lang='lat' dir='ltr'><strong>manibus</strong></span> <span class='ocrx_word' id='word_1_131' title='bbox 1416 2772 1535 2838; x_wconf 89' lang='lat' dir='ltr'><strong>Mathei</strong></span> <span class='ocrx_word' id='word_1_132' title='bbox 1556 2772 1604 2836; x_wconf 86' lang='lat' dir='ltr'><strong>tii.</strong></span> 
     </span>
     <span class='ocr_line' id='line_1_19' title="bbox 273 2879 1606 2966; baseline -0.001 -21"><span class='ocrx_word' id='word_1_133' title='bbox 273 2879 332 2946; x_wconf 85' lang='lat' dir='ltr'><strong>SS.</strong></span> <span class='ocrx_word' id='word_1_134' title='bbox 355 2880 507 2946; x_wconf 89' lang='lat' dir='ltr'><strong>Iohannis</strong></span> <span class='ocrx_word' id='word_1_135' title='bbox 540 2887 572 2946; x_wconf 94' lang='lat' dir='ltr'><strong>et</strong></span> <span class='ocrx_word' id='word_1_136' title='bbox 602 2881 695 2946; x_wconf 87' lang='lat' dir='ltr'><strong>Pauli</strong></span> <span class='ocrx_word' id='word_1_137' title='bbox 728 2883 898 2966; x_wconf 86' lang='lat' dir='ltr'><strong>presbiteri</strong></span> <span class='ocrx_word' id='word_1_138' title='bbox 932 2880 1105 2947; x_wconf 85' lang='lat' dir='ltr'><strong>cardinalis</strong></span> <span class='ocrx_word' id='word_1_139' title='bbox 1138 2882 1324 2965; x_wconf 85' lang='lat' dir='ltr'><strong>resignavit,</strong></span> <span class='ocrx_word' id='word_1_140' title='bbox 1360 2902 1424 2946; x_wconf 92' lang='lat' dir='ltr'><strong>non</strong></span> <span class='ocrx_word' id='word_1_141' title='bbox 1458 2880 1606 2946; x_wconf 86' lang='lat' dir='ltr'><strong>obstante</strong></span> 
     </span>
     <span class='ocr_line' id='line_1_20' title="bbox 273 2986 1604 3074; baseline -0.001 -23"><span class='ocrx_word' id='word_1_142' title='bbox 273 2986 358 3070; x_wconf 87' lang='lat' dir='ltr'><strong>quod</strong></span> <span class='ocrx_word' id='word_1_143' title='bbox 376 2987 534 3071; x_wconf 86' lang='lat' dir='ltr'><strong>Georgius</strong></span> <span class='ocrx_word' id='word_1_144' title='bbox 551 2989 582 3053; x_wconf 94' lang='lat' dir='ltr'><strong>in</strong></span> <span class='ocrx_word' id='word_1_145' title='bbox 599 2989 727 3074; x_wconf 84' lang='lat' dir='ltr'><strong>prefata</strong></span> <span class='ocrx_word' id='word_1_146' title='bbox 743 2988 821 3054; x_wconf 93' lang='lat' dir='ltr'><strong>eccl.</strong></span> <span class='ocrx_word' id='word_1_147' title='bbox 851 2989 1074 3054; x_wconf 86' lang='lat' dir='ltr'><strong>canonicatum</strong></span> <span class='ocrx_word' id='word_1_148' title='bbox 1096 2997 1128 3053; x_wconf 88' lang='lat' dir='ltr'><strong>et</strong></span> <span class='ocrx_word' id='word_1_149' title='bbox 1150 2988 1346 3073; x_wconf 88' lang='lat' dir='ltr'><strong>prebendam</strong></span> <span class='ocrx_word' id='word_1_150' title='bbox 1364 2995 1396 3053; x_wconf 92' lang='lat' dir='ltr'><strong>et</strong></span> <span class='ocrx_word' id='word_1_151' title='bbox 1416 2993 1604 3072; x_wconf 87' lang='lat' dir='ltr'><strong>perpetuum</strong></span> 
     </span>
     <span class='ocr_line' id='line_1_21' title="bbox 274 3094 1606 3180; baseline -0.001 -21"><span class='ocrx_word' id='word_1_152' title='bbox 274 3094 411 3160; x_wconf 87' lang='lat' dir='ltr'><strong>officium</strong></span> <span class='ocrx_word' id='word_1_153' title='bbox 436 3096 688 3160; x_wconf 88' lang='lat' dir='ltr'><strong>camerariatus.</strong></span> <span class='ocrx_word' id='word_1_154' title='bbox 708 3096 886 3180; x_wconf 74' lang='lat' dir='ltr'><strong>‚prepositi</strong></span> <span class='ocrx_word' id='word_1_155' title='bbox 911 3095 1052 3161; x_wconf 89' lang='lat' dir='ltr'><strong>eiusdem</strong></span> <span class='ocrx_word' id='word_1_156' title='bbox 1078 3096 1223 3178; x_wconf 86' lang='lat' dir='ltr'><strong>ecclesie,</strong></span> <span class='ocrx_word' id='word_1_157' title='bbox 1249 3096 1372 3161; x_wconf 89' lang='lat' dir='ltr'><strong>ratione</strong></span> <span class='ocrx_word' id='word_1_158' title='bbox 1396 3095 1484 3161; x_wconf 90' lang='lat' dir='ltr'><strong>cuius</strong></span> <span class='ocrx_word' id='word_1_159' title='bbox 1502 3098 1606 3159; x_wconf 90' lang='lat' dir='ltr'><strong>certos</strong></span> 
     </span>
     <span class='ocr_line' id='line_1_22' title="bbox 272 3201 1604 3287; baseline -0.002 -21"><span class='ocrx_word' id='word_1_160' title='bbox 272 3203 417 3287; x_wconf 83' lang='lat' dir='ltr'><strong>percepit</strong></span> <span class='ocrx_word' id='word_1_161' title='bbox 428 3211 598 3267; x_wconf 81' lang='lat' dir='ltr'><strong>annualem</strong></span> <span class='ocrx_word' id='word_1_162' title='bbox 610 3201 764 3285; x_wconf 83' lang='lat' dir='ltr'><strong>redditus,</strong></span> <span class='ocrx_word' id='word_1_163' title='bbox 776 3201 861 3284; x_wconf 92' lang='lat' dir='ltr'><strong>quod</strong></span> <span class='ocrx_word' id='word_1_164' title='bbox 872 3203 1007 3287; x_wconf 85' lang='lat' dir='ltr'><strong>simplex</strong></span> <span class='ocrx_word' id='word_1_165' title='bbox 1019 3201 1156 3267; x_wconf 88' lang='lat' dir='ltr'><strong>officium</strong></span> <span class='ocrx_word' id='word_1_166' title='bbox 1169 3203 1238 3267; x_wconf 90' lang='lat' dir='ltr'><strong>sine</strong></span> <span class='ocrx_word' id='word_1_167' title='bbox 1249 3222 1326 3267; x_wconf 92' lang='lat' dir='ltr'><strong>cura</strong></span> <span class='ocrx_word' id='word_1_168' title='bbox 1337 3203 1457 3278; x_wconf 87' lang='lat' dir='ltr'><strong>existit,</strong></span> <span class='ocrx_word' id='word_1_169' title='bbox 1471 3201 1604 3266; x_wconf 89' lang='lat' dir='ltr'><strong>obtinet.</strong></span> 
     </span>
    </p>

    <p class='ocr_par' dir='ltr' id='par_1_10' title="bbox 274 3308 1605 3495">
     <span class='ocr_line' id='line_1_23' title="bbox 380 3308 1605 3393; baseline -0.001 -21"><span class='ocrx_word' id='word_1_170' title='bbox 380 3309 565 3393; x_wconf 83' lang='lat' dir='ltr'><strong>Apostolicc</strong></span> <span class='ocrx_word' id='word_1_171' title='bbox 589 3308 675 3374; x_wconf 89' lang='lat' dir='ltr'><strong>sedis</strong></span> <span class='ocrx_word' id='word_1_172' title='bbox 703 3309 853 3392; x_wconf 85' lang='lat' dir='ltr'><strong>graciosa</strong></span> <span class='ocrx_word' id='word_1_173' title='bbox 882 3357 888 3371; x_wconf 92' lang='lat'><em>.</em></span> <span class='ocrx_word' id='word_1_174' title='bbox 920 3358 927 3373; x_wconf 90' lang='lat'>.</span> <span class='ocrx_word' id='word_1_175' title='bbox 958 3357 965 3372; x_wconf 91' lang='lat'><strong>.</strong></span> <span class='ocrx_word' id='word_1_176' title='bbox 1023 3308 1096 3374; x_wconf 89' lang='lat' dir='ltr'><strong>Dat.</strong></span> <span class='ocrx_word' id='word_1_177' title='bbox 1121 3309 1217 3374; x_wconf 87' lang='lat' dir='ltr'><strong>Aviu.</strong></span> <span class='ocrx_word' id='word_1_178' title='bbox 1243 3308 1338 3374; x_wconf 91' lang='lat' dir='ltr'>VIIII</span> <span class='ocrx_word' id='word_1_179' title='bbox 1368 3308 1413 3373; x_wconf 92' lang='lat' dir='ltr'><strong>kl.</strong></span> <span class='ocrx_word' id='word_1_180' title='bbox 1444 3308 1550 3374; x_wconf 87' lang='lat' dir='ltr'><strong>martii</strong></span> <span class='ocrx_word' id='word_1_181' title='bbox 1575 3328 1605 3372; x_wconf 88' lang='lat' dir='ltr'><strong>a.</strong></span> 
     </span>
     <span class='ocr_line' id='line_1_24' title="bbox 274 3415 522 3495; baseline 0.004 -16"><span class='ocrx_word' id='word_1_182' title='bbox 274 3415 522 3495; x_wconf 87' lang='lat' dir='ltr'><strong>quintodecimo.</strong></span> 
     </span>
    </p>

    <p class='ocr_par' dir='ltr' id='par_1_11' title="bbox 273 3521 1605 3716">
     <span class='ocr_line' id='line_1_25' title="bbox 379 3521 1605 3606; baseline 0 -19"><span class='ocrx_word' id='word_1_183' title='bbox 379 3523 416 3587; x_wconf 92' lang='lat' dir='ltr'><strong>Iu</strong></span> <span class='ocrx_word' id='word_1_184' title='bbox 441 3543 468 3589; x_wconf 85' lang='lat' dir='ltr'><strong>e.</strong></span> <span class='ocrx_word' id='word_1_185' title='bbox 493 3545 534 3589; x_wconf 90' lang='lat' dir='ltr'><strong>m.</strong></span> <span class='ocrx_word' id='word_1_186' title='bbox 568 3523 602 3588; x_wconf 87' lang='lat' dir='ltr'><strong>S.</strong></span> <span class='ocrx_word' id='word_1_187' title='bbox 628 3521 760 3606; x_wconf 85' lang='lat' dir='ltr'><strong>Georgii</strong></span> <span class='ocrx_word' id='word_1_188' title='bbox 791 3522 901 3589; x_wconf 92' lang='lat' dir='ltr'><strong>Colon.</strong></span> <span class='ocrx_word' id='word_1_189' title='bbox 927 3532 960 3589; x_wconf 89' lang='lat' dir='ltr'><strong>et</strong></span> <span class='ocrx_word' id='word_1_190' title='bbox 983 3525 1016 3590; x_wconf 87' lang='lat' dir='ltr'><strong>S.</strong></span> <span class='ocrx_word' id='word_1_191' title='bbox 1042 3524 1153 3590; x_wconf 81' lang='lat' dir='ltr'><strong>Crucis</strong></span> <span class='ocrx_word' id='word_1_192' title='bbox 1183 3521 1285 3588; x_wconf 92' lang='lat' dir='ltr'><strong>Leod.</strong></span> <span class='ocrx_word' id='word_1_193' title='bbox 1315 3522 1448 3588; x_wconf 87' lang='lat' dir='ltr'><strong>decanis</strong></span> <span class='ocrx_word' id='word_1_194' title='bbox 1478 3543 1516 3588; x_wconf 86' lang='lat' dir='ltr'><strong>ac</strong></span> <span class='ocrx_word' id='word_1_195' title='bbox 1540 3543 1605 3587; x_wconf 92' lang='lat' dir='ltr'><strong>ma-</strong></span> 
     </span>
     <span class='ocr_line' id='line_1_26' title="bbox 273 3629 1549 3716; baseline 0.001 -23"><span class='ocrx_word' id='word_1_196' title='bbox 273 3630 374 3713; x_wconf 86' lang='lat' dir='ltr'><strong>gistro</strong></span> <span class='ocrx_word' id='word_1_197' title='bbox 398 3631 516 3695; x_wconf 82' lang='lat' dir='ltr'><strong>Iacobo</strong></span> <span class='ocrx_word' id='word_1_198' title='bbox 541 3629 581 3693; x_wconf 89' lang='lat' dir='ltr'><strong>de</strong></span> <span class='ocrx_word' id='word_1_199' title='bbox 606 3629 728 3694; x_wconf 84' lang='lat' dir='ltr'><strong>Mutina</strong></span> <span class='ocrx_word' id='word_1_200' title='bbox 751 3631 922 3697; x_wconf 90' lang='lat' dir='ltr'><strong>scolastico</strong></span> <span class='ocrx_word' id='word_1_201' title='bbox 947 3632 1107 3697; x_wconf 83' lang='lat' dir='ltr'><strong>Tullensis</strong></span> <span class='ocrx_word' id='word_1_202' title='bbox 1132 3631 1211 3696; x_wconf 89' lang='lat' dir='ltr'><strong>eccl.</strong></span> <span class='ocrx_word' id='word_1_203' title='bbox 1238 3631 1405 3716; x_wconf 87' lang='lat' dir='ltr'><strong>capellano</strong></span> <span class='ocrx_word' id='word_1_204' title='bbox 1429 3629 1549 3716; x_wconf 84' lang='lat' dir='ltr'><strong>papali.</strong></span> 
     </span>
    </p>
   </div>
   <div class='ocr_carea' id='block_1_9' title="bbox 433 3752 715 3822">
    <p class='ocr_par' dir='ltr' id='par_1_12' title="bbox 433 3752 715 3822">
     <span class='ocr_line' id='line_1_27' title="bbox 433 3752 715 3822; baseline -0.004 -15"><span class='ocrx_word' id='word_1_205' title='bbox 433 3755 505 3822; x_wconf 77' lang='grc'><strong>1119.</strong></span> <span class='ocrx_word' id='word_1_206' title='bbox 526 3753 563 3806; x_wconf 85' lang='grc'><strong>97</strong></span> <span class='ocrx_word' id='word_1_207' title='bbox 581 3768 629 3807; x_wconf 82' lang='lat' dir='ltr'><strong>ur.</strong></span> <span class='ocrx_word' id='word_1_208' title='bbox 649 3752 715 3806; x_wconf 84' lang='grc'><strong>287.</strong></span> 
     </span>
    </p>
   </div>
   <div class='ocr_carea' id='block_1_10' title="bbox 380 3993 1060 4082">
    <p class='ocr_par' dir='ltr' id='par_1_13' title="bbox 380 3993 1060 4082">
     <span class='ocr_line' id='line_1_28' title="bbox 380 3993 1060 4082; baseline -0.001 -21"><span class='ocrx_word' id='word_1_209' title='bbox 380 3993 503 4062; x_wconf 78' lang='lat'>2012.</span> <span class='ocrx_word' id='word_1_210' title='bbox 530 3997 615 4058; x_wconf 83' lang='lat'><strong><em>1331</em></strong></span> <span class='ocrx_word' id='word_1_211' title='bbox 639 3996 869 4060; x_wconf 72' lang='lat' dir='ltr'><strong>recrearas.</strong></span> <span class='ocrx_word' id='word_1_212' title='bbox 893 3994 1060 4082; x_wconf 76' lang='lat' dir='ltr'><strong>Auipcou.</strong></span> 
     </span>
    </p>
   </div>
   <div class='ocr_carea' id='block_1_11' title="bbox 273 4137 1607 4419">
    <p class='ocr_par' dir='ltr' id='par_1_14' title="bbox 273 4137 1607 4419">
     <span class='ocr_line' id='line_1_29' title="bbox 378 4137 1607 4223; baseline 0.001 -24"><span class='ocrx_word' id='word_1_213' title='bbox 378 4137 544 4202; x_wconf 82' lang='grc'><strong>11111111</strong></span> <span class='ocrx_word' id='word_1_214' title='bbox 565 4139 675 4201; x_wconf 87' lang='lat' dir='ltr'>XXII</span> <span class='ocrx_word' id='word_1_215' title='bbox 694 4139 945 4223; x_wconf 76' lang='lat' dir='ltr'><strong>archiepiscopo</strong></span> <span class='ocrx_word' id='word_1_216' title='bbox 972 4137 1160 4205; x_wconf 79' lang='lat' dir='ltr'><strong>Coloniensi</strong></span> <span class='ocrx_word' id='word_1_217' title='bbox 1185 4140 1335 4213; x_wconf 80' lang='lat' dir='ltr'><strong>maudut,</strong></span> <span class='ocrx_word' id='word_1_218' title='bbox 1360 4137 1607 4223; x_wconf 73' lang='grc'><strong>1111111111-</strong></span> 
     </span>
     <span class='ocr_line' id='line_1_30' title="bbox 273 4241 1607 4330; baseline -0.001 -22"><span class='ocrx_word' id='word_1_219' title='bbox 273 4252 388 4309; x_wconf 79' lang='lat' dir='ltr'><strong>cernat</strong></span> <span class='ocrx_word' id='word_1_220' title='bbox 412 4245 505 4310; x_wconf 84' lang='lat' dir='ltr'><strong>litem</strong></span> <span class='ocrx_word' id='word_1_221' title='bbox 529 4245 618 4308; x_wconf 82' lang='lat' dir='ltr'><strong>iuter</strong></span> <span class='ocrx_word' id='word_1_222' title='bbox 644 4243 903 4310; x_wconf 78' lang='lat' dir='ltr'><strong>Constantinum</strong></span> <span class='ocrx_word' id='word_1_223' title='bbox 928 4246 968 4309; x_wconf 84' lang='lat' dir='ltr'><strong>dc</strong></span> <span class='ocrx_word' id='word_1_224' title='bbox 996 4241 1107 4310; x_wconf 80' lang='lat' dir='ltr'><strong>Cornu</strong></span> <span class='ocrx_word' id='word_1_225' title='bbox 1128 4247 1340 4330; x_wconf 75' lang='lat' dir='ltr'><strong>prepositum</strong></span> <span class='ocrx_word' id='word_1_226' title='bbox 1365 4253 1395 4310; x_wconf 85' lang='lat' dir='ltr'><strong>ct</strong></span> <span class='ocrx_word' id='word_1_227' title='bbox 1420 4243 1607 4328; x_wconf 80' lang='lat' dir='ltr'><strong>capitulum</strong></span> 
     </span>
     <span class='ocr_line' id='line_1_31' title="bbox 274 4349 946 4419; baseline -0.003 -3"><span class='ocrx_word' id='word_1_228' title='bbox 274 4352 349 4419; x_wconf 84' lang='lat' dir='ltr'><strong>eccl.</strong></span> <span class='ocrx_word' id='word_1_229' title='bbox 375 4351 410 4417; x_wconf 79' lang='lat' dir='ltr'><strong>S.</strong></span> <span class='ocrx_word' id='word_1_230' title='bbox 436 4352 615 4415; x_wconf 83' lang='lat' dir='ltr'><strong>Kuuiberti</strong></span> <span class='ocrx_word' id='word_1_231' title='bbox 641 4349 754 4417; x_wconf 79' lang='lat' dir='ltr'><strong>Colore.</strong></span> <span class='ocrx_word' id='word_1_232' title='bbox 780 4359 946 4416; x_wconf 75' lang='lat' dir='ltr'><strong>exortum.</strong></span> 
     </span>
    </p>
   </div>
   <div class='ocr_carea' id='block_1_12' title="bbox 274 4492 1608 4902">
    <p class='ocr_par' dir='ltr' id='par_1_15' title="bbox 380 4492 1175 4578">
     <span class='ocr_line' id='line_1_32' title="bbox 380 4492 1175 4578; baseline -0.001 -21"><span class='ocrx_word' id='word_1_233' title='bbox 380 4492 552 4578; x_wconf 89' lang='lat' dir='ltr'><strong>[lohannes</strong></span> <span class='ocrx_word' id='word_1_234' title='bbox 575 4493 689 4576; x_wconf 87' lang='lat' dir='ltr'>XXII]</span> <span class='ocrx_word' id='word_1_235' title='bbox 714 4492 958 4578; x_wconf 87' lang='lat' dir='ltr'><strong>archiepiscopo</strong></span> <span class='ocrx_word' id='word_1_236' title='bbox 984 4495 1175 4560; x_wconf 85' lang='lat' dir='ltr'><strong>Coloniensi.</strong></span> 
     </span>
    </p>

    <p class='ocr_par' dir='ltr' id='par_1_16' title="bbox 274 4599 1608 4902">
     <span class='ocr_line' id='line_1_33' title="bbox 380 4599 1608 4687; baseline 0 -21"><span class='ocrx_word' id='word_1_237' title='bbox 380 4599 583 4684; x_wconf 84' lang='lat' dir='ltr'><strong>Significavit</strong></span> <span class='ocrx_word' id='word_1_238' title='bbox 607 4600 697 4666; x_wconf 90' lang='lat' dir='ltr'><strong>nobis</strong></span> <span class='ocrx_word' id='word_1_239' title='bbox 730 4600 867 4666; x_wconf 84' lang='lat' dir='ltr'><strong>dilectus</strong></span> <span class='ocrx_word' id='word_1_240' title='bbox 899 4601 982 4666; x_wconf 84' lang='lat' dir='ltr'><strong>lilius</strong></span> <span class='ocrx_word' id='word_1_241' title='bbox 1006 4601 1210 4667; x_wconf 89' lang='lat' dir='ltr'><strong>Constantius</strong></span> <span class='ocrx_word' id='word_1_242' title='bbox 1235 4601 1275 4667; x_wconf 87' lang='lat' dir='ltr'><strong>dc</strong></span> <span class='ocrx_word' id='word_1_243' title='bbox 1299 4603 1403 4667; x_wconf 91' lang='lat' dir='ltr'><strong>Cornu</strong></span> <span class='ocrx_word' id='word_1_244' title='bbox 1427 4603 1608 4687; x_wconf 90' lang='lat' dir='ltr'><strong>prepositus</strong></span> 
     </span>
     <span class='ocr_line' id='line_1_34' title="bbox 274 4706 1607 4793; baseline -0.002 -20"><span class='ocrx_word' id='word_1_245' title='bbox 274 4707 409 4773; x_wconf 87' lang='lat' dir='ltr'><strong>ecclesie</strong></span> <span class='ocrx_word' id='word_1_246' title='bbox 432 4708 466 4773; x_wconf 86' lang='lat' dir='ltr'><strong>S.</strong></span> <span class='ocrx_word' id='word_1_247' title='bbox 491 4708 661 4772; x_wconf 85' lang='lat' dir='ltr'><strong>Kuniberti</strong></span> <span class='ocrx_word' id='word_1_248' title='bbox 685 4706 806 4791; x_wconf 82' lang='lat' dir='ltr'><strong>Colum,</strong></span> <span class='ocrx_word' id='word_1_249' title='bbox 843 4708 927 4790; x_wconf 90' lang='lat' dir='ltr'><strong>quod</strong></span> <span class='ocrx_word' id='word_1_250' title='bbox 952 4709 1062 4774; x_wconf 89' lang='lat' dir='ltr'><strong>dilecti</strong></span> <span class='ocrx_word' id='word_1_251' title='bbox 1086 4709 1141 4773; x_wconf 86' lang='lat' dir='ltr'><strong>lilii</strong></span> <span class='ocrx_word' id='word_1_252' title='bbox 1161 4759 1167 4772; x_wconf 95' lang='lat'>.</span> <span class='ocrx_word' id='word_1_253' title='bbox 1187 4709 1352 4775; x_wconf 81' lang='lat' dir='ltr'><strong>,decanus</strong></span> <span class='ocrx_word' id='word_1_254' title='bbox 1377 4715 1408 4775; x_wconf 91' lang='lat' dir='ltr'><strong>et</strong></span> <span class='ocrx_word' id='word_1_255' title='bbox 1433 4709 1607 4793; x_wconf 84' lang='lat' dir='ltr'><strong>capitulum</strong></span> 
     </span>
     <span class='ocr_line' id='line_1_35' title="bbox 275 4814 1607 4902; baseline -0.002 -18"><span class='ocrx_word' id='word_1_256' title='bbox 275 4814 416 4884; x_wconf 82' lang='lat' dir='ltr'><strong>eiusdem</strong></span> <span class='ocrx_word' id='word_1_257' title='bbox 442 4815 578 4882; x_wconf 89' lang='lat' dir='ltr'><strong>ecclesie</strong></span> <span class='ocrx_word' id='word_1_258' title='bbox 602 4814 727 4881; x_wconf 83' lang='lat' dir='ltr'><strong>caldam</strong></span> <span class='ocrx_word' id='word_1_259' title='bbox 753 4815 975 4882; x_wconf 88' lang='lat' dir='ltr'><strong>consuetudini</strong></span> <span class='ocrx_word' id='word_1_260' title='bbox 999 4836 1055 4882; x_wconf 88' lang='lat' dir='ltr'><strong>scu</strong></span> <span class='ocrx_word' id='word_1_261' title='bbox 1079 4822 1210 4900; x_wconf 88' lang='lat' dir='ltr'><strong>statuto,</strong></span> <span class='ocrx_word' id='word_1_262' title='bbox 1236 4824 1270 4882; x_wconf 91' lang='lat' dir='ltr'><strong>ut</strong></span> <span class='ocrx_word' id='word_1_263' title='bbox 1292 4815 1495 4902; x_wconf 88' lang='lat' dir='ltr'><strong>pretendunt,</strong></span> <span class='ocrx_word' id='word_1_264' title='bbox 1526 4816 1607 4882; x_wconf 89' lang='lat' dir='ltr'><strong>eius·</strong></span> 
     </span>
    </p>
   </div>
   <div class='ocr_carea' id='block_1_13' title="bbox 0 0 1826 5509">
    <p class='ocr_par' dir='ltr' id='par_1_17' title="bbox 0 0 1826 5509">
     <span class='ocr_line' id='line_1_36' title="bbox 0 0 1826 5509; baseline 0 0"><span class='ocrx_word' id='word_1_265' title='bbox 0 0 1826 5509; x_wconf 95' lang='lat' dir='ltr'><strong> </strong></span> 
     </span>
    </p>
   </div>
  </div>
 </body>
</html>
