3642 5509
818 440 887 498 1329
906 439 1025 502 Jsmuar
1043 437 1088 496 24.

383 656 499 723 1616.
526 658 612 722 1329
635 659 773 724 Januar
793 658 847 722 24.
876 655 1040 744 Avipnon.

382 799 542 866 lohannes
558 800 657 865 ιιιιιι
681 799 825 866 rosanae
850 800 1012 866 amittae
1036 798 1208 865 mliacensi
1231 797 1388 882 inunges,
1413 805 1447 864 ut
1462 779 1500 864 εξ
1514 797 1609 863 orare

276 915 308 972 et
342 907 556 990 quarumlibet
589 907 724 972 aliarum
757 906 942 973 monialium
975 912 1007 972 et
1040 905 1260 989 religiosarum
1295 905 1429 971 aliorum
1462 923 1609 988 quorum·

276 1033 412 1098 cumque
436 1012 580 1079 ordinum
605 1013 799 1078 monasteria
822 1013 854 1078 in
882 1012 1090 1079 civitatensi
1119 1010 1242 1079 diocesi
1266 1010 1375 1078 Colon.
1400 1011 1609 1080 consistentia

276 1139 347 1187 cum
372 1119 499 1186 decenti
524 1127 557 1184 et
581 1118 715 1186 honesta
738 1119 904 1188 mulierum
930 1119 1083 1185 comitiva
1105 1120 1202 1186 semel
1226 1119 1258 1184 in
1282 1138 1366 1184 anuo
1390 1139 1489 1185 causa
1510 1117 1608 1184 devo·

276 1228 371 1292 tionis
394 1225 519 1310 ingredi
537 1226 654 1310 valcat,
678 1227 724 1292 ita
748 1225 833 1310 qnod
857 1227 930 1312 ipsa
952 1235 985 1292 et
1008 1227 1157 1292 mulieres
1180 1225 1326 1312 predicte
1349 1226 1381 1291 in
1405 1223 1608 1295 manubriis

274 1334 353 1419 ipsis
376 1354 440 1398 mon
464 1332 635 1399 comedant
657 1353 717 1398 nec
740 1334 837 1402 etiam
862 1340 1061 1417 pernoctent.

383 1439 487 1506 Entue
511 1439 694 1506 devotionis
716 1441 838 1506 meritis
863 1489 869 1502 .
900 1490 908 1505 .
934 1489 942 1505 .
989 1442 1064 1505 Dat.
1089 1440 1183 1504 Avin.
1209 1440 1305 1505 Vllll
1328 1439 1374 1504 lrl.
1398 1439 1552 1506 februarii
1576 1459 1605 1503 a.

275 1547 512 1614 terciodecimo.

423 1691 495 1762 Rep.
514 1688 594 1759 901‘.
614 1690 737 1744 255nr.
757 1690 849 1756 167&
867 1690 920 1745 Ra.
939 1691 1010 1744 1126
1026 1705 1055 1743 n.
1075 1693 1102 1743 4.

381 1987 495 2055 1617.
523 1988 609 2052 1329
633 1988 772 2052 Jannur
794 1989 848 2052 24.
873 1985 1038 2073 Acipnon.

380 2128 539 2194 lohannes
556 2128 655 2193 XXII
679 2127 846 2196 Elisabeth
864 2129 1027 2195 comitisse
1044 2129 1214 2195 iuliacensi
1240 2129 1433 2214 supplicanti
1448 2126 1605 2212 indulget,

273 2244 309 2302 ut
333 2236 366 2302 S.
391 2235 487 2301 Clare
511 2242 543 2301 ct
567 2234 781 2317 quarumlibet
804 2236 938 2302 aliarum
962 2237 1147 2302 monialium
1171 2245 1204 2303 et
1228 2235 1448 2320 religiosarum
1471 2235 1605 2301 aliorum

273 2362 544 2428 quorumcumque
568 2340 714 2407 ordinum
738 2345 935 2409 monasteris
962 2345 994 2408 in
1018 2344 1151 2409 civitate
1175 2343 1227 2408 vel
1254 2342 1375 2410 diocesi
1399 2343 1509 2408 Goion.
1534 2361 1607 2408 com·

273 2451 419 2518 sistentia
454 2470 525 2516 cum
563 2450 690 2517 decenti
715 2460 748 2516 et
772 2449 905 2516 homesta
940 2451 1106 2515 mulierum
1141 2452 1294 2517 comitiva
1328 2450 1427 2516 semel
1455 2451 1489 2515 im
1521 2469 1605 2514 anno

273 2578 372 2624 causa
395 2557 577 2624 devotionis
601 2559 728 2642 ingredi
752 2558 870 2641 valeat,
897 2559 945 2624 ita
972 2556 1059 2641 quod
1082 2559 1154 2644 ipsa
1176 2565 1209 2624 et
1231 2558 1380 2624 mulieres
1402 2557 1548 2643 predicte
1571 2557 1605 2621 in

272 2667 474 2732 monasteriis
497 2666 575 2751 ipsis
599 2687 662 2731 nom
687 2665 857 2732 comedant
879 2683 941 2731 mec
964 2666 1061 2731 etiam
1085 2671 1284 2750 pernoctent.

380 2771 492 2856 Exigit
524 2779 578 2838 tue
611 2772 792 2839 devotionis
821 2820 829 2836 .
866 2821 874 2837 .
911 2821 919 2838 .
965 2771 1043 2838 Dat.
1077 2773 1172 2838 Acin.
1196 2772 1293 2838 Vllll
1318 2772 1363 2838 kl.
1396 2771 1549 2841 februarii
1573 2793 1602 2837 a.

272 2878 509 2947 terciodecimo.

432 3013 504 3082 Rep.
524 3013 563 3068 90
579 3013 604 3084 f.
622 3015 682 3069 252
699 3029 747 3068 nr.
768 3014 859 3080 166&
880 3014 932 3069 Ra.
951 3014 1062 3070 tunsa.

377 3277 493 3344 1⁰18.
523 3279 609 3344 1329
633 3279 772 3345 Juanan·
794 3280 850 3344 24.
876 3276 1041 3364 Aoipnoc.

378 3420 538 3487 Iohannes
554 3420 653 3486 XXII
677 3420 845 3487 Elisabeth
861 3421 1022 3487 comitisse
1037 3419 1209 3486 Iuliacemsi
1231 3420 1388 3504 indulget,
1412 3427 1447 3486 ut
1463 3421 1601 3504 aliquem

270 3526 433 3613 ydoneum
461 3528 683 3613 presbiterum,
717 3529 869 3611 quociens
896 3530 958 3595 sibi
982 3529 1150 3613 placuerit,
1183 3530 1216 3594 im
1244 3549 1335 3595 suum
1358 3529 1459 3615 possit
1482 3530 1602 3615 eligere

272 3634 500 3717 confessorem,
524 3635 590 3718 qui,
615 3635 869 3720 quandocunque
892 3636 991 3702 fuerit
1014 3644 1216 3722 oportunum,
1239 3657 1298 3704 sua
1322 3637 1524 3703 confessione
1547 3656 1601 3702 su·

272 3740 341 3805 dita
374 3741 521 3825 iniungat
553 3741 615 3808 sibi
648 3742 858 3827 penitentiam
891 3744 1065 3809 salutarem
1096 3764 1137 3811 ac
1171 3743 1361 3811 beneficium
1392 3744 1602 3811 absolutionis

271 3845 448 3933 impendat,
478 3848 538 3913 nisi
562 3847 641 3914 talia
664 3848 793 3932 fuerint,
823 3857 955 3936 propter
978 3870 1040 3935 que
1062 3849 1156 3918 sedes
1179 3851 1359 3937 apostolica
1380 3853 1494 3918 merito
1517 3851 1602 3918 foret

271 3953 466 4021 consulenda
479 3958 500 4020 ¹.

377 4061 504 4127 Eximie
527 4068 582 4128 tue
605 4061 787 4130 devotionis
804 4112 812 4129 .
831 4112 864 4128 ..
900 4065 976 4130 Dat.
1000 4064 1095 4131 Avin.
1120 4065 1215 4132 VIIII
1240 4066 1286 4132 lrl.
1309 4065 1464 4132 februarii
1486 4087 1514 4132 a.
1541 4074 1600 4133 ter·

271 4166 458 4234 ciodeeimo.

420 4292 495 4362 Rep.
514 4291 594 4362 902⁰.
614 4293 672 4348 aaa
691 4309 737 4349 nr.
758 4295 853 4364 roro·
872 4297 924 4350 na.
944 4296 1051 4350 maan

270 4429 484 4440 -n——————

380 4525 406 4592 1)
434 4523 468 4579 In
488 4525 594 4580 eodem
613 4527 767 4582 volumine
793 4533 939 4583 notantur
964 4529 1052 4599 plura
1070 4530 1178 4585 similia
1201 4531 1319 4585 indulta
1338 4532 1444 4586 eudem
1464 4533 1513 4587 dic
1533 4549 1600 4586 con·

270 4629 355 4670 cessa
374 4613 496 4669 Ricardi
515 4615 575 4669 tilie
593 4615 731 4671 Willelmi
760 4619 876 4672 comitis
904 4622 935 4672 et
962 4619 1114 4673 Elisabeth
1141 4622 1292 4675 comitisse
1310 4621 1487 4678 iuliacensis
1509 4624 1600 4676 uxori

270 4702 389 4760 Ottonis
408 4704 494 4760 ducis
513 4703 643 4760 Bavaric
662 4705 822 4762 inferioris.
863 4707 949 4776 (locs.
970 4708 1021 4763 Ra.
1042 4710 1121 4763 1132.
