3642 5509
275 372 310 429 sa
813 370 1085 445 rerumgesta.

277 556 362 637 regis
387 555 516 621 Boemie
547 575 603 639 pro
628 575 666 620 eo
691 554 807 619 clerico
831 559 863 618 et
886 554 1042 619 servitore
1065 573 1123 620 suo
1147 555 1358 639 supplicantis
1381 553 1506 619 confert
1529 553 1608 620 eccl.

277 661 309 726 S.
337 663 461 727 Paulini
495 670 586 728 extra
619 682 725 726 muros
750 663 882 726 Trever.
917 662 1151 743 canonicatum,
1181 661 1379 746 prebendam
1403 681 1479 727 vero
1503 661 1608 726 eidem

276 777 514 851 reservatum
538 770 686 834 obstante
711 766 796 850 quod
820 766 1054 852 parrochialem
1078 768 1249 836 ecclesiam
1272 768 1314 833 de
1340 768 1450 833 Vanuo
1475 769 1607 835 Trever.

279 875 364 941 dioc.
389 877 521 942 obtinet.

382 982 562 1049 Laudabile
586 985 803 1049 testimonium
827 982 913 1065 quod
1046 983 1122 1048 Dat.
1147 984 1241 1049 Ario.
1266 984 1300 1049 ΙΙ
1331 982 1402 1048 idus
1425 984 1553 1066 augusti
1577 1005 1607 1049 a.

276 1089 455 1156 undecimo.

382 1199 419 1263 ln
443 1217 470 1263 e.
496 1221 538 1264 m.
572 1200 724 1285 episcopo
758 1199 913 1281 Progensi
943 1205 975 1262 et
1006 1199 1041 1263 B.
1067 1198 1168 1264 Maria
1191 1198 1477 1280 Lutemburgensis
1509 1218 1549 1263 ac
1572 1197 1607 1262 S.

276 1304 481 1370 Willebrordi
505 1306 753 1391 Eptcmacensis
775 1306 1038 1398 monasteriorum
1062 1306 1235 1370 abbatibus
1259 1306 1391 1371 Trever.
1416 1304 1500 1369 dioc.

435 1448 509 1518 Rep.
526 1449 564 1502 84
581 1447 606 1518 s.
625 1447 691 1502 198¹
709 1463 756 1501 nr.
775 1446 861 1502 2522.

382 1756 505 1823 1252.
530 1757 615 1821 1327
639 1753 770 1843 Aupuat
790 1759 844 1821 31.
869 1754 1034 1844 Avipnon.

382 1916 553 2002 [Iohannes
577 1916 688 2002 XXII]
712 1916 848 1983 Iohanni
873 1919 943 2002 regi
968 1916 1109 1984 Boemie.

381 2023 527 2090 Dilectos
549 2023 631 2090 filios
649 2024 867 2089 Boemundum
890 2024 1153 2090 archidiaconum
1170 2024 1400 2089 Treverensem
1424 2043 1464 2089 ae
1479 2023 1607 2090 Heliam

275 2131 316 2196 de
341 2131 533 2195 llonasterio
566 2131 599 2194 iu
623 2130 817 2214 ltleyneveld
851 2132 1039 2196 canonicum
1072 2131 1208 2197 ecclesie
1237 2131 1271 2196 S.
1295 2130 1465 2216 Symeonis
1488 2131 1607 2195 Treve-

274 2239 376 2303 rensis
407 2257 530 2303 necnon
564 2238 649 2302 viros
683 2238 805 2303 nobiles
834 2237 1027 2321 symeonem
1050 2238 1193 2322 Philippi
1223 2236 1264 2302 de
1287 2236 1464 2321 Regalibus
1486 2258 1526 2302 ac
1548 2237 1607 2321 Sy·

276 2364 420 2410 meouem
444 2342 485 2408 de
508 2343 717 2409 Marchevilla
741 2343 902 2410 domiuum
931 2344 972 2411 de
997 2346 1141 2429 Perroya
1164 2345 1271 2428 regios
1294 2365 1333 2410 ao
1347 2393 1354 2409 .
1369 2394 1399 2409 ..
1424 2343 1607 2411 Baldcwini

275 2451 508 2535 archiepiscopi
533 2451 741 2517 Treverensis
770 2452 816 2517 tui
840 2453 946 2536 patrui
970 2453 1103 2517 nuncios
1131 2473 1171 2517 ac
1194 2452 1328 2532 litteras,
1358 2473 1415 2537 per
1444 2471 1524 2534 quas
1547 2451 1607 2517 eis·

276 2557 350 2624 dem
381 2557 525 2642 peciistis
557 2557 651 2622 fidem
675 2557 821 2623 adhiberi
846 2558 1018 2641 credulam,
1042 2579 1100 2644 per
1123 2558 1210 2643 ipsos
1232 2559 1324 2625 nobis
1348 2559 1474 2625 oblatas
1497 2559 1607 2642 benig-

276 2667 378 2731 nitate
401 2665 579 2749 recepimus
602 2673 754 2730 consueta
771 2713 778 2728 .
797 2714 804 2729 .
823 2713 830 2729 .
848 2673 880 2730 et
897 2686 958 2748 que
973 2667 1032 2730 sub
1054 2666 1222 2731 commissa
1244 2666 1305 2730 sibi
1330 2666 1496 2731 credentia
1518 2685 1607 2731 cura-

276 2779 390 2838 verunt
414 2790 586 2856 exponere,
610 2772 827 2837 intelleximus
850 2771 1031 2856 diligenter.
1087 2772 1192 2856 Super
1215 2772 1330 2854 quibus
1354 2791 1426 2838 cnm
1449 2773 1608 2838 nonnullis

277 2900 317 2946 ex
340 2879 457 2944 nostris
481 2875 655 2944 iratribus.
674 2927 681 2943 .
700 2928 707 2944 .
725 2878 943 2944 cardinalibus
966 2876 1145 2944 deliberato
1169 2897 1209 2943 ac
1233 2899 1304 2944 cum
1328 2879 1461 2964 prefatis
1484 2881 1608 2946 nunciis

277 2987 389 3053 habita
412 2985 584 3078 collatione
607 2986 801 3071 frequenter,
834 2985 876 3052 ad
908 3006 1041 3071 presens
1068 3006 1125 3072 per
1148 2987 1236 3071 ipsos
1260 2986 1393 3053 nuncios
1416 3005 1479 3051 uon
1501 2988 1607 3072 provi·

275 3094 380 3161 dimus
415 3092 503 3159 aliud
538 3092 805 3180 respondendum,
841 3093 899 3160 sed
935 3093 967 3158 in
997 3092 1059 3160 hoc
1101 3093 1221 3160 resedit
1255 3101 1366 3160 nostra
1404 3100 1437 3159 et
1473 3093 1607 3159 iratmm

275 3204 415 3289 ipsorum
439 3200 639 3280 deliberatio,
674 3199 770 3284 quod,
804 3221 875 3266 cum
905 3201 1036 3285 negotia
1064 3221 1122 3286 per
1145 3201 1232 3285 ipsos
1256 3202 1403 3285 exposita
1427 3200 1607 3285 ponderosa

276 3312 415 3376 existant
449 3310 634 3375 notabiliter
667 3315 699 3373 et
730 3308 841 3384 ardua,
878 3314 984 3374 certos
1018 3316 1144 3373 nostros
1177 3307 1218 3372 ad
1253 3328 1308 3374 eas
1341 3314 1451 3393 partes
1474 3308 1607 3374 nuncios

277 3417 487 3498 destinemus,
528 3437 598 3481 cum
637 3417 752 3498 quibus
787 3415 1020 3480 deliberatione
1055 3424 1181 3480 rualura
1216 3422 1248 3480 et
1282 3413 1428 3500 provida,
1468 3434 1530 3496 que
1564 3413 1607 3479 ad

276 3523 403 3588 laudern
432 3532 464 3588 et
489 3523 640 3587 honorem
665 3522 773 3587 divine
798 3523 976 3587 maiestatis
1000 3529 1032 3587 et
1056 3523 1323 3607 complacentiam
1346 3523 1466 3606 regiam
1491 3520 1607 3587 cedere

276 3629 425 3712 debeant,
449 3649 544 3715 super
567 3629 629 3695 hiis
653 3629 782 3695 valeant
804 3628 954 3693 ordinari.

382 3738 420 3801 ln
443 3756 470 3800 e.
498 3756 539 3801 m.
572 3735 659 3800 dicto
688 3735 941 3820 archiepiscopo,
971 3735 1115 3801 detracto
1139 3737 1267 3802 nomine
1291 3734 1370 3801 dicti
1393 3735 1543 3820 Symonis
1565 3734 1607 3799 de

276 3842 494 3925 Marohevilla,
530 3841 582 3926 qui
612 3843 644 3906 in
668 3843 776 3906 littera
799 3841 1035 3927 archiepiscopi
1059 3861 1116 3926 pro
1139 3843 1256 3907 nuncio
1279 3862 1342 3907 non
1366 3848 1436 3906 erat
1459 3841 1606 3924 scriptus.

277 3951 352 4016 Dat.
376 3949 470 4016 Avin.
495 3949 528 4012 ΙΙ
552 3949 596 4014 kl.
620 3949 810 4030 septembris
834 3969 862 4014 a.
887 3947 1065 4014 undecimo.

426 4075 571 4144 Repdld
588 4073 613 4143 f.
631 4074 679 4127 55‘
696 4089 745 4127 nr.
764 4073 830 4128 937.

384 4379 506 4448 1253.
537 4382 622 4447 1327
647 4376 780 4468 despuet
803 4383 857 4448 31.
882 4381 1049 4469 Avipnoa.

384 4524 542 4591 lohannes
566 4525 665 4589 XXII
701 4525 845 4591 Gerardo
870 4524 911 4590 de
935 4524 1127 4590 Andernaco
1160 4522 1285 4589 confert
1314 4521 1392 4590 eccl.
1422 4521 1454 4586 S.
1481 4521 1606 4587 Paulini

277 4635 407 4699 Trever.
442 4634 674 4716 canonicatum,
708 4631 903 4717 prebendam
934 4652 1010 4696 vero
1044 4652 1082 4696 ac
1111 4631 1302 4716 dignitatem
1325 4631 1375 4696 vel
1399 4635 1604 4714 personatum

276 4759 333 4808 seu
365 4738 502 4805 officium
535 4759 607 4804 eum
641 4759 716 4805 eura
742 4740 792 4804 vel
825 4741 893 4805 sine
922 4758 1009 4821 cura,
1045 4736 1217 4803 dummodo
1249 4758 1313 4804 nou
1345 4738 1387 4802 sit
1419 4735 1607 4821 principalis
