3642 5509
745 445 814 501 1337
831 445 953 501 Januar
974 447 1016 501 10.
1490 446 1541 502 511

206 621 295 690 dicta
321 625 547 691 Wormatiensi
579 625 717 692 ecclesia
751 626 890 700 exulare,
925 625 966 691 de
999 627 1209 710 proventibus
1237 625 1324 691 dicte
1347 626 1544 712 episcopalis

207 751 315 798 mense
339 733 431 797 iuxta
454 732 503 798 sni
532 732 726 817 pontificalis
750 741 852 800 status
877 733 1059 800 decentiam
1084 754 1242 820 expensas
1265 734 1464 801 necessarias
1487 735 1543 798 mi·

206 839 334 905 nistrari
367 840 492 923 sibique
526 839 667 926 hospitia
699 841 857 925 assignari
890 860 987 906 unum
1018 840 1070 907 vel
1103 840 1167 907 dno
1200 841 1244 907 ad
1277 860 1419 908 mensam
1452 861 1542 908 suam

206 945 421 1032 episcopalem
445 948 626 1032 spectantia
649 949 682 1012 in
706 948 841 1014 civitate
857 949 1086 1014 Wormaticnsi
1110 949 1241 1032 eiusque
1258 947 1379 1014 diocesi
1400 948 1542 1014 faciatis.

206 1051 524 1119 Administrationcm
554 1055 683 1139 insuper
707 1060 741 1121 et
764 1054 1030 1139 gubernationem
1058 1056 1091 1120 in
1121 1055 1343 1140 spiritualibus
1366 1061 1398 1121 et
1423 1062 1543 1140 tempo-

205 1160 326 1228 ralibus
349 1160 477 1247 plenam
502 1166 534 1227 et
558 1162 691 1228 liberam
724 1161 870 1229 eiusdem
896 1161 1139 1229 wormatiensis
1173 1162 1312 1230 ecclesie
1340 1171 1374 1229 et
1402 1163 1542 1228 omnium

205 1268 359 1333 bonorum
382 1267 426 1333 ad
449 1266 570 1334 dictam
599 1269 815 1355 episcopalem
845 1289 990 1336 mensam
1013 1271 1227 1355 spectantium
1251 1270 1379 1336 interim
1405 1289 1544 1356 perros

206 1375 258 1442 vel
280 1395 339 1461 per
368 1375 466 1441 alium
495 1394 551 1442 sen
582 1376 662 1443 alios
685 1397 799 1460 gerere
822 1382 856 1442 et
879 1396 1031 1443 exercere
1058 1425 1119 1442 ...
1144 1376 1315 1461 studeatis,
1348 1378 1544 1444 alienatione

205 1482 349 1566 qualibet
381 1484 536 1550 bonorum
568 1483 777 1550 immobilium
808 1483 947 1551 ecclesie
981 1491 1014 1550 et
1051 1504 1160 1550 mense
1200 1483 1419 1570 predictarum
1451 1485 1545 1550 vobis

204 1597 340 1675 penetus
363 1589 537 1657 interdicta
554 1639 561 1656 .
580 1639 613 1656 ..
654 1591 731 1657 Dat.
755 1591 853 1658 Avin.
878 1591 947 1657 lIll
969 1589 1043 1657 idus
1065 1591 1205 1658 ianuarii
1229 1613 1259 1658 a.
1283 1592 1390 1658 tertio.

366 1731 440 1803 Reg.
458 1733 513 1788 124
530 1747 579 1787 ur.
598 1733 638 1788 48
646 1747 659 1802 ;
676 1733 729 1790 Ra.
750 1733 834 1789 1868.

314 2050 442 2118 2275.
466 2053 552 2118 1337
575 2053 715 2119 Juuuar
738 2054 790 2118 10.
815 2050 981 2140 Aotpuou.

314 2214 517 2279 Benedictus
550 2215 634 2280 duos
667 2215 808 2300 deputat
835 2217 989 2299 uuuoios,
1023 2217 1081 2301 qui
1104 2238 1126 2282 u
1148 2215 1348 2282 Buldewr’uo
1378 2215 1539 2302 archiepi-

206 2340 306 2406 scopo
339 2321 534 2387 lbeuerereoi
557 2323 800 2406 possessiouem
823 2331 1012 2389 castrorum
1035 2325 1198 2390 villarum
1221 2324 1425 2410 oppidorum
1441 2331 1473 2389 et
1495 2325 1544 2389 iu·

205 2429 296 2493 rium
320 2429 453 2494 ecclesie
482 2430 680 2516 Mapuutiue
706 2431 884 2515 recipiunt,
921 2452 1038 2516 eosque
1061 2433 1211 2515 iustruit,
1245 2431 1410 2516 quomodo
1435 2431 1475 2495 de
1499 2432 1544 2496 iia

209 2537 402 2620 disponunt.

315 2665 523 2750 [Benedictus
545 2666 623 2751 XII]
658 2668 797 2752 Guigoni
823 2667 864 2734 de
887 2670 921 2736 S.
946 2670 1106 2736 Germano
1131 2669 1312 2736 Anicianais
1342 2675 1375 2736 ct
1408 2668 1543 2737 Nicolao

208 2773 345 2858 Capotie
369 2772 410 2839 de
433 2775 513 2840 urbe
536 2773 570 2839 S.
594 2774 772 2840 Andomari
797 2774 837 2841 de
861 2774 1094 2843 S.Andomaro
1117 2777 1308 2844 Morinensis
1331 2776 1416 2842 dioc.
1442 2777 1543 2842 cccle-

206 2881 326 2946 siarum
350 2881 522 2966 prepositis
545 2881 722 2967 capellanis
746 2888 780 2948 et
802 2884 927 2948 nunciis
950 2884 1077 2950 nostris.

316 2988 404 3052 lnter
429 2995 537 3053 cetera
560 2986 603 3053 ad
627 3008 689 3070 que
711 3037 771 3053 ...
802 2989 989 3055 Euurrotis
1009 2991 1126 3078 fusius
1148 2991 1313 3074 obtamus,
1337 3012 1399 3075 que
1422 2991 1545 3056 Baldo·

206 3095 315 3159 we'uua
338 3095 610 3181 archiepiscopus
631 3116 736 3181 usque
760 3097 805 3162 ad
828 3097 864 3162 td
889 3102 1019 3182 tempus
1043 3098 1147 3183 eperat
1170 3098 1207 3162 iu
1228 3098 1328 3162 rebus
1344 3098 1544 3184 Mopuutr'ue

208 3203 341 3268 ecclesie
359 3223 459 3288 papa
477 3206 714 3289 prosequitur:
750 3201 909 3281 Quocirca
933 3202 1117 3270 discretioni
1142 3211 1248 3271 vestre
1266 3253 1274 3269 .
1293 3253 1300 3268 .
1319 3252 1326 3268 .
1344 3202 1543 3285 mandamus,

208 3309 357 3392 quatinus
389 3308 432 3374 ad
464 3309 646 3396 predictam
678 3309 849 3376 ecclesiam
878 3310 1101 3394 Magantinam
1135 3331 1194 3378 vos
1226 3311 1440 3396 personaliter
1471 3330 1543 3375 con·

207 3415 346 3483 ferentes
378 3415 526 3502 predicta
559 3423 667 3484 castra
698 3416 857 3483 tortellica
880 3416 975 3483 villas
1003 3417 1126 3503 oppida
1155 3417 1394 3484 iurisdictiones
1417 3424 1451 3482 et
1473 3417 1544 3481 iura

207 3522 293 3589 dicte
318 3523 455 3590 ecclesie
471 3524 661 3609 Magantine
683 3524 717 3589 in
741 3524 888 3591 manibus
903 3523 1046 3590 nostris.
1066 3573 1073 3589 .
1091 3525 1199 3611 posita
1215 3535 1247 3591 et
1264 3523 1362 3590 etiam
1379 3523 1544 3608 resignata

207 3649 378 3715 eorumque
410 3633 643 3718 possessionem
676 3637 708 3698 et
741 3639 885 3698 tenutam
917 3633 1051 3698 liberam
1081 3639 1114 3698 ct
1144 3631 1328 3718 expeditam
1358 3631 1400 3698 ad
1428 3652 1542 3698 manus

207 3743 331 3805 vestras
355 3741 483 3806 nomine
506 3746 614 3804 nostro
639 3737 818 3805 abeodem
843 3739 1087 3826 archiepiscopo
1111 3740 1163 3806 vel
1189 3740 1441 3823 quibuscumque
1471 3739 1542 3806 aliis

207 3845 372 3930 recipiatis
401 3851 434 3911 et
461 3847 519 3913 sub
543 3851 652 3912 vestra
684 3845 831 3912 custodia
864 3846 1003 3912 teneatis
1030 3853 1063 3913 et
1091 3853 1267 3912 castrorum
1299 3845 1542 3913 tortelliciornm

208 3951 355 4018 villarum
379 3951 545 4038 opidorum
570 3951 825 4020 iurisdictionem
842 3960 875 4018 et
891 3951 1006 4018 inrium
1029 3952 1268 4038 predictorum.
1287 4002 1295 4018 .
1314 4002 1322 4019 .
1338 3952 1554 4020 administra-⁴

208 4056 336 4143 tionem,
370 4080 467 4142 quam
496 4061 587 4128 vobis
616 4061 808 4126 auctoritate
836 4061 1016 4146 apostolica
1043 4061 1239 4146 presentium
1265 4069 1375 4127 tenore
1398 4061 1542 4127 commit-

208 4165 313 4248 timus,
345 4167 473 4252 plenam
506 4168 690 4252 generalem
715 4174 747 4234 ct
770 4168 903 4234 liberam
932 4170 964 4233 in
997 4169 1217 4253 spiritualibus
1245 4175 1278 4234 et
1311 4169 1542 4255 temporalibus

207 4291 266 4356 per
290 4291 347 4338 vos
371 4281 403 4339 et
426 4275 508 4341 alios
531 4281 596 4340 tam
621 4274 676 4340 din
700 4294 812 4359 gerere
836 4274 1005 4357 studeatis,
1039 4273 1142 4340 donee
1170 4274 1351 4360 superbiis
1374 4275 1540 4340 alind...

209 4377 394 4446 duxerimus
426 4381 648 4466 ordinandum,
684 4381 841 4448 iacientes
875 4381 917 4448 de
950 4381 1097 4448 omnibns
1129 4383 1223 4449 bonis
1258 4381 1474 4448 immobilibus
1508 4389 1542 4448 et

208 4485 399 4554 mobilibus.
418 4489 683 4555 ..inventarium
707 4488 749 4554 ad
774 4488 913 4555 futuram
938 4489 1096 4556 cautelam
1121 4487 1281 4557 dictorum
1304 4488 1541 4575 archiepiscopi

208 4598 240 4659 et
273 4595 409 4662 ecclesie
432 4596 622 4681 Magantine
654 4617 714 4682 per
745 4616 873 4663 manum
906 4597 1068 4682 publicam
1104 4596 1216 4664 confici
1245 4597 1543 4663 ...alienatione

208 4700 361 4769 bonorum
384 4703 592 4769 immobilium
623 4702 765 4772 eiusdem
799 4704 937 4770 ecclesie
960 4703 1051 4769 vobis
1080 4704 1208 4788 penitus
1237 4701 1420 4787 interdicta,
1452 4704 1542 4770 iuris·

208 4806 381 4876 dictionem
405 4819 512 4877 tamen
536 4818 568 4878 et
592 4811 902 4877 administrationem
925 4810 1140 4896 spiritualium
1158 4816 1191 4876 et
1213 4810 1447 4896 temporalium,
1472 4831 1542 4898 per·
