3642 5509
288 403 323 464 43
874 405 944 464 1327
962 407 1025 464 Jull
1045 405 1086 464 18.

290 589 382 654 nobis
409 586 590 672 significare
619 592 778 669 curarunt,
812 607 923 653 eorum
951 589 1090 655 ecclesia
1119 587 1319 655 Coloniensis
1347 586 1500 655 inchoata
1523 586 1621 655 fuerit

289 716 386 782 opere
419 695 683 779 quamplurimum
717 701 911 779 sumptuoso,
946 694 989 760 ad
1019 695 1105 778 quod
1129 694 1359 780 perficiendum
1382 694 1522 762 fidelium
1547 703 1620 763 sunt

287 804 443 887 suffragia
477 803 646 887 plurimum
680 807 847 886 oportuna,
883 802 1124 868 universitatem
1148 809 1288 869 vestram
1316 825 1467 886 rogamus
1491 811 1524 869 et
1547 804 1618 869 hor·

288 921 392 976 tamur
420 911 452 973 in
483 908 610 974 domino
634 909 908 974 inremissionem
933 909 1024 975 vobis
1048 910 1270 994 peccaminum
1293 910 1507 994 iniungentes,
1543 931 1619 994 qua·

287 1021 372 1084 tinus
405 1015 608 1082 attendentes
641 1015 783 1100 provide,
819 1014 904 1099 qnod
938 1019 1021 1081 inter
1053 1016 1242 1083 holocausta
1266 1018 1417 1083 virtutum
1447 1017 1525 1083 illud
1557 1018 1619 1084 deo

288 1125 519 1211 acceptabilius
541 1121 696 1206 redditur,
726 1122 811 1206 quod
840 1123 881 1189 de
905 1123 1100 1208 pinguedine
1125 1124 1271 1189 caritatis
1294 1124 1437 1208 offertur,
1462 1124 1503 1190 de
1526 1125 1619 1191 vobis

288 1234 378 1299 bonis
402 1231 499 1296 adeo
524 1231 650 1296 collatis
674 1231 744 1315 pias
767 1228 809 1295 ad
835 1229 895 1295 boe
919 1231 1109 1297 elemosinas
1132 1237 1165 1295 et
1188 1238 1283 1314 grata
1307 1232 1451 1297 caritatis
1475 1231 1619 1298 subsidia

287 1341 436 1424 erogetis,
461 1345 496 1402 ut
520 1357 576 1422 per
599 1337 839 1403 subventionem
862 1344 1002 1402 vestram
1025 1357 1105 1422 opus
1129 1337 1232 1422 ipsum
1249 1337 1357 1403 valeat
1382 1338 1522 1404 feliciter
1545 1359 1619 1404 con-

286 1447 436 1514 summari
460 1465 580 1527 vosque
604 1465 661 1529 per
684 1443 744 1510 hec
768 1453 800 1508 et
824 1445 886 1508 alia
912 1445 1005 1524 bona,
1024 1463 1086 1526 que
1110 1443 1241 1508 domino
1265 1445 1440 1529 inspirante
1464 1445 1617 1528 feceritis,

286 1553 327 1619 ad
353 1560 461 1619 eterne
485 1551 615 1637 possitis
639 1551 803 1617 felicitatis
831 1551 952 1636 gaudia
976 1553 1152 1636 pervenire.
1210 1553 1277 1619 Nos
1301 1554 1385 1616 enim
1409 1551 1451 1617 de
1475 1553 1618 1638 omnipo·

286 1661 384 1726 tentis
416 1659 469 1724 dei
502 1656 722 1724 misericordia
755 1666 787 1723 et
811 1659 982 1724 Beatorum
1009 1659 1095 1723 Petri
1123 1665 1155 1724 et
1178 1659 1270 1723 Pauli
1300 1660 1516 1744 apostolorum
1550 1661 1618 1725 eius

286 1768 478 1833 auctoritate
511 1763 622 1831 confisi
655 1765 799 1831 omnibus
828 1785 904 1830 vere
932 1765 1149 1850 penitentibus
1172 1771 1204 1830 et
1228 1765 1393 1845 confessis,
1428 1766 1482 1849 qni
1506 1787 1619 1833 manns

286 1875 331 1940 eis
348 1873 382 1958 (Ι)
406 1872 449 1938 ed
473 1873 534 1938 hoc
558 1873 759 1958 porrexerint
782 1871 967 1955 adiutrices,
991 1892 1088 1937 unum
1111 1892 1229 1938 annum
1252 1879 1285 1938 et
1309 1872 1524 1957 quadraginta
1547 1873 1617 1941 dies

286 1981 327 2047 de
360 1981 509 2046 iniunctis
542 1979 727 2064 penitentiis
750 1978 999 2044 misericorditer
1021 1979 1212 2063 relaxamus,
1244 1980 1446 2064 presentibus
1470 1987 1542 2065 post
1565 1983 1618 2046 tri·

285 2089 412 2154 ennium
445 2088 574 2152 minime
607 2085 763 2168 valituris,
799 2107 878 2168 quas
910 2087 995 2151 mitti
1028 2107 1085 2172 per
1114 2088 1313 2168 qnestuarios
1336 2084 1514 2153 districtius
1535 2087 1617 2152 inhi-

284 2195 406 2278 bemus,
441 2214 506 2276 eas,
540 2195 567 2259 si
590 2213 683 2260 secus
713 2198 818 2258 actum
849 2192 957 2276 fuerit,
993 2213 1103 2259 carere
1127 2193 1248 2260 viribus
1272 2192 1492 2259 decernentes.
1539 2195 1616 2259 Dat

284 2302 380 2367 Avin.
405 2302 455 2366 Ill
478 2299 551 2366 idus
573 2300 643 2366 iulii
666 2321 695 2365 a.
720 2299 900 2366 undecimo.

445 2426 518 2496 Rep.
539 2427 577 2478 84
595 2423 619 2494 f.
639 2423 707 2478 349⁴
725 2439 773 2478 nr.
790 2424 876 2479 2906.

387 2670 501 2737 1221.
531 2672 617 2736 1327
641 2671 717 2737 Jolt
742 2672 794 2735 13.
818 2669 985 2757 Aoiprvoo.

389 2813 550 2879 Iohannes
578 2811 676 2876 XXII
711 2813 874 2898 preposito
903 2813 936 2878 S.
961 2812 1062 2877 Maria
1090 2812 1133 2879 ad
1156 2810 1277 2895 gradus
1300 2812 1410 2878 Colon.
1436 2819 1469 2878 et
1492 2812 1615 2879 decano

282 2921 316 2988 S.
345 2919 500 2987 Gereonis
523 2919 634 2985 Oolon.
658 2939 697 2984 ae
725 2919 897 2984 scolastico
927 2919 1107 2984 Bnnnensis
1131 2919 1242 2985 Oolon.
1277 2918 1361 2985 dioc.
1396 2920 1615 3003 ecclesiarum,

282 3034 458 3094 commotus
481 3025 710 3110 conquestione
735 3025 850 3092 decani
867 3033 899 3092 et
916 3027 1049 3112 capituli
1072 3024 1211 3092 ecclesie
1234 3026 1356 3109 Colon,
1380 3025 1523 3109 mandat,
1541 3047 1616 3109 qua·

281 3137 368 3203 tinus
391 3134 538 3221 deputati
562 3140 803 3200 conservatores
827 3140 859 3198 et
881 3133 1007 3200 iudices
1030 3133 1165 3219 prefatis
1188 3132 1312 3200 decano
1334 3140 1366 3199 et
1382 3135 1524 3219 capitulo
1547 3133 1615 3199 efti-

281 3243 369 3310 cacis
392 3241 589 3308 defensionis
611 3240 752 3327 presidio
775 3242 963 3307 assistentes
984 3262 1048 3306 non
1063 3241 1250 3326 permittant
1267 3240 1396 3306 eosdem
1411 3261 1508 3326 snper
1523 3241 1616 3306 bonis

281 3350 452 3417 mobilibus
468 3355 500 3414 et
516 3347 741 3432 immobilibus,
766 3348 882 3432 legatis
905 3355 939 3412 et
962 3347 1090 3413 donatis
1113 3347 1238 3412 fabrice
1261 3347 1398 3413 ecclesie
1416 3346 1615 3413 Coloniensis

281 3457 323 3522 ad
347 3455 478 3522 eosdem
501 3454 657 3522 decanum
683 3462 716 3520 et
739 3455 916 3540 capitulum
945 3455 1070 3520 ratione
1094 3454 1181 3520 dicte
1204 3454 1328 3519 fabrice
1351 3455 1572 3540 spectantibus
1595 3475 1616 3520 a

280 3565 530 3648 quibuscumque
566 3562 728 3627 molestari
764 3561 816 3627 vel
852 3562 897 3626 eis
933 3563 1124 3644 gravamina
1157 3582 1215 3627 seu
1245 3561 1385 3647 dampna
1409 3560 1460 3626 vel
1483 3561 1615 3626 iniurias

280 3671 427 3756 imogari,
461 3668 590 3736 eosdem
621 3669 775 3734 bonorum
799 3676 1010 3753 occupatores
1032 3688 1089 3734 seu
1114 3667 1307 3749 detentores,
1338 3669 1560 3734 molestatores
1583 3674 1616 3733 et

280 3777 485 3844 iniuriatores
518 3795 576 3860 per
612 3794 777 3840 censuram
811 3775 1066 3841 ecclesiasticam
1089 3775 1307 3860 appellatione
1330 3776 1510 3860 postposita
1533 3795 1615 3840 com·

280 3883 534 4056 pescelillliiitanti
559 3989 696 4055 ecclesie
719 3989 839 4054 licet..
856 4039 863 4054 .
887 3990 965 4054 Dat.
982 3989 1077 4055 Avin.
1094 3989 1144 4054 III
1160 3987 1232 4055 idus
1248 3988 1326 4054 iulia
1342 4010 1372 4055 a.
1395 3987 1576 4057 undecim·

438 4115 510 4184 Rep.
530 4115 568 4168 84
586 4113 610 4179 f.
630 4113 690 4167 352
717 4129 764 4167 nr.
784 4112 868 4167 2912.

382 4403 505 4470 1222.
532 4404 617 4468 1327
642 4401 719 4468 Jott
745 4403 796 4467 13.
821 4400 986 4486 Aoipoon.

293 4546 296 4552 ’
383 4545 553 4630 [lohannes
577 4541 686 4629 XXll]
723 4542 898 4628 Reynardo
924 4540 964 4607 de
988 4541 1199 4625 Westerburg
1229 4540 1428 4606 subdiacono
1457 4541 1613 4607 canonico

278 4653 471 4720 Coloniensi.

385 4760 575 4828 Deuotionis
606 4769 660 4826 tue
689 4759 958 4825 sinceritas...
1005 4757 1092 4823 Sane
1120 4755 1235 4842 petitio
1266 4766 1323 4821 tna
1353 4753 1446 4821 nobis
1469 4754 1614 4820 exhibita
