3642 5509
810 427 881 482 1330
899 427 959 481 Mai
979 427 1004 482 9.
1504 425 1555 480 331

224 606 404 674 huiusmodi
441 607 565 673 decime
600 627 762 689 nunquam
797 627 856 691 pcr
891 605 1019 672 modum
1058 606 1154 670 alium
1189 605 1230 670 ad
1261 606 1429 671 ecclesiam
1454 625 1558 671 rever·

224 723 341 780 tantur.
388 716 456 780 Nos
479 715 578 798 igitur
691 721 726 778 ut
753 713 918 798 predictas
943 713 1084 778 rlecimas
1108 712 1149 777 de
1172 713 1319 777 manibus
1343 712 1557 797 predictorum

224 823 387 902 laicorum,
422 821 604 903 dummodo,
638 829 672 885 ut
696 820 881 905 predicitur,
915 820 1078 887 diocesani
1110 820 1172 885 loci
1198 826 1409 884 structorum
1435 819 1557 904 predic·

224 936 325 994 torum
350 928 392 993 ad
417 929 450 993 id
474 928 612 994 accedat
635 947 793 1008 assensus,
820 977 827 993 .
857 976 865 992 .
894 977 901 990 .
931 927 1102 992 extrahere
1131 947 1170 992 ac
1200 928 1287 1011 ipsas
1316 927 1348 990 in
1373 935 1558 1008 augmenta-

224 1039 341 1100 tionem
375 1034 460 1099 dctis
492 1035 637 1119 predicte
660 1035 797 1100 ecclesie
830 1055 888 1120 per
911 1035 1015 1120 ipsum
1049 1035 1174 1099 noviter
1207 1033 1419 1098 construendo
1448 1041 1481 1097 et
1504 1033 1558 1099 do·

223 1143 321 1207 tande
347 1151 533 1206 convertere
562 1142 663 1207 libere
687 1141 795 1206 valeat
824 1161 864 1206 ac
894 1140 998 1206 eidem
1023 1139 1162 1206 ecclesie
1185 1141 1360 1224 assignare,
1394 1138 1556 1204 devotioni

223 1270 279 1315 sue
298 1300 304 1314 .
323 1299 331 1314 .
349 1298 355 1309 .
375 1251 590 1314 concessimus
613 1249 812 1314 facultatem.
858 1248 1013 1313 Volumus
1035 1255 1152 1329 tamen,
1178 1246 1274 1329 quod,
1298 1247 1359 1312 nisi
1383 1247 1558 1331 prelibatus

223 1377 329 1422 comes
364 1354 484 1420 dictam
509 1356 680 1421 ecclesiam
703 1355 835 1420 duceret
864 1354 1120 1437 construendam,
1158 1352 1343 1438 supradicte
1367 1352 1491 1419 decime
1516 1353 1557 1418 ad

224 1463 304 1544 illos,
329 1461 372 1526 ad
397 1483 477 1544 qnos
499 1462 655 1529 deberent
678 1461 720 1527 de
740 1463 809 1526 iure
833 1463 963 1543 reverti,
987 1463 1058 1547 ipso
1082 1461 1169 1526 facto
1194 1461 1321 1527 omnino
1344 1466 1557 1526 revertantur.

222 1570 381 1647 Quocirca
405 1568 590 1634 discretioni
614 1576 720 1634 vestre
737 1618 745 1634 .
763 1617 770 1633 .
789 1617 797 1632 .
814 1567 1014 1648 mandamus,
1040 1570 1189 1651 quatinus
1211 1617 1218 1632 .
1237 1615 1243 1628 .
1263 1615 1269 1628 .
1293 1568 1434 1652 prefatos
1458 1569 1558 1634 laicos

222 1677 266 1742 ad
289 1675 514 1740 dimittendum
539 1674 719 1742 huiusmodi
744 1675 887 1741 decimas
910 1675 945 1739 in
970 1674 1077 1739 dotem
1103 1674 1244 1739 ciusdem
1269 1674 1405 1740 ecclesie
1429 1695 1558 1740 conver·

222 1783 347 1866 tendas,
372 1782 544 1849 dummodo
568 1782 610 1848 ad
634 1783 668 1848 id
693 1782 855 1849 diocesam
881 1790 913 1848 ct
937 1791 1095 1847 rectomm
1120 1781 1387 1867 predictorum..
1410 1802 1558 1848 assensus

223 1890 370 1973 accedat,
388 1939 395 1953 .
414 1939 420 1951 .
440 1940 447 1954 .
465 1909 522 1974 per
546 1910 712 1955 censuram
737 1889 992 1955 ecclesiasticam
1020 1889 1220 1974 compellatis
1243 1937 1250 1953 .
1275 1938 1282 1952 .
1307 1939 1315 1953 .
1362 1889 1438 1953 Dat.
1464 1889 1557 1954 Avin.

224 1998 284 2063 Vll
309 1996 381 2062 idus
405 1998 481 2062 maii
505 2017 535 2062 a.
560 1996 812 2080 quartodecimo.

389 2121 459 2189 Req.
478 2121 517 2175 95
535 2137 583 2175 nr.
602 2123 665 2175 887.

328 2391 451 2458 1902.
477 2393 565 2456 1330
590 2391 663 2458 Mai
679 2395 711 2457 9.
736 2391 901 2478 Aviqaca.

335 2535 495 2600 lohannes
507 2535 607 2600 XXII
631 2555 702 2600 cmn
719 2535 862 2601 Iohanne
886 2534 1011 2602 decano
1028 2536 1107 2600 eccl.
1125 2535 1320 2601 Xanetensis
1336 2536 1446 2602 (lolon.
1464 2535 1558 2614 dioc..

225 2644 279 2724 qui
314 2651 421 2727 proter
453 2641 645 2707 decanatum
678 2641 766 2707 dicte
789 2642 868 2708 eccl.
892 2643 925 2706 in
950 2641 1108 2709 Zeflccnsi
1132 2642 1241 2709 Colon.
1268 2641 1352 2708 dioc.
1377 2663 1499 2709 necnon
1523 2646 1557 2708 S.

222 2749 350 2814 Andree
374 2749 484 2814 Colon.
509 2749 655 2816 ecclesiis
678 2750 886 2815 canonicatus
909 2757 942 2814 et
958 2748 1141 2833 prebendas
1166 2750 1298 2833 obtinet,
1324 2749 1498 2835 dispensat,
1523 2759 1557 2816 ut

222 2876 285 2920 non
310 2857 460 2921 obstante
484 2855 616 2921 delectu
639 2857 805 2938 natalium,
840 2875 934 2938 quem
961 2857 1083 2941 patitur
1111 2854 1152 2921 de
1176 2857 1279 2921 soluto
1303 2857 1430 2939 genitus
1454 2864 1487 2922 et
1510 2879 1556 2924 so-

223 2963 301 3045 lnta,
326 2963 367 3028 ad
397 2982 507 3027 omncs
532 2962 717 3046 dignitates,
748 2962 909 3047 epinopali
935 2969 967 3027 et
990 2981 1189 3045 quacumque
1218 2964 1373 3047 superiori
1399 2963 1558 3047 dignitate

222 3078 370 3155 excepta,
395 3071 471 3152 eligi
496 3071 604 3134 valeat
627 3079 659 3136 et
682 3070 812 3136 assumi.

333 3177 522 3262 Apostolice
545 3177 633 3242 sedis
656 3176 800 3259 gratiosa
817 3225 824 3240 .
844 3225 877 3240 ..
924 3177 1000 3241 Dat.
1025 3176 1118 3240 Avin.
1136 3177 1199 3242 VII
1222 3175 1294 3241 idus
1318 3177 1393 3241 maii
1416 3199 1446 3242 a.
1472 3197 1561 3260 qnar-

223 3283 396 3348 todecimo.

389 3409 461 3478 Req.
482 3408 519 3462 96
536 3424 584 3462 nr.
602 3410 688 3462 3576.

333 3677 456 3745 1908.
482 3682 571 3745 1330
593 3683 668 3745 Mai
693 3683 744 3748 11.
778 3679 944 3767 Auiqncc.

328 3819 500 3904 [lohannes
523 3822 634 3907 XXII]
668 3823 791 3888 decano
815 3826 850 3886 S.
876 3823 990 3889 Crucis
1024 3831 1056 3888 et
1090 3823 1291 3888 thesaurario
1325 3843 1365 3888 ac
1393 3823 1557 3888 Bernardo

221 3927 262 3991 de
286 3927 495 4011 Hnlhoyinen
519 3928 674 3994 canonico
698 3929 828 3994 maioris
853 3929 955 3993 Lcod.
981 3931 1059 3995 cccl.

326 4033 422 4099 Sedis
444 4035 623 4118 apostolice
649 4038 883 4120 circumspecta
900 4085 907 4100 .
927 4085 958 4100 ..
987 4037 1066 4102 (lum
1091 4038 1201 4119 itaque
1220 4085 1227 4102 .
1246 4087 1252 4101 .
1271 4035 1492 4102 Theodericus
1516 4035 1558 4102 de

218 4139 305 4206 Esch
335 4141 568 4226 parrochialem
598 4143 767 4206 ecclesiam
796 4141 836 4207 de
860 4142 997 4226 Leuglre
1022 4143 1131 4208 Coton.
1157 4143 1241 4208 dioc.
1266 4145 1405 4208 tenuerit
1428 4153 1460 4208 et
1484 4163 1554 4228 pos-

218 4245 341 4311 sederit
373 4267 431 4331 per
466 4247 649 4330 quindecim
679 4269 780 4315 annos
803 4257 837 4313 et
860 4250 999 4334 amplius
1023 4257 1054 4315 ot
1078 4249 1184 4314 adhuc
1210 4249 1334 4315 detinet
1358 4258 1391 4314 et
1414 4250 1558 4334 possidet

220 4352 254 4416 in
277 4354 490 4437 presbiterum
515 4376 578 4420 non
594 4362 757 4439 promotus
774 4355 1014 4440 dispensatione
1033 4406 1039 4422 .
1059 4405 1064 4418 .
1085 4406 1090 4420 .
1109 4377 1171 4421 non
1190 4358 1323 4422 obtenta
1339 4365 1371 4421 ct
1386 4363 1558 4441 propterca

219 4465 309 4524 tanto
333 4466 476 4546 tempore
507 4460 597 4526 dicta
621 4463 759 4528 ecclesia
783 4465 949 4528 vacaverit
1067 4484 1126 4529 nos
1155 4513 1214 4529 ...
1243 4464 1427 4530 discretioni
1452 4473 1557 4530 vestre

222 4567 498 4648 ...mandamus
524 4569 674 4650 quatinus
696 4619 703 4634 .
722 4619 728 4632 .
749 4618 756 4633 .
779 4569 950 4635 ecclesiam
974 4572 1154 4655 ipsam...
1179 4570 1325 4636 Gerardo
1349 4570 1401 4655 [de
1427 4571 1557 4636 Vivario

220 4673 380 4738 canonico
405 4675 482 4739 eccl.
502 4676 538 4739 B.
556 4675 658 4740 Marie
674 4676 833 4758 Aquensis
849 4675 951 4742 Leod.
969 4676 1065 4760 dioc]
1084 4726 1092 4742 .
1110 4725 1118 4740 .
1137 4723 1144 4739 .
1163 4678 1309 4743 conferre
1334 4684 1366 4742 ct
1390 4679 1556 4760 assignare

218 4780 348 4858 curetis,
380 4801 442 4845 non
477 4781 625 4847 obstante
746 4783 832 4866 quod
866 4783 936 4866 ipse
966 4783 1128 4850 Gerardus
1157 4783 1190 4848 in
1222 4782 1371 4868 predicta
1398 4785 1432 4850 S.
1456 4785 1557 4849 Maria
