3642 5509
766 439 834 500 1331
853 438 928 500 Juni
949 438 992 499 16.
1160 435 1166 446 ⁸
1491 439 1545 499 415

209 623 317 690 nensis
351 623 497 690 eeclesiis
532 625 741 693 canonicatus
773 632 806 691 et
838 623 1019 710 prebendas
1050 628 1082 688 et
1106 625 1219 689 curtim
1253 643 1308 689 seu
1342 623 1478 689 officium
1512 626 1543 688 in

210 731 435 817 Prrppilstorps
464 739 648 797 consuetum
679 733 842 796 canonicis
872 731 959 796 dietc
982 731 1162 796 Bunrrensis
1191 731 1269 796 ecel.
1299 732 1542 815 inperpetuum

210 838 398 903 beneficium
424 838 677 904 ecclesiasticum
702 839 859 922 assignari
885 838 995 903 Colon.
1021 837 1103 903 dioc.
1128 838 1261 903 oblinet.

316 945 412 1011 Sedis
435 946 615 1030 apostolice
639 944 843 1031 providentia
871 995 878 1010 .
909 994 916 1010 .
948 996 954 1009 .
1013 946 1087 1010 Dat.
1114 944 1206 1008 driu.
1238 946 1317 1008 XVI
1348 945 1390 1008 kl.
1422 946 1488 1009 iulii
1513 967 1542 1009 a.

212 1048 461 1130 quintodecimo.

317 1156 405 1221 Ine.
431 1178 472 1221 m.
504 1157 537 1222 S.
561 1157 690 1222 Martini
715 1163 748 1223 et
771 1157 802 1222 S.
827 1157 1033 1223 Pantaleonis
1058 1156 1167 1222 Gelon.
1198 1158 1460 1222 monasteriorum
1490 1157 1544 1222 ab·

209 1263 340 1328 batibus
363 1284 402 1328 ae
426 1265 582 1348 magistro
606 1265 725 1330 Iaeobo
750 1265 791 1330 de
814 1265 938 1329 Mutina
961 1265 1131 1330 scolastico
1157 1263 1234 1328 ecel.
1256 1263 1417 1329 TullensIs
1441 1264 1544 1349 capel-

209 1368 282 1434 lano
306 1377 426 1436 nostro.

358 1513 431 1583 Καρ.
451 1512 489 1566 97
506 1529 554 1566 ar.
574 1514 639 1568 303.

312 1783 442 1850 2056.
473 1788 559 1851 1331
583 1786 671 1852 Joat
696 1788 748 1850 16.
780 1783 945 1871 Actaeon.

316 1925 486 2008 [Iohannes
503 1927 614 2011 XXII]
639 1929 777 1993 Henrico
797 1926 837 1991 dc
850 1927 958 1992 Vleric
982 1929 1137 1992 canonico
1154 1928 1231 1993 eccl.
1245 1927 1279 1994 S.
1293 1927 1421 1993 Audree
1434 1927 1543 1994 Gelon.

317 2034 432 2099 hierita
455 2034 619 2116 virtutum,
645 2036 758 2117 quibus
777 2089 783 2102 .
802 2083 809 2098 .
829 2084 836 2098 .
853 2035 964 2120 Nuper
988 2034 1145 2118 siquidem
1179 2055 1218 2100 er
1244 2035 1351 2100 oblate
1375 2035 1467 2100 nobis
1492 2041 1545 2099 tue

209 2140 374 2224 petitionis
397 2142 480 2206 serio
504 2141 679 2224 intellectu,
704 2141 789 2225 quod
813 2142 888 2206 olim
913 2149 947 2206 tu
976 2141 1007 2207 in
1032 2142 1065 2208 S.
1090 2141 1220 2208 Andree
1245 2142 1355 2208 Gelon.
1380 2149 1413 2207 et
1436 2141 1544 2207 Assiu-

210 2246 317 2312 densis
334 2247 445 2313 Goion.
471 2248 554 2314 dioc.
580 2248 725 2316 ecelesiis
742 2250 951 2315 canonicatus
975 2255 1007 2314 et
1022 2248 1204 2334 prebendas
1221 2251 1373 2316 canonice
1397 2248 1545 2314 obtinens

207 2355 441 2439 parrochialem
465 2356 634 2422 ecelesiam
668 2357 701 2421 in
724 2357 819 2423 Unna
851 2356 938 2422 dicte
963 2355 1101 2422 diocesis
1134 2363 1210 2422 tune
1233 2361 1402 2422 vacantem
1436 2356 1545 2422 fueras

208 2462 363 2527 canonice
386 2469 551 2530 assecutus
575 2470 608 2529 et
631 2485 701 2529 eam
718 2463 854 2549 pacifice
870 2470 1020 2529 tenueras
1045 2471 1077 2529 ct
1102 2463 1285 2548 possideres
1298 2467 1334 2544 (l)
1358 2484 1415 2549 per
1438 2465 1545 2549 plures

207 2588 308 2635 annes
330 2569 452 2636 tructus
475 2572 657 2656 percipiens
688 2591 727 2636 ex
751 2570 875 2653 eadem,
912 2570 1062 2654 quodque
1086 2570 1287 2656 postmodum
1321 2576 1459 2636 vacante
1492 2570 1545 2635 de·

209 2684 325 2741 canatu
355 2676 442 2742 diete
480 2677 616 2744 ecclesie
651 2678 685 2744 S.
710 2677 840 2743 Andree
874 2685 910 2742 tu
944 2679 976 2743 in
1011 2677 1169 2744 decanum
1204 2676 1304 2763 ipsius
1340 2677 1475 2744 ecclesie
1510 2677 1544 2744 S.

208 2781 337 2848 Androe
365 2782 397 2847 in
422 2782 594 2868 discordia,
631 2785 711 2850 alias
734 2791 841 2850 tamen
869 2784 931 2850 rite
955 2790 988 2849 et
1011 2785 1175 2868 canonice,
1200 2784 1308 2849 fueras
1342 2785 1472 2864 electus,
1513 2790 1546 2850 et

209 2889 394 2973 quodlicet
428 2898 461 2955 tu
499 2911 569 2957 cum
594 2888 753 2974 quondam
778 2890 944 2957 Ererardo
980 2890 1022 2956 de
1046 2892 1147 2975 Cigno
1184 2891 1300 2956 clerico
1337 2889 1424 2957 dicte
1448 2891 1544 2973 dioc„

208 2997 262 3080 qui
293 2997 482 3063 electionem
512 2998 724 3082 impugnabat
747 2997 939 3081 huiusmodi,
975 3018 1032 3083 per
1056 2998 1181 3080 aliquos
1210 2979 1374 3064 annos'in
1400 2999 1545 3064 Romana

208 3107 297 3170 curia
320 3104 493 3189 litigasses,
533 3104 621 3170 dieto
646 3112 752 3171 tamen
776 3105 945 3171 Ererardo
970 3107 1053 3170 riam
1090 3107 1238 3173 universe
1271 3109 1376 3172 earnis
1399 3108 1544 3189 ingresso

209 3220 241 3277 tu
266 3211 387 3278 dictum
412 3212 603 3278 decanatum
628 3211 763 3298 pacifice
787 3212 925 3297 adeptus
948 3213 1058 3278 fueras
1082 3232 1216 3295 eumque
1240 3233 1298 3298 per
1320 3214 1428 3299 plures
1444 3234 1545 3278 annos

207 3339 365 3384 unacum
403 3319 492 3385 dicta
516 3319 712 3405 parrochiali
748 3320 886 3385 eeclesia
920 3319 1137 3405 possederas.
1157 3369 1163 3384 .
1182 3319 1328 3387 .lructus
1363 3321 1545 3405 percipiens

207 3447 248 3492 ex
271 3427 403 3510 eisdem,
427 3426 718 3513 dispensatione..
738 3476 745 3491 .
762 3447 824 3494 non
858 3429 1015 3494 obtenta.
1036 3476 1042 3492 .
1062 3475 1069 3492 .
1086 3428 1154 3496 Nos
1171 3480 1178 3495 .
1198 3475 1204 3491 .
1223 3479 1230 3495 .
1249 3435 1281 3492 te
1305 3427 1545 3493 habilitavimus

207 3534 410 3616 habilemque
433 3533 632 3601 reddidimus
655 3554 694 3600 ac
718 3555 843 3600 omnem
871 3534 1083 3601 inhabilitatis
1117 3542 1149 3600 et
1180 3533 1310 3600 inlamie
1334 3534 1543 3600 maculam..

206 3662 264 3727 per
288 3651 319 3707 te
344 3643 384 3708 ob
408 3643 563 3727 premissa
581 3643 630 3708 vel
648 3642 779 3725 aliquod
797 3662 904 3707 eorum
923 3647 1105 3709 contractas
1121 3644 1247 3727 penitus
1269 3643 1491 3708 abolevimus.
1510 3690 1517 3704 .
1537 3689 1543 3705 .

208 3749 331 3832 tibique
355 3750 479 3816 fructus
503 3749 666 3836 predictos
684 3799 690 3809 .
710 3799 717 3815 .
736 3798 743 3814 .
760 3750 940 3816 remisimus
958 3799 965 3814 .
984 3799 1017 3818 ..
1064 3749 1229 3816 Voluimus
1253 3755 1369 3833 autem,
1399 3748 1484 3832 quod
1510 3754 1544 3813 tu

206 3862 326 3922 extunc
349 3856 541 3922 decanatum
566 3864 598 3923 et
622 3857 854 3943 parrochialem
878 3857 1049 3923 ecelesiam
1073 3857 1256 3923 antedictos
1279 3863 1389 3943 utpote
1414 3863 1545 3942 propter

207 3965 364 4048 premissa
387 3963 429 4029 de
452 3966 521 4030 iure
544 3970 698 4030 vacantes
722 3963 852 4030 realiter
876 3965 1003 4030 omnino
1020 3962 1197 4030 dimitteres
1215 4013 1222 4030 .
1241 4013 1274 4030 ..
1314 3965 1382 4032 Nos
1399 4013 1406 4029 .
1425 4014 1432 4028 .
1452 3985 1544 4050 .pro-

206 4069 326 4136 dietam
343 4070 576 4156 parrochialem
594 4071 763 4137 ecelesiam
787 4070 835 4137 sic
859 4077 1028 4139 vacantem
1047 4121 1054 4135 .
1074 4121 1080 4135 .
1100 4121 1107 4138 .
1125 4073 1183 4137 tibi
1200 4073 1395 4137 anctoritate
1418 4079 1543 4156 aposto-

205 4178 269 4243 lica
292 4177 552 4245 commendamus
575 4198 632 4264 per
656 4186 687 4243 te
711 4199 775 4243 una
799 4197 870 4243 cum
894 4177 1056 4244 decanatu
1080 4177 1168 4244 dicte
1192 4178 1329 4244 ecclesie
1352 4177 1385 4244 S.
1403 4177 1544 4262 hadrec,

205 4285 312 4369 dequa
335 4291 467 4371 propter
490 4287 646 4371 premissa
673 4291 810 4351 vacante
834 4285 895 4351 tibi
919 4284 1015 4350 hodie
1034 4334 1041 4350 .
1061 4336 1067 4350 .
1086 4335 1093 4351 .
1111 4285 1333 4352 mandarimus
1363 4285 1543 4370 providere,
1636 4280 1651 4305 '

205 4393 466 4459 camillum...
494 4393 593 4461 fueris
616 4401 794 4476 assecutus,
834 4413 934 4476 nsque
970 4392 1012 4458 ad
1048 4391 1190 4459 eiusdem
1226 4392 1312 4460 sedis
1343 4392 1543 4478 [apostolice]

205 4501 442 4586 beneplacitum
468 4500 692 4567 retinendam.
712 4550 744 4567 ..
782 4501 857 4566 Dat.
874 4502 967 4566 Avia.
986 4501 1065 4566 XVI
1089 4500 1133 4564 kl.
1151 4501 1217 4566 iulii
1243 4523 1271 4566 a.
1297 4500 1544 4584 quintodecimo.

312 4609 349 4673 In
373 4630 401 4675 e.
427 4629 468 4674 m.
495 4607 737 4690 Tutellensisll)
771 4616 804 4673 et
837 4607 870 4674 S.
895 4607 1029 4692 Georgii
1059 4607 1170 4674 Oolon.
1195 4609 1375 4674 scolasticis
1408 4629 1447 4674 ac
1471 4609 1543 4674 Am·

204 4717 313 4782 bronio
336 4715 379 4781 de
402 4715 599 4801 Lamayrola
622 4715 777 4781 canonico
802 4713 975 4782 Mediolon.
1002 4713 1081 4781 cccl.

368 4842 441 4914 Rep.
460 4841 498 4896 99
518 4842 543 4913 f.
563 4843 620 4895 346
636 4856 684 4896 ar.
704 4841 784 4896 1862.
