<?xml version="1.0" encoding="UTF-8"?>
<!DOCTYPE html PUBLIC "-//W3C//DTD XHTML 1.0 Transitional//EN"
    "http://www.w3.org/TR/xhtml1/DTD/xhtml1-transitional.dtd">
<html xmlns="http://www.w3.org/1999/xhtml" xml:lang="en" lang="en">
 <head>
  <title>
</title>
<meta http-equiv="Content-Type" content="text/html;charset=utf-8" />
  <meta name='ocr-system' content='tesseract 3.04.00' />
  <meta name='ocr-capabilities' content='ocr_page ocr_carea ocr_par ocr_line ocrx_word'/>
</head>
<body>
  <div class='ocr_page' id='page_1' title='image "./urkundenundrege00thimgoog_0561.png"; bbox 0 0 3642 5509; ppageno 0'>
   <div class='ocr_carea' id='block_1_1' title="bbox 274 431 1100 493">
    <p class='ocr_par' dir='ltr' id='par_1_1' title="bbox 274 431 1100 493">
     <span class='ocr_line' id='line_1_1' title="bbox 274 431 1100 493; baseline -0.002 -1"><span class='ocrx_word' id='word_1_1' title='bbox 274 431 327 492; x_wconf 77' lang='grc'><strong>532</strong></span> <span class='ocrx_word' id='word_1_2' title='bbox 796 435 865 492; x_wconf 80' lang='grc'><em>1337</em></span> <span class='ocrx_word' id='word_1_3' title='bbox 884 433 1056 493; x_wconf 77' lang='lat' dir='ltr'><strong>November</strong></span> <span class='ocrx_word' id='word_1_4' title='bbox 1074 435 1100 490; x_wconf 87' lang='grc'><strong>6.</strong></span> 
     </span>
    </p>
   </div>
   <div class='ocr_carea' id='block_1_2' title="bbox 273 615 1609 1453">
    <p class='ocr_par' dir='ltr' id='par_1_2' title="bbox 273 615 1609 1453">
     <span class='ocr_line' id='line_1_2' title="bbox 273 615 1608 701; baseline -0.002 -21"><span class='ocrx_word' id='word_1_5' title='bbox 273 616 353 682; x_wconf 88' lang='lat' dir='ltr'><strong>talia</strong></span> <span class='ocrx_word' id='word_1_6' title='bbox 368 618 490 683; x_wconf 86' lang='lat' dir='ltr'><strong>semina</strong></span> <span class='ocrx_word' id='word_1_7' title='bbox 507 667 514 682; x_wconf 91' lang='lat'>.</span> <span class='ocrx_word' id='word_1_8' title='bbox 529 631 540 682; x_wconf 63' lang='lat'><strong>¹.</strong></span> <span class='ocrx_word' id='word_1_9' title='bbox 560 669 566 682; x_wconf 94' lang='lat'><strong>.</strong></span> <span class='ocrx_word' id='word_1_10' title='bbox 584 623 756 699; x_wconf 91' lang='lat' dir='ltr'><strong>antequam</strong></span> <span class='ocrx_word' id='word_1_11' title='bbox 772 617 952 700; x_wconf 86' lang='lat' dir='ltr'><strong>germinent</strong></span> <span class='ocrx_word' id='word_1_12' title='bbox 969 617 1050 682; x_wconf 89' lang='lat' dir='ltr'><strong>etin</strong></span> <span class='ocrx_word' id='word_1_13' title='bbox 1067 617 1274 701; x_wconf 80' lang='lat' dir='ltr'><strong>pernitiosam</strong></span> <span class='ocrx_word' id='word_1_14' title='bbox 1291 622 1436 683; x_wconf 79' lang='lat' dir='ltr'><strong>crescant</strong></span> <span class='ocrx_word' id='word_1_15' title='bbox 1452 615 1608 698; x_wconf 77' lang='lat' dir='ltr'><strong>segetem,</strong></span> 
     </span>
     <span class='ocr_line' id='line_1_3' title="bbox 274 719 1609 810; baseline -0.005 -21"><span class='ocrx_word' id='word_1_16' title='bbox 274 723 470 790; x_wconf 88' lang='lat' dir='ltr'><strong>eradicanda</strong></span> <span class='ocrx_word' id='word_1_17' title='bbox 493 725 558 790; x_wconf 91' lang='lat' dir='ltr'><strong>siut</strong></span> <span class='ocrx_word' id='word_1_18' title='bbox 581 744 620 789; x_wconf 91' lang='lat' dir='ltr'><strong>ac</strong></span> <span class='ocrx_word' id='word_1_19' title='bbox 644 726 740 789; x_wconf 89' lang='lat' dir='ltr'><strong>ctiam</strong></span> <span class='ocrx_word' id='word_1_20' title='bbox 766 722 976 810; x_wconf 85' lang='lat' dir='ltr'><strong>exstirpanda</strong></span> <span class='ocrx_word' id='word_1_21' title='bbox 999 731 1106 806; x_wconf 92' lang='lat' dir='ltr'><strong>tuque,</strong></span> <span class='ocrx_word' id='word_1_22' title='bbox 1140 724 1195 808; x_wconf 87' lang='lat' dir='ltr'><strong>iili,</strong></span> <span class='ocrx_word' id='word_1_23' title='bbox 1228 744 1338 810; x_wconf 89' lang='lat' dir='ltr'><strong>posses</strong></span> <span class='ocrx_word' id='word_1_24' title='bbox 1361 744 1424 789; x_wconf 94' lang='lat' dir='ltr'><strong>nou</strong></span> <span class='ocrx_word' id='word_1_25' title='bbox 1448 719 1609 788; x_wconf 90' lang='lat' dir='ltr'><strong>modicum</strong></span> 
     </span>
     <span class='ocr_line' id='line_1_4' title="bbox 273 829 1608 917; baseline -0.007 -19"><span class='ocrx_word' id='word_1_26' title='bbox 273 852 369 917; x_wconf 91' lang='lat' dir='ltr'><strong>supcr</strong></span> <span class='ocrx_word' id='word_1_27' title='bbox 394 832 455 898; x_wconf 90' lang='lat' dir='ltr'><strong>hiis</strong></span> <span class='ocrx_word' id='word_1_28' title='bbox 479 832 609 915; x_wconf 82' lang='lat' dir='ltr'><strong>utiliter,</strong></span> <span class='ocrx_word' id='word_1_29' title='bbox 634 832 716 898; x_wconf 84' lang='lat' dir='ltr'><strong>sicut</strong></span> <span class='ocrx_word' id='word_1_30' title='bbox 740 829 871 896; x_wconf 85' lang='lat' dir='ltr'><strong>indubie</strong></span> <span class='ocrx_word' id='word_1_31' title='bbox 891 833 1109 916; x_wconf 89' lang='lat' dir='ltr'><strong>supponimus,</strong></span> <span class='ocrx_word' id='word_1_32' title='bbox 1134 833 1270 917; x_wconf 88' lang='lat' dir='ltr'><strong>operari,</strong></span> <span class='ocrx_word' id='word_1_33' title='bbox 1285 831 1496 897; x_wconf 56' lang='lat' dir='ltr'><strong>⁴nobilitatem</strong></span> <span class='ocrx_word' id='word_1_34' title='bbox 1520 834 1608 892; x_wconf 90' lang='lat' dir='ltr'><strong>tuam</strong></span> 
     </span>
     <span class='ocr_line' id='line_1_5' title="bbox 273 934 1609 1025; baseline -0.004 -21"><span class='ocrx_word' id='word_1_35' title='bbox 273 959 424 1025; x_wconf 84' lang='lat' dir='ltr'><strong>rogamus</strong></span> <span class='ocrx_word' id='word_1_36' title='bbox 460 938 615 1004; x_wconf 86' lang='lat' dir='ltr'><strong>attentius</strong></span> <span class='ocrx_word' id='word_1_37' title='bbox 651 946 682 1004; x_wconf 89' lang='lat' dir='ltr'><strong>et</strong></span> <span class='ocrx_word' id='word_1_38' title='bbox 717 939 749 1003; x_wconf 92' lang='lat' dir='ltr'><strong>in</strong></span> <span class='ocrx_word' id='word_1_39' title='bbox 785 936 915 1003; x_wconf 92' lang='lat' dir='ltr'><strong>domiuo</strong></span> <span class='ocrx_word' id='word_1_40' title='bbox 951 939 1166 1022; x_wconf 85' lang='lat' dir='ltr'><strong>exhortamur,</strong></span> <span class='ocrx_word' id='word_1_41' title='bbox 1204 941 1354 1022; x_wconf 79' lang='lat' dir='ltr'><strong>quatinus</strong></span> <span class='ocrx_word' id='word_1_42' title='bbox 1379 987 1387 1002; x_wconf 90' lang='lat'><strong><em>.</em></strong></span> <span class='ocrx_word' id='word_1_43' title='bbox 1413 989 1420 1002; x_wconf 94' lang='lat'>.</span> <span class='ocrx_word' id='word_1_44' title='bbox 1446 987 1453 1002; x_wconf 92' lang='lat'><strong>.</strong></span> <span class='ocrx_word' id='word_1_45' title='bbox 1477 934 1609 1003; x_wconf 90' lang='lat' dir='ltr'><strong>studeas</strong></span> 
     </span>
     <span class='ocr_line' id='line_1_6' title="bbox 274 1042 1607 1132; baseline -0.005 -20"><span class='ocrx_word' id='word_1_46' title='bbox 274 1046 449 1112; x_wconf 88' lang='lat' dir='ltr'><strong>efficaciter</strong></span> <span class='ocrx_word' id='word_1_47' title='bbox 472 1046 675 1132; x_wconf 84' lang='lat' dir='ltr'><strong>interponere</strong></span> <span class='ocrx_word' id='word_1_48' title='bbox 699 1052 808 1131; x_wconf 89' lang='lat' dir='ltr'><strong>partes</strong></span> <span class='ocrx_word' id='word_1_49' title='bbox 832 1052 904 1111; x_wconf 89' lang='lat' dir='ltr'><strong>tuas</strong></span> <span class='ocrx_word' id='word_1_50' title='bbox 930 1096 937 1110; x_wconf 94' lang='lat'><strong>.</strong></span> <span class='ocrx_word' id='word_1_51' title='bbox 963 1095 971 1110; x_wconf 91' lang='lat'><strong>.</strong></span> <span class='ocrx_word' id='word_1_52' title='bbox 997 1096 1004 1110; x_wconf 94' lang='lat'><strong>.</strong></span> <span class='ocrx_word' id='word_1_53' title='bbox 1045 1047 1093 1111; x_wconf 86' lang='lat' dir='ltr'><strong>Te</strong></span> <span class='ocrx_word' id='word_1_54' title='bbox 1117 1046 1245 1130; x_wconf 91' lang='lat' dir='ltr'><strong>quidem</strong></span> <span class='ocrx_word' id='word_1_55' title='bbox 1270 1053 1380 1112; x_wconf 90' lang='lat' dir='ltr'><strong>tenere</strong></span> <span class='ocrx_word' id='word_1_56' title='bbox 1404 1042 1607 1111; x_wconf 89' lang='lat' dir='ltr'><strong>certitudiua-</strong></span> 
     </span>
     <span class='ocr_line' id='line_1_7' title="bbox 274 1151 1608 1238; baseline -0.004 -20"><span class='ocrx_word' id='word_1_57' title='bbox 274 1153 348 1219; x_wconf 92' lang='lat' dir='ltr'><strong>liter</strong></span> <span class='ocrx_word' id='word_1_58' title='bbox 372 1151 541 1236; x_wconf 89' lang='lat' dir='ltr'><strong>credimus,</strong></span> <span class='ocrx_word' id='word_1_59' title='bbox 577 1152 663 1236; x_wconf 93' lang='lat' dir='ltr'><strong>quod</strong></span> <span class='ocrx_word' id='word_1_60' title='bbox 699 1174 757 1238; x_wconf 91' lang='lat' dir='ltr'><strong>per</strong></span> <span class='ocrx_word' id='word_1_61' title='bbox 792 1173 849 1220; x_wconf 89' lang='lat' dir='ltr'><strong>nos</strong></span> <span class='ocrx_word' id='word_1_62' title='bbox 873 1173 936 1218; x_wconf 92' lang='lat' dir='ltr'><strong>uou</strong></span> <span class='ocrx_word' id='word_1_63' title='bbox 971 1154 1061 1218; x_wconf 90' lang='lat' dir='ltr'><strong>stetit</strong></span> <span class='ocrx_word' id='word_1_64' title='bbox 1083 1175 1144 1220; x_wconf 92' lang='lat' dir='ltr'><strong>ncc</strong></span> <span class='ocrx_word' id='word_1_65' title='bbox 1167 1155 1275 1237; x_wconf 91' lang='lat' dir='ltr'><strong>stabit,</strong></span> <span class='ocrx_word' id='word_1_66' title='bbox 1311 1153 1480 1237; x_wconf 87' lang='lat' dir='ltr'><strong>quominus</strong></span> <span class='ocrx_word' id='word_1_67' title='bbox 1514 1170 1608 1235; x_wconf 90' lang='lat' dir='ltr'><strong>super</strong></span> 
     </span>
     <span class='ocr_line' id='line_1_8' title="bbox 274 1255 1608 1344; baseline -0.002 -19"><span class='ocrx_word' id='word_1_68' title='bbox 274 1267 414 1326; x_wconf 87' lang='lat' dir='ltr'><strong>tractatu</strong></span> <span class='ocrx_word' id='word_1_69' title='bbox 438 1260 706 1327; x_wconf 88' lang='lat' dir='ltr'><strong>reconsiliationis</strong></span> <span class='ocrx_word' id='word_1_70' title='bbox 728 1259 887 1325; x_wconf 89' lang='lat' dir='ltr'><strong>Ludovici</strong></span> <span class='ocrx_word' id='word_1_71' title='bbox 911 1259 953 1325; x_wconf 89' lang='lat' dir='ltr'><strong>de</strong></span> <span class='ocrx_word' id='word_1_72' title='bbox 978 1261 1128 1344; x_wconf 75' lang='lat' dir='ltr'><strong>Ravana,</strong></span> <span class='ocrx_word' id='word_1_73' title='bbox 1159 1281 1220 1344; x_wconf 90' lang='lat' dir='ltr'><strong>que</strong></span> <span class='ocrx_word' id='word_1_74' title='bbox 1253 1283 1317 1327; x_wconf 92' lang='lat' dir='ltr'><strong>non</strong></span> <span class='ocrx_word' id='word_1_75' title='bbox 1340 1261 1442 1327; x_wconf 90' lang='lat' dir='ltr'><strong>solum</strong></span> <span class='ocrx_word' id='word_1_76' title='bbox 1466 1259 1527 1326; x_wconf 91' lang='lat' dir='ltr'><strong>sibi</strong></span> <span class='ocrx_word' id='word_1_77' title='bbox 1550 1255 1608 1324; x_wconf 89' lang='lat' dir='ltr'><strong>sed</strong></span> 
     </span>
     <span class='ocr_line' id='line_1_9' title="bbox 275 1368 1608 1453; baseline -0.005 -19"><span class='ocrx_word' id='word_1_78' title='bbox 275 1368 346 1434; x_wconf 89' lang='lat' dir='ltr'><strong>aliis</strong></span> <span class='ocrx_word' id='word_1_79' title='bbox 370 1368 514 1453; x_wconf 90' lang='lat' dir='ltr'><strong>personis</strong></span> <span class='ocrx_word' id='word_1_80' title='bbox 538 1368 711 1433; x_wconf 84' lang='lat' dir='ltr'><strong>innumeris</strong></span> <span class='ocrx_word' id='word_1_81' title='bbox 733 1368 820 1432; x_wconf 90' lang='lat' dir='ltr'><strong>utilis</strong></span> <span class='ocrx_word' id='word_1_82' title='bbox 844 1369 1026 1433; x_wconf 90' lang='lat' dir='ltr'><strong>neccssaria</strong></span> <span class='ocrx_word' id='word_1_83' title='bbox 1050 1375 1081 1433; x_wconf 89' lang='lat' dir='ltr'><strong>ct</strong></span> <span class='ocrx_word' id='word_1_84' title='bbox 1105 1369 1240 1434; x_wconf 89' lang='lat' dir='ltr'><strong>salubris</strong></span> <span class='ocrx_word' id='word_1_85' title='bbox 1265 1370 1427 1449; x_wconf 84' lang='lat' dir='ltr'><strong>existeret,</strong></span> <span class='ocrx_word' id='word_1_86' title='bbox 1456 1371 1608 1450; x_wconf 88' lang='lat' dir='ltr'><strong>quantum</strong></span> 
     </span>
    </p>
   </div>
   <div class='ocr_carea' id='block_1_3' title="bbox 171 1472 1611 1560">
    <p class='ocr_par' dir='ltr' id='par_1_3' title="bbox 171 1472 1611 1560">
     <span class='ocr_line' id='line_1_10' title="bbox 171 1472 1611 1560; baseline -0.002 -21"><span class='ocrx_word' id='word_1_87' title='bbox 171 1507 175 1514; x_wconf 92' lang='lat'><strong>·</strong></span> <span class='ocrx_word' id='word_1_88' title='bbox 274 1476 307 1540; x_wconf 91' lang='lat' dir='ltr'><strong>in</strong></span> <span class='ocrx_word' id='word_1_89' title='bbox 331 1474 423 1540; x_wconf 87' lang='lat' dir='ltr'><strong>uobis</strong></span> <span class='ocrx_word' id='word_1_90' title='bbox 447 1481 495 1540; x_wconf 91' lang='lat' dir='ltr'><strong>cst</strong></span> <span class='ocrx_word' id='word_1_91' title='bbox 519 1481 552 1540; x_wconf 88' lang='lat' dir='ltr'><strong>ct</strong></span> <span class='ocrx_word' id='word_1_92' title='bbox 576 1495 646 1540; x_wconf 89' lang='lat' dir='ltr'><strong>cum</strong></span> <span class='ocrx_word' id='word_1_93' title='bbox 673 1473 874 1560; x_wconf 89' lang='lat' dir='ltr'><strong>beneplacito</strong></span> <span class='ocrx_word' id='word_1_94' title='bbox 899 1473 1009 1540; x_wconf 92' lang='lat' dir='ltr'><strong>divino</strong></span> <span class='ocrx_word' id='word_1_95' title='bbox 1034 1474 1185 1559; x_wconf 84' lang='lat' dir='ltr'><strong>dictaque</strong></span> <span class='ocrx_word' id='word_1_96' title='bbox 1209 1472 1295 1540; x_wconf 91' lang='lat' dir='ltr'><strong>sedis</strong></span> <span class='ocrx_word' id='word_1_97' title='bbox 1311 1475 1480 1540; x_wconf 86' lang='lat' dir='ltr'><strong>honestate</strong></span> <span class='ocrx_word' id='word_1_98' title='bbox 1503 1479 1611 1558; x_wconf 86' lang='lat' dir='ltr'><strong>posset</strong></span> 
     </span>
    </p>
   </div>
   <div class='ocr_carea' id='block_1_4' title="bbox 274 1581 1614 2204">
    <p class='ocr_par' dir='ltr' id='par_1_4' title="bbox 274 1581 1614 2204">
     <span class='ocr_line' id='line_1_11' title="bbox 274 1581 1611 1669; baseline -0.002 -22"><span class='ocrx_word' id='word_1_99' title='bbox 274 1582 355 1667; x_wconf 87' lang='lat' dir='ltr'><strong>fieri,</strong></span> <span class='ocrx_word' id='word_1_100' title='bbox 379 1602 564 1668; x_wconf 82' lang='lat' dir='ltr'><strong>processum</strong></span> <span class='ocrx_word' id='word_1_101' title='bbox 588 1581 685 1648; x_wconf 80' lang='lat' dir='ltr'><strong>luerit</strong></span> <span class='ocrx_word' id='word_1_102' title='bbox 708 1583 840 1648; x_wconf 88' lang='lat' dir='ltr'><strong>ulterius</strong></span> <span class='ocrx_word' id='word_1_103' title='bbox 865 1581 1021 1647; x_wconf 89' lang='lat' dir='ltr'><strong>hacteuus</strong></span> <span class='ocrx_word' id='word_1_104' title='bbox 1050 1604 1089 1648; x_wconf 90' lang='lat' dir='ltr'><strong>ac</strong></span> <span class='ocrx_word' id='word_1_105' title='bbox 1113 1584 1209 1648; x_wconf 89' lang='lat' dir='ltr'><strong>etiam</strong></span> <span class='ocrx_word' id='word_1_106' title='bbox 1235 1582 1437 1669; x_wconf 90' lang='lat' dir='ltr'><strong>procedatur.</strong></span> <span class='ocrx_word' id='word_1_107' title='bbox 1490 1581 1611 1646; x_wconf 88' lang='lat' dir='ltr'><strong>Rursus</strong></span> 
     </span>
     <span class='ocr_line' id='line_1_12' title="bbox 276 1688 1612 1776; baseline -0.001 -21"><span class='ocrx_word' id='word_1_108' title='bbox 276 1688 414 1774; x_wconf 90' lang='lat' dir='ltr'><strong>quedam</strong></span> <span class='ocrx_word' id='word_1_109' title='bbox 438 1691 554 1755; x_wconf 92' lang='lat' dir='ltr'><strong>nuncio</strong></span> <span class='ocrx_word' id='word_1_110' title='bbox 579 1696 633 1754; x_wconf 90' lang='lat' dir='ltr'><strong>tuo</strong></span> <span class='ocrx_word' id='word_1_111' title='bbox 658 1689 866 1775; x_wconf 90' lang='lat' dir='ltr'><strong>imposuimus</strong></span> <span class='ocrx_word' id='word_1_112' title='bbox 900 1689 958 1754; x_wconf 90' lang='lat' dir='ltr'><strong>tibi</strong></span> <span class='ocrx_word' id='word_1_113' title='bbox 981 1710 1040 1775; x_wconf 89' lang='lat' dir='ltr'><strong>pro</strong></span> <span class='ocrx_word' id='word_1_114' title='bbox 1074 1696 1167 1774; x_wconf 90' lang='lat' dir='ltr'><strong>parte</strong></span> <span class='ocrx_word' id='word_1_115' title='bbox 1190 1697 1300 1756; x_wconf 89' lang='lat' dir='ltr'><strong>nostra</strong></span> <span class='ocrx_word' id='word_1_116' title='bbox 1332 1711 1390 1776; x_wconf 92' lang='lat' dir='ltr'><strong>per</strong></span> <span class='ocrx_word' id='word_1_117' title='bbox 1413 1709 1485 1755; x_wconf 89' lang='lat' dir='ltr'><strong>eum</strong></span> <span class='ocrx_word' id='word_1_118' title='bbox 1510 1688 1612 1754; x_wconf 89' lang='lat' dir='ltr'><strong>lacius</strong></span> 
     </span>
     <span class='ocr_line' id='line_1_13' title="bbox 275 1796 1612 1882; baseline -0.001 -20"><span class='ocrx_word' id='word_1_119' title='bbox 275 1796 456 1880; x_wconf 79' lang='lat' dir='ltr'><strong>referenda,</strong></span> <span class='ocrx_word' id='word_1_120' title='bbox 490 1817 587 1882; x_wconf 87' lang='lat' dir='ltr'><strong>snper</strong></span> <span class='ocrx_word' id='word_1_121' title='bbox 610 1797 768 1880; x_wconf 91' lang='lat' dir='ltr'><strong>quibusa</strong></span> <span class='ocrx_word' id='word_1_122' title='bbox 802 1803 834 1861; x_wconf 93' lang='lat' dir='ltr'><strong>te</strong></span> <span class='ocrx_word' id='word_1_123' title='bbox 857 1796 983 1881; x_wconf 87' lang='lat' dir='ltr'><strong>plenius</strong></span> <span class='ocrx_word' id='word_1_124' title='bbox 1005 1796 1178 1862; x_wconf 83' lang='lat' dir='ltr'><strong>intellectis</strong></span> <span class='ocrx_word' id='word_1_125' title='bbox 1209 1804 1242 1862; x_wconf 89' lang='lat' dir='ltr'><strong>te</strong></span> <span class='ocrx_word' id='word_1_126' title='bbox 1266 1797 1375 1862; x_wconf 89' lang='lat' dir='ltr'><strong>taliter</strong></span> <span class='ocrx_word' id='word_1_127' title='bbox 1399 1815 1500 1877; x_wconf 90' lang='lat' dir='ltr'><strong>cures,</strong></span> <span class='ocrx_word' id='word_1_128' title='bbox 1536 1815 1612 1878; x_wconf 92' lang='lat' dir='ltr'><strong>que·</strong></span> 
     </span>
     <span class='ocr_line' id='line_1_14' title="bbox 275 1901 1612 1989; baseline -0.003 -19"><span class='ocrx_word' id='word_1_129' title='bbox 275 1924 392 1987; x_wconf 91' lang='lat' dir='ltr'><strong>sumus,</strong></span> <span class='ocrx_word' id='word_1_130' title='bbox 428 1924 551 1988; x_wconf 84' lang='lat' dir='ltr'><strong>gerere,</strong></span> <span class='ocrx_word' id='word_1_131' title='bbox 587 1903 672 1987; x_wconf 93' lang='lat' dir='ltr'><strong>quod</strong></span> <span class='ocrx_word' id='word_1_132' title='bbox 709 1904 767 1968; x_wconf 92' lang='lat' dir='ltr'><strong>tibi</strong></span> <span class='ocrx_word' id='word_1_133' title='bbox 792 1902 888 1969; x_wconf 91' lang='lat' dir='ltr'><strong>cedat</strong></span> <span class='ocrx_word' id='word_1_134' title='bbox 922 1901 965 1968; x_wconf 88' lang='lat' dir='ltr'><strong>ad</strong></span> <span class='ocrx_word' id='word_1_135' title='bbox 997 1903 1143 1969; x_wconf 87' lang='lat' dir='ltr'><strong>meritum</strong></span> <span class='ocrx_word' id='word_1_136' title='bbox 1179 1923 1302 1987; x_wconf 89' lang='lat' dir='ltr'><strong>nosque</strong></span> <span class='ocrx_word' id='word_1_137' title='bbox 1335 1902 1477 1989; x_wconf 90' lang='lat' dir='ltr'><strong>reperire</strong></span> <span class='ocrx_word' id='word_1_138' title='bbox 1501 1902 1612 1967; x_wconf 89' lang='lat' dir='ltr'><strong>valeas</strong></span> 
     </span>
     <span class='ocr_line' id='line_1_15' title="bbox 276 2009 1614 2098; baseline -0.001 -22"><span class='ocrx_word' id='word_1_139' title='bbox 276 2017 448 2098; x_wconf 89' lang='lat' dir='ltr'><strong>propterea</strong></span> <span class='ocrx_word' id='word_1_140' title='bbox 476 2032 533 2096; x_wconf 89' lang='lat' dir='ltr'><strong>pro</strong></span> <span class='ocrx_word' id='word_1_141' title='bbox 558 2012 621 2078; x_wconf 92' lang='lat' dir='ltr'><strong>tuis</strong></span> <span class='ocrx_word' id='word_1_142' title='bbox 644 2010 915 2096; x_wconf 82' lang='lat' dir='ltr'><strong>oportunitatibus</strong></span> <span class='ocrx_word' id='word_1_143' title='bbox 950 2009 1065 2075; x_wconf 90' lang='lat' dir='ltr'><strong>merito</strong></span> <span class='ocrx_word' id='word_1_144' title='bbox 1088 2011 1309 2096; x_wconf 87' lang='lat' dir='ltr'><strong>promptiores.</strong></span> <span class='ocrx_word' id='word_1_145' title='bbox 1357 2011 1433 2077; x_wconf 89' lang='lat' dir='ltr'><strong>Dat.</strong></span> <span class='ocrx_word' id='word_1_146' title='bbox 1458 2016 1614 2094; x_wconf 87' lang='lat' dir='ltr'><strong>utsupra</strong></span> 
     </span>
     <span class='ocr_line' id='line_1_16' title="bbox 276 2116 1051 2204; baseline -0.004 -19"><span class='ocrx_word' id='word_1_147' title='bbox 276 2116 329 2204; x_wconf 91' lang='lat'><strong>(=</strong></span> <span class='ocrx_word' id='word_1_148' title='bbox 349 2119 445 2185; x_wconf 82' lang='lat' dir='ltr'><strong>Aviu.</strong></span> <span class='ocrx_word' id='word_1_149' title='bbox 471 2117 551 2183; x_wconf 92' lang='lat' dir='ltr'>VIII</span> <span class='ocrx_word' id='word_1_150' title='bbox 573 2117 646 2183; x_wconf 93' lang='lat' dir='ltr'><strong>idus</strong></span> <span class='ocrx_word' id='word_1_151' title='bbox 669 2118 852 2184; x_wconf 89' lang='lat' dir='ltr'><strong>novembris</strong></span> <span class='ocrx_word' id='word_1_152' title='bbox 876 2139 904 2183; x_wconf 95' lang='lat' dir='ltr'><strong>a.</strong></span> <span class='ocrx_word' id='word_1_153' title='bbox 930 2118 1051 2192; x_wconf 87' lang='lat' dir='ltr'><strong>tertio).</strong></span> 
     </span>
    </p>
   </div>
   <div class='ocr_carea' id='block_1_5' title="bbox 436 2276 1034 2348">
    <p class='ocr_par' dir='ltr' id='par_1_5' title="bbox 436 2276 1034 2348">
     <span class='ocr_line' id='line_1_17' title="bbox 436 2276 1034 2348; baseline -0.003 -15"><span class='ocrx_word' id='word_1_154' title='bbox 436 2279 509 2348; x_wconf 76' lang='lat' dir='ltr'><strong>Ray.</strong></span> <span class='ocrx_word' id='word_1_155' title='bbox 528 2277 587 2331; x_wconf 84' lang='lat'><strong>132</strong></span> <span class='ocrx_word' id='word_1_156' title='bbox 603 2277 629 2346; x_wconf 84' lang='lat' dir='ltr'><strong>f.</strong></span> <span class='ocrx_word' id='word_1_157' title='bbox 648 2276 694 2331; x_wconf 80' lang='lat'><strong>91‘</strong></span> <span class='ocrx_word' id='word_1_158' title='bbox 712 2293 760 2331; x_wconf 81' lang='lat' dir='ltr'><strong>nr.</strong></span> <span class='ocrx_word' id='word_1_159' title='bbox 779 2280 850 2343; x_wconf 79' lang='lat'><strong>314,-</strong></span> <span class='ocrx_word' id='word_1_160' title='bbox 879 2278 932 2332; x_wconf 83' lang='lat' dir='ltr'><strong>Ra.</strong></span> <span class='ocrx_word' id='word_1_161' title='bbox 952 2277 1034 2331; x_wconf 82' lang='lat'><em>1915.</em></span> 
     </span>
    </p>
   </div>
   <div class='ocr_carea' id='block_1_6' title="bbox 383 2685 1091 2776">
    <p class='ocr_par' dir='ltr' id='par_1_6' title="bbox 383 2685 1091 2776">
     <span class='ocr_line' id='line_1_18' title="bbox 383 2685 1091 2776; baseline 0 -20"><span class='ocrx_word' id='word_1_162' title='bbox 383 2685 511 2756; x_wconf 74' lang='grc'><em>2303.</em></span> <span class='ocrx_word' id='word_1_163' title='bbox 544 2690 630 2756; x_wconf 82' lang='grc'><em>1337</em></span> <span class='ocrx_word' id='word_1_164' title='bbox 654 2688 841 2756; x_wconf 82' lang='lat' dir='ltr'><strong>November</strong></span> <span class='ocrx_word' id='word_1_165' title='bbox 864 2689 895 2755; x_wconf 90' lang='lat'><strong>6.</strong></span> <span class='ocrx_word' id='word_1_166' title='bbox 925 2687 1091 2776; x_wconf 80' lang='lat' dir='ltr'><strong>Aoiqnoa.</strong></span> 
     </span>
    </p>
   </div>
   <div class='ocr_carea' id='block_1_7' title="bbox 278 2848 1618 4867">
    <p class='ocr_par' dir='ltr' id='par_1_7' title="bbox 386 2848 1369 2935">
     <span class='ocr_line' id='line_1_19' title="bbox 386 2848 1369 2935; baseline 0.003 -22"><span class='ocrx_word' id='word_1_167' title='bbox 386 2848 595 2932; x_wconf 89' lang='lat' dir='ltr'><strong>[Benedictus</strong></span> <span class='ocrx_word' id='word_1_168' title='bbox 617 2849 696 2934; x_wconf 87' lang='lat' dir='ltr'>XII]</span> <span class='ocrx_word' id='word_1_169' title='bbox 720 2850 883 2915; x_wconf 88' lang='lat' dir='ltr'><strong>Walramo</strong></span> <span class='ocrx_word' id='word_1_170' title='bbox 907 2849 1151 2935; x_wconf 84' lang='lat' dir='ltr'><strong>archiepiscopo</strong></span> <span class='ocrx_word' id='word_1_171' title='bbox 1177 2850 1369 2917; x_wconf 81' lang='lat' dir='ltr'><strong>Coloniensi.</strong></span> 
     </span>
    </p>

    <p class='ocr_par' dir='ltr' id='par_1_8' title="bbox 278 2956 1618 4867">
     <span class='ocr_line' id='line_1_20' title="bbox 386 2956 1616 3044; baseline -0.001 -22"><span class='ocrx_word' id='word_1_172' title='bbox 386 2959 544 3042; x_wconf 85' lang='lat' dir='ltr'><strong>Percepto</strong></span> <span class='ocrx_word' id='word_1_173' title='bbox 568 2958 662 3023; x_wconf 89' lang='lat' dir='ltr'><strong>nimis</strong></span> <span class='ocrx_word' id='word_1_174' title='bbox 687 2956 926 3042; x_wconf 89' lang='lat' dir='ltr'><strong>displicibilitcr</strong></span> <span class='ocrx_word' id='word_1_175' title='bbox 950 2957 1012 3022; x_wconf 91' lang='lat' dir='ltr'><strong>hiis</strong></span> <span class='ocrx_word' id='word_1_176' title='bbox 1036 2957 1159 3042; x_wconf 90' lang='lat' dir='ltr'><strong>diebus,</strong></span> <span class='ocrx_word' id='word_1_177' title='bbox 1193 2957 1279 3041; x_wconf 92' lang='lat' dir='ltr'><strong>quod</strong></span> <span class='ocrx_word' id='word_1_178' title='bbox 1311 2959 1344 3023; x_wconf 91' lang='lat' dir='ltr'><strong>in</strong></span> <span class='ocrx_word' id='word_1_179' title='bbox 1368 2957 1513 3044; x_wconf 88' lang='lat' dir='ltr'><strong>partibus</strong></span> <span class='ocrx_word' id='word_1_180' title='bbox 1536 2957 1616 3022; x_wconf 85' lang='lat' dir='ltr'><strong>Ala·</strong></span> 
     </span>
     <span class='ocr_line' id='line_1_21' title="bbox 278 3064 1614 3149; baseline -0.001 -20"><span class='ocrx_word' id='word_1_181' title='bbox 278 3065 405 3130; x_wconf 79' lang='lat' dir='ltr'><strong>mauric</strong></span> <span class='ocrx_word' id='word_1_182' title='bbox 430 3071 607 3130; x_wconf 90' lang='lat' dir='ltr'><strong>tractantur</strong></span> <span class='ocrx_word' id='word_1_183' title='bbox 637 3085 694 3130; x_wconf 91' lang='lat' dir='ltr'><strong>seu</strong></span> <span class='ocrx_word' id='word_1_184' title='bbox 719 3071 857 3130; x_wconf 85' lang='lat' dir='ltr'><strong>tractata</strong></span> <span class='ocrx_word' id='word_1_185' title='bbox 880 3072 955 3130; x_wconf 90' lang='lat' dir='ltr'><strong>sunt</strong></span> <span class='ocrx_word' id='word_1_186' title='bbox 978 3065 1096 3148; x_wconf 85' lang='lat' dir='ltr'><strong>aliqua,</strong></span> <span class='ocrx_word' id='word_1_187' title='bbox 1121 3067 1310 3149; x_wconf 83' lang='lat' dir='ltr'><strong>exquibus,</strong></span> <span class='ocrx_word' id='word_1_188' title='bbox 1346 3067 1384 3148; x_wconf 92' lang='lat' dir='ltr'><strong>si,</strong></span> <span class='ocrx_word' id='word_1_189' title='bbox 1409 3064 1494 3149; x_wconf 90' lang='lat' dir='ltr'><strong>qnod</strong></span> <span class='ocrx_word' id='word_1_190' title='bbox 1517 3065 1614 3145; x_wconf 91' lang='lat' dir='ltr'><strong>absit,</strong></span> 
     </span>
     <span class='ocr_line' id='line_1_22' title="bbox 279 3170 1616 3257; baseline 0.001 -22"><span class='ocrx_word' id='word_1_191' title='bbox 279 3171 490 3257; x_wconf 91' lang='lat' dir='ltr'><strong>procederent</strong></span> <span class='ocrx_word' id='word_1_192' title='bbox 513 3192 569 3236; x_wconf 90' lang='lat' dir='ltr'><strong>seu</strong></span> <span class='ocrx_word' id='word_1_193' title='bbox 593 3172 838 3252; x_wconf 89' lang='lat' dir='ltr'><strong>invalescerent,</strong></span> <span class='ocrx_word' id='word_1_194' title='bbox 862 3192 982 3254; x_wconf 83' lang='lat' dir='ltr'><strong>magna</strong></span> <span class='ocrx_word' id='word_1_195' title='bbox 1006 3171 1250 3239; x_wconf 78' lang='lat' dir='ltr'><strong>christianitatis</strong></span> <span class='ocrx_word' id='word_1_196' title='bbox 1273 3172 1425 3256; x_wconf 85' lang='lat' dir='ltr'><strong>turbatio,</strong></span> <span class='ocrx_word' id='word_1_197' title='bbox 1448 3170 1616 3256; x_wconf 83' lang='lat' dir='ltr'><strong>sanguinis</strong></span> 
     </span>
     <span class='ocr_line' id='line_1_23' title="bbox 280 3278 1615 3366; baseline -0.001 -21"><span class='ocrx_word' id='word_1_198' title='bbox 280 3278 532 3345; x_wconf 83' lang='lat' dir='ltr'><strong>Christianorum</strong></span> <span class='ocrx_word' id='word_1_199' title='bbox 550 3278 663 3344; x_wconf 84' lang='lat' dir='ltr'><strong>effusio</strong></span> <span class='ocrx_word' id='word_1_200' title='bbox 687 3285 719 3345; x_wconf 89' lang='grc'><strong>11</strong></span> <span class='ocrx_word' id='word_1_201' title='bbox 742 3278 807 3344; x_wconf 90' lang='lat' dir='ltr'><strong>alia</strong></span> <span class='ocrx_word' id='word_1_202' title='bbox 831 3287 897 3344; x_wconf 87' lang='lat' dir='ltr'><strong>tam</strong></span> <span class='ocrx_word' id='word_1_203' title='bbox 921 3279 1097 3344; x_wconf 87' lang='lat' dir='ltr'><strong>animarum</strong></span> <span class='ocrx_word' id='word_1_204' title='bbox 1115 3300 1208 3362; x_wconf 89' lang='lat' dir='ltr'><strong>quam</strong></span> <span class='ocrx_word' id='word_1_205' title='bbox 1225 3301 1433 3366; x_wconf 89' lang='lat' dir='ltr'><strong>personarum</strong></span> <span class='ocrx_word' id='word_1_206' title='bbox 1457 3285 1490 3345; x_wconf 93' lang='lat' dir='ltr'><strong>et</strong></span> <span class='ocrx_word' id='word_1_207' title='bbox 1509 3298 1615 3344; x_wconf 88' lang='lat' dir='ltr'><strong>rernm</strong></span> 
     </span>
     <span class='ocr_line' id='line_1_24' title="bbox 279 3384 1615 3472; baseline -0.001 -22"><span class='ocrx_word' id='word_1_208' title='bbox 279 3387 445 3451; x_wconf 90' lang='lat' dir='ltr'><strong>innumera</strong></span> <span class='ocrx_word' id='word_1_209' title='bbox 469 3385 650 3472; x_wconf 89' lang='lat' dir='ltr'><strong>dispendia,</strong></span> <span class='ocrx_word' id='word_1_210' title='bbox 675 3404 737 3468; x_wconf 90' lang='lat' dir='ltr'><strong>que</strong></span> <span class='ocrx_word' id='word_1_211' title='bbox 761 3384 869 3450; x_wconf 84' lang='lat' dir='ltr'><strong>divine</strong></span> <span class='ocrx_word' id='word_1_212' title='bbox 893 3387 1072 3451; x_wconf 88' lang='lat' dir='ltr'><strong>maiestatis</strong></span> <span class='ocrx_word' id='word_1_213' title='bbox 1102 3388 1212 3452; x_wconf 91' lang='lat' dir='ltr'><strong>oculos</strong></span> <span class='ocrx_word' id='word_1_214' title='bbox 1235 3390 1380 3471; x_wconf 81' lang='lat' dir='ltr'><strong>graviter</strong></span> <span class='ocrx_word' id='word_1_215' title='bbox 1402 3385 1615 3466; x_wconf 87' lang='lat' dir='ltr'><strong>offenderent,</strong></span> 
     </span>
     <span class='ocr_line' id='line_1_25' title="bbox 280 3492 1615 3578; baseline 0 -20"><span class='ocrx_word' id='word_1_216' title='bbox 280 3494 369 3576; x_wconf 89' lang='lat' dir='ltr'><strong>sequi</strong></span> <span class='ocrx_word' id='word_1_217' title='bbox 393 3499 525 3578; x_wconf 87' lang='lat' dir='ltr'><strong>possent</strong></span> <span class='ocrx_word' id='word_1_218' title='bbox 549 3541 557 3557; x_wconf 89' lang='lat'><strong>.</strong></span> <span class='ocrx_word' id='word_1_219' title='bbox 582 3541 589 3557; x_wconf 91' lang='lat'><em>.</em></span> <span class='ocrx_word' id='word_1_220' title='bbox 617 3541 624 3558; x_wconf 94' lang='lat'><strong>.</strong></span> <span class='ocrx_word' id='word_1_221' title='bbox 650 3541 658 3557; x_wconf 92' lang='lat'><strong><em>.</em></strong></span> <span class='ocrx_word' id='word_1_222' title='bbox 684 3492 842 3557; x_wconf 90' lang='lat' dir='ltr'><strong>Willclmo</strong></span> <span class='ocrx_word' id='word_1_223' title='bbox 866 3495 975 3558; x_wconf 90' lang='lat' dir='ltr'><strong>comiti</strong></span> <span class='ocrx_word' id='word_1_224' title='bbox 993 3494 1163 3559; x_wconf 91' lang='lat' dir='ltr'><strong>luliacensi</strong></span> <span class='ocrx_word' id='word_1_225' title='bbox 1188 3513 1341 3578; x_wconf 84' lang='lat' dir='ltr'><strong>germano</strong></span> <span class='ocrx_word' id='word_1_226' title='bbox 1364 3501 1419 3560; x_wconf 88' lang='lat' dir='ltr'><strong>tuo</strong></span> <span class='ocrx_word' id='word_1_227' title='bbox 1435 3494 1615 3569; x_wconf 89' lang='lat' dir='ltr'><strong>scribimus,</strong></span> 
     </span>
     <span class='ocr_line' id='line_1_26' title="bbox 282 3598 1617 3686; baseline -0.001 -21"><span class='ocrx_word' id='word_1_228' title='bbox 282 3651 289 3665; x_wconf 94' lang='lat'><strong>.</strong></span> <span class='ocrx_word' id='word_1_229' title='bbox 315 3649 322 3666; x_wconf 94' lang='lat'><strong>.</strong></span> <span class='ocrx_word' id='word_1_230' title='bbox 349 3649 355 3664; x_wconf 94' lang='lat'><strong>.</strong></span> <span class='ocrx_word' id='word_1_231' title='bbox 380 3606 415 3665; x_wconf 92' lang='lat' dir='ltr'><strong>ut</strong></span> <span class='ocrx_word' id='word_1_232' title='bbox 440 3651 446 3666; x_wconf 93' lang='lat'>.</span> <span class='ocrx_word' id='word_1_233' title='bbox 538 3599 581 3665; x_wconf 91' lang='lat' dir='ltr'><strong>ad</strong></span> <span class='ocrx_word' id='word_1_234' title='bbox 605 3598 798 3666; x_wconf 91' lang='lat' dir='ltr'><strong>obviandum</strong></span> <span class='ocrx_word' id='word_1_235' title='bbox 824 3601 922 3665; x_wconf 89' lang='lat' dir='ltr'><strong>tantis</strong></span> <span class='ocrx_word' id='word_1_236' title='bbox 945 3600 1133 3684; x_wconf 88' lang='lat' dir='ltr'><strong>periculosis</strong></span> <span class='ocrx_word' id='word_1_237' title='bbox 1157 3607 1189 3665; x_wconf 92' lang='lat' dir='ltr'><strong>et</strong></span> <span class='ocrx_word' id='word_1_238' title='bbox 1212 3600 1403 3686; x_wconf 88' lang='lat' dir='ltr'><strong>perniciosis</strong></span> <span class='ocrx_word' id='word_1_239' title='bbox 1426 3599 1617 3667; x_wconf 90' lang='lat' dir='ltr'><strong>discrimini-</strong></span> 
     </span>
     <span class='ocr_line' id='line_1_27' title="bbox 280 3705 1617 3795; baseline -0.001 -22"><span class='ocrx_word' id='word_1_240' title='bbox 280 3709 340 3773; x_wconf 89' lang='lat' dir='ltr'><strong>bus</strong></span> <span class='ocrx_word' id='word_1_241' title='bbox 364 3707 529 3773; x_wconf 89' lang='lat' dir='ltr'><strong>claborarc</strong></span> <span class='ocrx_word' id='word_1_242' title='bbox 553 3708 697 3792; x_wconf 88' lang='lat' dir='ltr'><strong>operosis</strong></span> <span class='ocrx_word' id='word_1_243' title='bbox 721 3705 835 3773; x_wconf 79' lang='lat' dir='ltr'><strong>studiis</strong></span> <span class='ocrx_word' id='word_1_244' title='bbox 859 3728 921 3772; x_wconf 92' lang='lat' dir='ltr'><strong>nou</strong></span> <span class='ocrx_word' id='word_1_245' title='bbox 938 3707 1108 3772; x_wconf 90' lang='lat' dir='ltr'><strong>ommittat.</strong></span> <span class='ocrx_word' id='word_1_246' title='bbox 1145 3708 1232 3774; x_wconf 87' lang='lat' dir='ltr'><strong>Sane</strong></span> <span class='ocrx_word' id='word_1_247' title='bbox 1255 3709 1331 3792; x_wconf 91' lang='lat' dir='ltr'><strong>quia</strong></span> <span class='ocrx_word' id='word_1_248' title='bbox 1354 3708 1482 3795; x_wconf 80' lang='lat' dir='ltr'><strong>prelato</strong></span> <span class='ocrx_word' id='word_1_249' title='bbox 1505 3706 1617 3772; x_wconf 94' lang='lat' dir='ltr'><strong>comiti</strong></span> 
     </span>
     <span class='ocr_line' id='line_1_28' title="bbox 280 3813 1616 3899; baseline -0.001 -19"><span class='ocrx_word' id='word_1_250' title='bbox 280 3836 344 3881; x_wconf 90' lang='lat' dir='ltr'><strong>non</strong></span> <span class='ocrx_word' id='word_1_251' title='bbox 365 3834 476 3899; x_wconf 90' lang='lat' dir='ltr'><strong>parum</strong></span> <span class='ocrx_word' id='word_1_252' title='bbox 494 3815 632 3881; x_wconf 87' lang='lat' dir='ltr'><strong>facultas</strong></span> <span class='ocrx_word' id='word_1_253' title='bbox 648 3813 734 3899; x_wconf 92' lang='lat' dir='ltr'><strong>apud</strong></span> <span class='ocrx_word' id='word_1_254' title='bbox 750 3813 832 3896; x_wconf 92' lang='lat' dir='ltr'><strong>illos,</strong></span> <span class='ocrx_word' id='word_1_255' title='bbox 850 3833 930 3896; x_wconf 89' lang='lat' dir='ltr'><strong>quos</strong></span> <span class='ocrx_word' id='word_1_256' title='bbox 950 3814 1106 3898; x_wconf 88' lang='lat' dir='ltr'><strong>premissa</strong></span> <span class='ocrx_word' id='word_1_257' title='bbox 1128 3821 1276 3899; x_wconf 82' lang='lat' dir='ltr'><strong>tangunt,</strong></span> <span class='ocrx_word' id='word_1_258' title='bbox 1299 3822 1335 3881; x_wconf 90' lang='lat' dir='ltr'><strong>ut</strong></span> <span class='ocrx_word' id='word_1_259' title='bbox 1352 3815 1483 3880; x_wconf 89' lang='lat' dir='ltr'><strong>indubie</strong></span> <span class='ocrx_word' id='word_1_260' title='bbox 1499 3833 1616 3899; x_wconf 91' lang='lat' dir='ltr'><strong>suppo·</strong></span> 
     </span>
     <span class='ocr_line' id='line_1_29' title="bbox 281 3921 1616 4008; baseline 0 -21"><span class='ocrx_word' id='word_1_261' title='bbox 281 3924 393 4004; x_wconf 90' lang='lat' dir='ltr'><strong>nimus,</strong></span> <span class='ocrx_word' id='word_1_262' title='bbox 431 3923 573 4008; x_wconf 88' lang='lat' dir='ltr'><strong>suppetit</strong></span> <span class='ocrx_word' id='word_1_263' title='bbox 606 3921 638 3985; x_wconf 92' lang='lat' dir='ltr'><strong>iu</strong></span> <span class='ocrx_word' id='word_1_264' title='bbox 667 3921 728 3986; x_wconf 90' lang='lat' dir='ltr'><strong>hac</strong></span> <span class='ocrx_word' id='word_1_265' title='bbox 757 3927 848 4006; x_wconf 90' lang='lat' dir='ltr'><strong>parte</strong></span> <span class='ocrx_word' id='word_1_266' title='bbox 884 3923 1018 4006; x_wconf 90' lang='lat' dir='ltr'><strong>ipseque</strong></span> <span class='ocrx_word' id='word_1_267' title='bbox 1053 3921 1190 3988; x_wconf 88' lang='lat' dir='ltr'><strong>libenter</strong></span> <span class='ocrx_word' id='word_1_268' title='bbox 1223 3924 1296 4005; x_wconf 89' lang='lat' dir='ltr'><strong>tuis,</strong></span> <span class='ocrx_word' id='word_1_269' title='bbox 1332 3928 1367 3987; x_wconf 89' lang='lat' dir='ltr'><strong>ut</strong></span> <span class='ocrx_word' id='word_1_270' title='bbox 1390 3922 1616 4004; x_wconf 82' lang='lat' dir='ltr'><strong>intelleximus,</strong></span> 
     </span>
     <span class='ocr_line' id='line_1_30' title="bbox 282 4028 1614 4112; baseline -0.002 -19"><span class='ocrx_word' id='word_1_271' title='bbox 282 4028 410 4094; x_wconf 91' lang='lat' dir='ltr'><strong>monitis</strong></span> <span class='ocrx_word' id='word_1_272' title='bbox 445 4029 630 4112; x_wconf 89' lang='lat' dir='ltr'><strong>acquiescit,</strong></span> <span class='ocrx_word' id='word_1_273' title='bbox 660 4028 893 4093; x_wconf 88' lang='lat' dir='ltr'><strong>fraternitatem</strong></span> <span class='ocrx_word' id='word_1_274' title='bbox 928 4034 1014 4092; x_wconf 89' lang='lat' dir='ltr'><strong>tuam</strong></span> <span class='ocrx_word' id='word_1_275' title='bbox 1049 4031 1271 4112; x_wconf 91' lang='lat' dir='ltr'><strong>requirimus.</strong></span> <span class='ocrx_word' id='word_1_276' title='bbox 1298 4078 1305 4092; x_wconf 93' lang='lat'><strong>.</strong></span> <span class='ocrx_word' id='word_1_277' title='bbox 1331 4076 1338 4090; x_wconf 88' lang='lat'><em>.</em></span> <span class='ocrx_word' id='word_1_278' title='bbox 1364 4031 1545 4112; x_wconf 92' lang='lat' dir='ltr'><strong>quatinus.</strong></span> <span class='ocrx_word' id='word_1_279' title='bbox 1571 4077 1579 4092; x_wconf 91' lang='lat'><strong>.</strong></span> <span class='ocrx_word' id='word_1_280' title='bbox 1605 4077 1614 4091; x_wconf 94' lang='lat'><em>.</em></span> 
     </span>
     <span class='ocr_line' id='line_1_31' title="bbox 282 4135 1617 4222; baseline -0.001 -21"><span class='ocrx_word' id='word_1_281' title='bbox 282 4142 490 4201; x_wconf 82' lang='lat' dir='ltr'><strong>memoratum</strong></span> <span class='ocrx_word' id='word_1_282' title='bbox 515 4137 663 4201; x_wconf 92' lang='lat' dir='ltr'><strong>comitem</strong></span> <span class='ocrx_word' id='word_1_283' title='bbox 688 4135 860 4201; x_wconf 89' lang='lat' dir='ltr'><strong>efficaciter</strong></span> <span class='ocrx_word' id='word_1_284' title='bbox 883 4136 1036 4202; x_wconf 90' lang='lat' dir='ltr'><strong>inducere</strong></span> <span class='ocrx_word' id='word_1_285' title='bbox 1060 4158 1124 4202; x_wconf 93' lang='lat' dir='ltr'><strong>non</strong></span> <span class='ocrx_word' id='word_1_286' title='bbox 1147 4144 1333 4222; x_wconf 91' lang='lat' dir='ltr'><strong>postponas,</strong></span> <span class='ocrx_word' id='word_1_287' title='bbox 1369 4144 1404 4202; x_wconf 94' lang='lat' dir='ltr'><strong>ut</strong></span> <span class='ocrx_word' id='word_1_288' title='bbox 1427 4156 1524 4222; x_wconf 90' lang='lat' dir='ltr'><strong>super</strong></span> <span class='ocrx_word' id='word_1_289' title='bbox 1546 4154 1617 4220; x_wconf 77' lang='lat' dir='ltr'><strong>pre</strong></span> 
     </span>
     <span class='ocr_line' id='line_1_32' title="bbox 283 4242 1618 4328; baseline -0.002 -20"><span class='ocrx_word' id='word_1_290' title='bbox 283 4243 379 4310; x_wconf 90' lang='lat' dir='ltr'><strong>dictis</strong></span> <span class='ocrx_word' id='word_1_291' title='bbox 403 4250 510 4328; x_wconf 88' lang='lat' dir='ltr'><strong>partes</strong></span> <span class='ocrx_word' id='word_1_292' title='bbox 534 4261 590 4308; x_wconf 90' lang='lat' dir='ltr'><strong>sue</strong></span> <span class='ocrx_word' id='word_1_293' title='bbox 613 4243 826 4308; x_wconf 89' lang='lat' dir='ltr'><strong>solicitudinis</strong></span> <span class='ocrx_word' id='word_1_294' title='bbox 850 4245 941 4308; x_wconf 85' lang='lat' dir='ltr'><strong>iuxta</strong></span> <span class='ocrx_word' id='word_1_295' title='bbox 963 4250 1074 4309; x_wconf 90' lang='lat' dir='ltr'><strong>nostra</strong></span> <span class='ocrx_word' id='word_1_296' title='bbox 1096 4245 1217 4309; x_wconf 90' lang='lat' dir='ltr'><strong>monita</strong></span> <span class='ocrx_word' id='word_1_297' title='bbox 1240 4243 1381 4309; x_wconf 87' lang='lat' dir='ltr'><strong>salubria</strong></span> <span class='ocrx_word' id='word_1_298' title='bbox 1405 4242 1618 4309; x_wconf 85' lang='lat' dir='ltr'><strong>effectualiter</strong></span> 
     </span>
     <span class='ocr_line' id='line_1_33' title="bbox 283 4349 1618 4435; baseline -0.003 -19"><span class='ocrx_word' id='word_1_299' title='bbox 283 4351 498 4434; x_wconf 89' lang='lat' dir='ltr'><strong>interponat.</strong></span> <span class='ocrx_word' id='word_1_300' title='bbox 524 4399 531 4416; x_wconf 93' lang='lat'><strong>.</strong></span> <span class='ocrx_word' id='word_1_301' title='bbox 558 4399 564 4414; x_wconf 94' lang='lat'><strong>.</strong></span> <span class='ocrx_word' id='word_1_302' title='bbox 611 4349 733 4416; x_wconf 88' lang='lat' dir='ltr'><strong>Rursus</strong></span> <span class='ocrx_word' id='word_1_303' title='bbox 756 4356 843 4415; x_wconf 88' lang='lat' dir='ltr'><strong>tuam</strong></span> <span class='ocrx_word' id='word_1_304' title='bbox 867 4349 1070 4435; x_wconf 92' lang='lat' dir='ltr'><strong>prudentiam</strong></span> <span class='ocrx_word' id='word_1_305' title='bbox 1106 4357 1231 4416; x_wconf 87' lang='lat' dir='ltr'><strong>cautam</strong></span> <span class='ocrx_word' id='word_1_306' title='bbox 1256 4349 1394 4416; x_wconf 88' lang='lat' dir='ltr'><strong>reddere</strong></span> <span class='ocrx_word' id='word_1_307' title='bbox 1416 4351 1561 4415; x_wconf 92' lang='lat' dir='ltr'><strong>volumus</strong></span> <span class='ocrx_word' id='word_1_308' title='bbox 1585 4356 1618 4413; x_wconf 91' lang='lat' dir='ltr'><strong>et</strong></span> 
     </span>
     <span class='ocr_line' id='line_1_34' title="bbox 283 4443 1617 4542; baseline -0.002 -19"><span class='ocrx_word' id='word_1_309' title='bbox 283 4464 449 4540; x_wconf 87' lang='lat' dir='ltr'><strong>attentam,</strong></span> <span class='ocrx_word' id='word_1_310' title='bbox 473 4463 519 4540; x_wconf 92' lang='lat' dir='ltr'><strong>ut,</strong></span> <span class='ocrx_word' id='word_1_311' title='bbox 543 4457 568 4524; x_wconf 92' lang='lat' dir='ltr'><strong>si</strong></span> <span class='ocrx_word' id='word_1_312' title='bbox 586 4477 664 4523; x_wconf 91' lang='lat' dir='ltr'><strong>casn</strong></span> <span class='ocrx_word' id='word_1_313' title='bbox 688 4443 795 4540; x_wconf 89' lang='lat' dir='ltr'><strong>aliquo</strong></span> <span class='ocrx_word' id='word_1_314' title='bbox 817 4459 1018 4541; x_wconf 84' lang='lat' dir='ltr'><strong>contingeret</strong></span> <span class='ocrx_word' id='word_1_315' title='bbox 1040 4477 1098 4542; x_wconf 91' lang='lat' dir='ltr'><strong>pro</strong></span> <span class='ocrx_word' id='word_1_316' title='bbox 1123 4457 1280 4524; x_wconf 86' lang='lat' dir='ltr'><strong>electione</strong></span> <span class='ocrx_word' id='word_1_317' title='bbox 1302 4460 1390 4542; x_wconf 81' lang='lat' dir='ltr'><strong>regis</strong></span> <span class='ocrx_word' id='word_1_318' title='bbox 1402 4457 1617 4524; x_wconf 86' lang='lat' dir='ltr'><strong>Romanorum</strong></span> 
     </span>
     <span class='ocr_line' id='line_1_35' title="bbox 284 4562 1617 4651; baseline -0.002 -21"><span class='ocrx_word' id='word_1_319' title='bbox 284 4567 316 4630; x_wconf 93' lang='lat' dir='ltr'><strong>in</strong></span> <span class='ocrx_word' id='word_1_320' title='bbox 339 4567 563 4651; x_wconf 87' lang='lat' dir='ltr'><strong>imperatorem</strong></span> <span class='ocrx_word' id='word_1_321' title='bbox 580 4564 788 4649; x_wconf 89' lang='lat' dir='ltr'><strong>promovendi</strong></span> <span class='ocrx_word' id='word_1_322' title='bbox 813 4572 845 4629; x_wconf 91' lang='lat' dir='ltr'><strong>te</strong></span> <span class='ocrx_word' id='word_1_323' title='bbox 868 4564 1080 4630; x_wconf 84' lang='lat' dir='ltr'><strong>coelectores</strong></span> <span class='ocrx_word' id='word_1_324' title='bbox 1103 4563 1184 4631; x_wconf 91' lang='lat' dir='ltr'><strong>alios</strong></span> <span class='ocrx_word' id='word_1_325' title='bbox 1207 4565 1365 4648; x_wconf 89' lang='lat' dir='ltr'><strong>laborare,</strong></span> <span class='ocrx_word' id='word_1_326' title='bbox 1389 4562 1475 4630; x_wconf 90' lang='lat' dir='ltr'><strong>sedis</strong></span> <span class='ocrx_word' id='word_1_327' title='bbox 1491 4569 1617 4650; x_wconf 88' lang='lat' dir='ltr'><strong>aposto·</strong></span> 
     </span>
     <span class='ocr_line' id='line_1_36' title="bbox 284 4669 1618 4757; baseline 0 -21"><span class='ocrx_word' id='word_1_328' title='bbox 284 4673 356 4756; x_wconf 92' lang='lat' dir='ltr'><strong>lice,</strong></span> <span class='ocrx_word' id='word_1_329' title='bbox 393 4691 454 4755; x_wconf 91' lang='lat' dir='ltr'><strong>que</strong></span> <span class='ocrx_word' id='word_1_330' title='bbox 490 4679 522 4737; x_wconf 91' lang='grc'><strong>11</strong></span> <span class='ocrx_word' id='word_1_331' title='bbox 557 4671 599 4736; x_wconf 90' lang='lat' dir='ltr'><strong>ad</strong></span> <span class='ocrx_word' id='word_1_332' title='bbox 623 4678 742 4736; x_wconf 91' lang='lat' dir='ltr'><strong>statum</strong></span> <span class='ocrx_word' id='word_1_333' title='bbox 765 4669 1007 4757; x_wconf 76' lang='lat' dir='ltr'><strong>pontificalelm]</strong></span> <span class='ocrx_word' id='word_1_334' title='bbox 1041 4673 1189 4756; x_wconf 86' lang='lat' dir='ltr'><strong>provexit</strong></span> <span class='ocrx_word' id='word_1_335' title='bbox 1202 4675 1247 4756; x_wconf 88' lang='lat' dir='ltr'><strong>(t),</strong></span> <span class='ocrx_word' id='word_1_336' title='bbox 1283 4673 1434 4737; x_wconf 91' lang='lat' dir='ltr'><strong>honorem</strong></span> <span class='ocrx_word' id='word_1_337' title='bbox 1470 4679 1503 4738; x_wconf 88' lang='lat' dir='ltr'><strong>et</strong></span> <span class='ocrx_word' id='word_1_338' title='bbox 1524 4672 1618 4737; x_wconf 90' lang='lat' dir='ltr'><strong>bene·</strong></span> 
     </span>
     <span class='ocr_line' id='line_1_37' title="bbox 284 4777 1618 4867; baseline -0.001 -22"><span class='ocrx_word' id='word_1_339' title='bbox 284 4781 436 4867; x_wconf 89' lang='lat' dir='ltr'><strong>placitum</strong></span> <span class='ocrx_word' id='word_1_340' title='bbox 462 4781 509 4847; x_wconf 90' lang='lat' dir='ltr'><strong>sic</strong></span> <span class='ocrx_word' id='word_1_341' title='bbox 532 4781 675 4866; x_wconf 89' lang='lat' dir='ltr'><strong>operosis</strong></span> <span class='ocrx_word' id='word_1_342' title='bbox 707 4780 822 4846; x_wconf 91' lang='lat' dir='ltr'><strong>studiis</strong></span> <span class='ocrx_word' id='word_1_343' title='bbox 845 4781 1018 4846; x_wconf 88' lang='lat' dir='ltr'><strong>observare</strong></span> <span class='ocrx_word' id='word_1_344' title='bbox 1050 4799 1213 4866; x_wconf 88' lang='lat' dir='ltr'><strong>procures,</strong></span> <span class='ocrx_word' id='word_1_345' title='bbox 1249 4779 1334 4863; x_wconf 91' lang='lat' dir='ltr'><strong>quod</strong></span> <span class='ocrx_word' id='word_1_346' title='bbox 1369 4777 1480 4846; x_wconf 91' lang='lat' dir='ltr'><strong>sedem</strong></span> <span class='ocrx_word' id='word_1_347' title='bbox 1514 4780 1618 4865; x_wconf 89' lang='lat' dir='ltr'><strong>ipsam</strong></span> 
     </span>
    </p>
   </div>
   <div class='ocr_carea' id='block_1_8' title="bbox 0 0 1837 5509">
    <p class='ocr_par' dir='ltr' id='par_1_9' title="bbox 0 0 1837 5509">
     <span class='ocr_line' id='line_1_38' title="bbox 0 0 1837 5509; baseline 0 0"><span class='ocrx_word' id='word_1_348' title='bbox 0 0 1837 5509; x_wconf 95' lang='lat' dir='ltr'><strong> </strong></span> 
     </span>
    </p>
   </div>
  </div>
 </body>
</html>
