3642 5509
314 447 367 508 468
770 451 839 506 1333
858 449 921 507 Juli
940 448 981 505 14.
996 483 1005 489 ·
1020 448 1141 522 August
1161 449 1205 506 12.

315 633 527 710 attendentes,
558 631 643 716 quod
668 633 842 698 christiane
866 632 1031 716 religionis
1053 631 1297 697 fundamentum
1320 637 1354 697 et
1377 630 1470 696 radix
1494 639 1543 696 est
1565 627 1645 696 fides

315 740 485 822 catholica,
511 761 605 824 quam
621 741 682 806 nisi
700 741 834 824 quisque
858 741 1015 823 integram
1040 737 1291 822 inviolatamque
1314 739 1502 820 servaverit,
1525 739 1647 820 absque

316 849 412 914 dubio
437 851 468 913 in
492 857 634 913 eternum
660 849 787 933 parabit,
819 847 1062 912 manifestamus
1091 853 1123 911 et
1146 855 1255 911 notum
1280 846 1427 928 facimus²
1451 845 1537 929 quod
1561 847 1647 909 sama

315 956 444 1040 publica
468 961 500 1020 et
529 955 685 1021 relatione
709 953 854 1020 veridica
883 962 916 1019 ct
943 955 1122 1019 certissima
1147 952 1313 1018 deferente
1337 953 1380 1018 ad
1403 960 1543 1018 nostram
1567 952 1648 1017 noti·

316 1063 393 1128 tiam
417 1069 466 1126 est
490 1060 674 1142 deductum,
699 1060 786 1143 quod
810 1060 956 1126 dominus
979 1060 1140 1125 Iohannes
1164 1082 1250 1146 papa
1274 1060 1373 1124 XXII
1396 1061 1429 1124 in
1453 1060 1520 1125 suis
1543 1058 1647 1144 predi·

316 1169 495 1236 cationibus
530 1167 728 1234 sermonibus
764 1176 861 1250 atque
896 1169 1024 1252 scriptis
1059 1187 1117 1252 per
1152 1169 1257 1252 ipsum
1287 1167 1449 1231 dominum
1474 1167 1648 1233 Iohannem

316 1276 443 1361 publice
467 1283 499 1340 et
528 1275 695 1340 manifeste
729 1274 824 1340 factis
857 1275 1070 1360 promulgatis
1102 1281 1135 1339 et
1167 1273 1342 1360 publicatis
1374 1274 1457 1338 dixit
1485 1273 1649 1359 professus

315 1391 364 1450 est
396 1383 507 1449 docuit
538 1391 571 1449 et
603 1382 785 1468 predicavit
817 1382 945 1468 publice
978 1390 1010 1447 et
1043 1381 1139 1446 docet
1172 1382 1287 1447 asserit
1320 1387 1353 1446 et
1382 1380 1531 1466 predicat
1553 1381 1648 1447 infra·

315 1493 453 1577 scriptos
481 1511 604 1557 errores
634 1490 721 1555 dicte
750 1488 824 1554 fidei
849 1489 1009 1555 catholice
1034 1495 1260 1575 repugnantes.
1300 1491 1356 1570 (Ia
1379 1497 1476 1554 teuta
1499 1491 1650 1574 aequanti

315 1600 437 1686 diffuse
468 1601 744 1664 demonstrantur
771 1599 961 1683 qaindecim
992 1599 1141 1663 eiusdem
1158 1619 1252 1683 pape
1282 1618 1423 1663 errores.
1463 1598 1597 1663 Deinde
1617 1598 1648 1683 s.

321 1710 379 1772 187
405 1705 612 1787 (CCXXIII)
631 1709 815 1793 pergitur.)

422 1815 555 1898 Insuper
579 1835 637 1880 nos
660 1813 872 1898 prenominati
898 1813 935 1878 B.
964 1811 1226 1898 archiepiscopus
1249 1819 1283 1876 et
1307 1811 1454 1878 canonici
1478 1811 1574 1876 dictis
1596 1831 1651 1876 no·

316 1923 453 1990 minibus
485 1922 669 2006 specialiter
701 1921 916 2004 attendentes,
950 1919 1036 2003 quod
1065 1918 1212 2005 prefatus
1245 1919 1392 1986 dominus
1416 1919 1576 1985 Iohannes
1608 1917 1650 1982 de

316 2027 405 2094 facto
430 2035 461 2092 et
486 2034 599 2094 contra
622 2029 691 2093 iura
715 2028 826 2094 divina
856 2035 888 2093 et
920 2034 1103 2092 sanctorum
1137 2033 1264 2111 patrum
1297 2026 1430 2093 decreta
1462 2033 1495 2092 et
1528 2032 1651 2092 statuta

317 2135 462 2202 contullit
486 2135 800 2221 archiepiscopatum
825 2134 911 2200 dicte
936 2133 1074 2200 ecclesie
1098 2134 1286 2217 Maguntine
1310 2134 1450 2199 Heanco
1474 2132 1515 2199 de
1540 2133 1651 2198 Viren·

316 2243 399 2327 burg
423 2242 582 2325 quondam
614 2243 776 2327 preposito
800 2241 952 2324 Bunensi‚
981 2242 1194 2324 annulique,
1224 2242 1278 2324 qui
1303 2248 1446 2325 tempore
1469 2240 1652 2307 collationis

317 2358 349 2416 et
372 2350 564 2436 provisionis
596 2348 777 2415 huiusmodi
812 2357 882 2415 erat
915 2350 1013 2414 variis
1047 2351 1180 2414 notoriis
1204 2356 1236 2413 et
1260 2349 1443 2414 enormibus
1467 2348 1651 2414 criminibus

317 2457 468 2538 irretitus,
493 2457 568 2539 quia
592 2456 744 2522 videlicet
767 2455 859 2540 plura
883 2455 1057 2521 homicidia
1074 2455 1254 2520 voluntaria
1278 2455 1452 2520 manifesta
1469 2475 1509 2520 ac
1525 2455 1652 2520 notoria

316 2570 558 2649 perpetraverat
575 2570 608 2629 et
623 2562 724 2628 multa
746 2563 886 2647 periuria
910 2583 949 2631 ac
972 2562 1144 2647 sacrilegia
1160 2583 1185 2628 s.
1203 2563 1437 2647 captivationes
1461 2562 1652 2627 clericorum

317 2678 350 2737 et
373 2669 522 2747 incendia
545 2690 584 2735 ac
608 2669 804 2738 etractiones
837 2670 1043 2736 eeclesiarum
1077 2675 1336 2736 consecratarum
1366 2679 1399 2734 et
1428 2669 1588 2735 adulteria
1617 2677 1652 2735 et

318 2779 421 2864 spolia
453 2778 580 2843 notoria
613 2779 782 2843 comiserat
811 2785 843 2842 et
867 2777 961 2861 plura
983 2777 1141 2843 beneficia
1165 2785 1279 2842 curata
1302 2776 1344 2841 de
1367 2776 1455 2842 facto
1480 2782 1513 2841 et
1536 2784 1651 2842 contra

318 2886 499 2952 sanctiones
527 2887 698 2951 canonicas
731 2884 908 2966 detinebat,
943 2891 1055 2949 contra
1087 2904 1182 2967 quam
1218 2883 1423 2950 collationem
1453 2884 1522 2948 sive
1546 2885 1652 2969 provi-

290 2994 438 3091 ·sionem
472 2991 591 3056 factam
622 2991 727 3056 eidem
758 2991 798 3056 de
823 2991 911 3056 dicto
935 2990 1215 3076 archiepiscopatu
1241 2991 1301 3057 fuit
1324 3011 1382 3076 pro
1406 2998 1499 3076 parte
1523 2991 1653 3056 canoni-

319 3120 427 3165 corum
445 3099 577 3183 capituli
595 3105 627 3164 et
647 3099 724 3164 cleri
742 3099 828 3164 dicte
844 3099 1099 3183 hlaguntinensis
1123 3100 1261 3165 ecclesie
1277 3099 1421 3183 legitime
1445 3104 1477 3164 et
1497 3100 1653 3164 canonice

318 3207 361 3272 ad
385 3205 493 3272 sedem
517 3194 726 3292 apostolicam
752 3207 960 3292 appellatum.
1008 3208 1050 3271 Et
1073 3209 1149 3291 quia
1172 3209 1242 3293 ipse
1266 3207 1413 3273 dominus
1430 3206 1589 3272 Iohannes
1609 3204 1653 3270 de
1764 3225 1768 3230 ’

319 3314 418 3398 facto,
443 3334 514 3378 cum
538 3313 579 3378 de
602 3317 671 3380 iure
695 3336 757 3380 non
781 3321 915 3399 posset·
932 3316 1034 3400 ipsam
1058 3314 1308 3401 appellationem
1333 3315 1474 3380 cassavit
1497 3322 1531 3379 et
1554 3313 1653 3379 certis

321 3420 411 3487 dedit
435 3422 660 3487 executoribus
690 3423 721 3486 in
747 3420 918 3504 mandatio,
948 3429 982 3487 ut
1013 3421 1134 3487 dictum
1159 3423 1332 3487 Henricum
1360 3422 1393 3486 in
1418 3422 1652 3506 possessionem

319 3527 406 3594 dicte
430 3528 682 3612 Magantinensis
716 3529 852 3594 ecclesie
885 3527 1074 3595 inducerent
1107 3537 1140 3594 et
1171 3529 1336 3594 inductum
1370 3527 1591 3594 deffenderunt
1618 3534 1654 3592 et

320 3635 572 3702 contradictores
601 3658 658 3721 per
685 3656 851 3702 censuram
882 3636 1134 3702 ecclesiasticam
1166 3645 1407 3724 compescerent
1431 3644 1463 3702 et
1491 3636 1652 3721 punirent,

320 3750 413 3829 prout
446 3743 505 3808 hec
538 3751 571 3809 et
603 3744 667 3810 alia
694 3745 786 3830 plura
814 3746 847 3808 in
880 3743 1083 3829 processibus
1115 3764 1211 3830 super
1238 3745 1289 3810 his
1312 3744 1407 3810 factu
1429 3745 1555 3830 plenius
1578 3764 1652 3809 con·

320 3852 456 3934 tinetur3
497 3859 529 3917 et
557 3852 773 3934 attendentes,
807 3851 891 3935 quod
922 3873 1007 3937 papa
1036 3872 1100 3916 non
1129 3860 1236 3937 potest
1258 3851 1378 3934 aliquid
1403 3851 1577 3919 decernere
1599 3852 1654 3917 vel

319 3958 428 4025 facere
451 3965 563 4024 contra
593 3961 643 4025 ius
667 3958 810 4025 divinum
834 3979 893 4024 nec
920 3968 1103 4042 commea,
1134 3979 1195 4043 que
1224 3967 1298 4027 sunt
1320 3981 1341 4025 a
1363 3962 1485 4025 sanctis
1507 3959 1655 4046 patribus

320 4067 349 4131 in
375 4065 438 4131 lide
463 4066 513 4130 vel
538 4067 678 4132 moribus
707 4067 891 4150 constituta,
923 4069 1005 4132 etsi
1030 4074 1142 4132 contra
1165 4066 1277 4150 iaciat,
1310 4086 1417 4132 errare
1441 4068 1652 4142 convincitur,

321 4180 355 4238 ut
378 4180 490 4257 aperte
514 4175 668 4260 probatur
693 4173 791 4237 XXII
816 4194 846 4256 q.
871 4173 892 4238 l.
918 4193 945 4238 c.
970 4181 1042 4238 suut
1072 4173 1201 4257 quidem
1229 4181 1263 4239 et
1286 4194 1314 4240 c.
1339 4181 1449 4240 contra
1473 4180 1595 4241 statuta
1618 4181 1655 4238 et

321 4301 348 4345 c.
366 4301 458 4345 omne
484 4289 515 4346 et
532 4302 559 4346 c.
580 4279 802 4364 satagendum,
828 4286 860 4344 et
884 4300 945 4345 non
970 4288 1170 4346 constructor
1193 4280 1251 4346 sed
1274 4301 1404 4348 eversor
1420 4288 1470 4348 est
1486 4279 1654 4362 dicendus,

320 4393 355 4451 ut
378 4388 410 4450 in
435 4408 462 4452 e.
488 4408 586 4454 causa
610 4409 640 4471 q.
665 4389 697 4453 II
721 4407 747 4452 c.
773 4387 799 4452 si
824 4407 863 4452 ea
887 4386 1095 4464 destruerem,
1120 4396 1152 4453 et
1176 4388 1263 4472 quod
1286 4410 1373 4475 papa
1394 4388 1494 4454 afide
1518 4387 1655 4455 dedans

407 4501 454 4560 cst
478 4515 498 4559 a
522 4496 644 4560 cunctis
677 4497 762 4560 veris
795 4494 962 4560 catholicis
989 4494 1208 4579 repudiandus
1236 4503 1269 4561 et
1293 4503 1343 4564 est
1367 4497 1408 4563 ab
1437 4497 1539 4582 ipsius
1567 4515 1655 4582 pape

322 4603 542 4667 communione
566 4607 599 4666 et
628 4601 810 4666 obedientie
846 4600 1061 4666 recedendum
1096 4603 1217 4685 statim,
1253 4623 1293 4668 ex
1329 4624 1391 4686 quo
1427 4603 1506 4669 talia
1542 4610 1655 4669 contra

321 4707 415 4774 fidem
441 4708 633 4775 catholIcam
658 4711 743 4792 cepit
768 4709 895 4794 publice
920 4708 1158 4794 predicare...

430 4815 534 4897 Quare
559 4835 599 4880 ex
624 4815 778 4902 predictis
802 4817 979 4881 rationibus
1003 4824 1034 4880 et
1060 4816 1166 4883 causis
1190 4824 1222 4882 et
1246 4819 1390 4900 qualibet
1413 4839 1521 4885 earum
1545 4837 1656 4904 perse
