3642 5509
793 384 862 439 1338
879 383 1057 454 September
1075 385 1101 440 3.

388 601 517 669 2346.
543 605 630 667 1338
653 603 847 688 September
869 605 902 667 3.
927 600 1093 689 Aoiqrrorr.

389 746 622 811 Excusationes
645 751 678 810 et
702 745 936 830 responsiones,
968 764 1048 829 quas
1072 744 1257 810 Ludovicus
1280 745 1494 810 Romanorum
1519 747 1615 830 impe·

281 860 369 919 rator
392 853 434 918 ad
458 853 609 918 lobannis
624 852 724 917 XXII
754 851 909 918 malitiam
934 859 967 918 et
990 853 1164 935 nequitiam
1188 853 1313 918 cunctis
1335 851 1489 918 fidelibus
1512 861 1616 918 osten-

281 958 420 1026 dandam
437 961 525 1043 fecit,
539 1009 546 1025 .
562 1009 591 1025 ..
612 961 710 1025 etiam
726 961 758 1025 irr
772 959 976 1026 confluentia
991 961 1123 1026 civitate
1140 959 1392 1045 archiepiscopis
1405 961 1615 1027 Trevereusis

281 1087 378 1152 super
398 1068 520 1132 Renum
544 1088 652 1133 coram
675 1066 876 1133 serenissimo
900 1069 1046 1153 principe
1070 1067 1199 1134 domino
1223 1066 1376 1133 Eduardo
1400 1087 1476 1153 rege
1500 1068 1617 1150 Anglie

281 1181 315 1240 et
329 1175 459 1240 infinita
475 1174 678 1241 multitudine
694 1175 839 1241 fidelium
856 1175 910 1240 die
922 1176 969 1241 111
981 1177 1171 1260 septembris
1187 1175 1325 1261 predicti
1339 1177 1414 1241 amri
1430 1175 1617 1242 solemniter

281 1283 410 1347 fuerunt
427 1282 604 1367 publicato,
624 1302 760 1366 quarum
783 1283 909 1348 initium
932 1283 998 1349 talc
1014 1289 1078 1348 est:
1094 1281 1280 1348 Ludovicus
1296 1283 1351 1347 IV.
1370 1281 1424 1349 dei
1438 1285 1545 1368 gratia
1563 1333 1570 1348 .
1585 1334 1616 1348 ..

282 1387 395 1455 Fidem
419 1389 621 1455 catholicam.
631 1391 655 1470 ¹)

442 1514 480 1568 H.
500 1513 652 1581 Ldmmcr,
672 1515 897 1570 Meletenatum
915 1515 1127 1570 Romanorum
1145 1512 1299 1570 Martiana
1314 1529 1368 1584 pp.
1386 1516 1434 1569 93.

388 1832 516 1899 2347.
542 1835 630 1899 1338
653 1833 847 1919 September
868 1835 901 1897 3.
926 1830 1090 1918 Aoiqaorr.

389 1975 585 2044 Benedictus
608 1979 674 2042 ΧΠ
704 1977 843 2042 Heurico
872 1975 1050 2042 Suderman
1083 1973 1125 2040 de
1149 1975 1321 2041 Tremonia
1353 1975 1460 2060 legum
1492 1975 1616 2040 doctori

282 2083 408 2150 confert
437 2085 515 2150 eccl.
539 2086 731 2152 Leodiensis
759 2085 993 2166 canonicatum,
1022 2081 1218 2168 prebendam
1250 2102 1326 2148 vero
1354 2103 1393 2148 ac
1425 2081 1618 2168 dignitatem

282 2191 333 2257 vel
357 2200 560 2277 personatum
584 2213 641 2259 sen
665 2193 811 2258 officium
827 2211 898 2256 cum
916 2211 993 2256 cura
1016 2190 1067 2257 vel
1084 2192 1152 2256 sine
1176 2209 1263 2274 cura,
1289 2191 1378 2258 cuius
1395 2189 1524 2274 quidem
1547 2191 1618 2274 dig·

281 2299 393 2364 nitatis
415 2319 472 2365 seu
495 2306 684 2386 personatus
707 2300 757 2365 vel
782 2298 886 2365 officii
910 2297 1043 2380 fructura,
1074 2299 1102 2364 si
1126 2317 1197 2362 cum
1222 2317 1309 2380 eura,
1333 2297 1559 2382 quadraginta,
1589 2297 1617 2363 si

284 2426 359 2472 vero
392 2407 460 2472 sine
499 2427 575 2472 cura
602 2408 716 2491 fuerit,
757 2405 874 2490 viginti
908 2404 1109 2472 marcharum
1146 2407 1270 2489 argenti
1308 2425 1333 2471 s.
1359 2412 1382 2471 t.
1407 2405 1439 2470 d.
1475 2404 1616 2472 valorem

282 2533 421 2579 annuum
445 2536 507 2579 uon
531 2513 701 2597 excedant,
725 2512 830 2580 eidem
854 2519 1009 2580 reservat.

389 2621 583 2687 Litterarum
607 2623 785 2705 scientiam,
809 2621 875 2688 vite
891 2619 1085 2688 mundiciam
1217 2621 1292 2687 Dat.
1307 2621 1401 2688 Avin.
1429 2623 1488 2686 lll
1516 2641 1617 2686 nonas

282 2729 472 2815 septembris
495 2750 525 2794 a.
549 2737 675 2813 quarto.

437 2870 510 2941 Req.
532 2871 589 2927 126
606 2887 654 2926 nr.
673 2873 737 2928 452.

389 3170 520 3237 ²848.
546 3173 641 3237 1338.
666 3172 860 3258 September
885 3175 936 3236 11.
959 3170 1123 3258 Aoipnoa.

390 3314 596 3398 [Benedictus
618 3315 696 3399 XII]
731 3315 983 3400 archiepiscopis
1007 3320 1039 3380 et
1063 3315 1223 3399 episcopis
1250 3321 1282 3378 et
1306 3314 1417 3380 electis
1445 3313 1619 3380 abbatibus

284 3430 344 3488 etc.
368 3442 493 3488 necnon
517 3421 652 3488 ducibus
675 3422 913 3488 marchionibus
941 3423 1109 3487 comitibus
1133 3431 1193 3490 etc,

389 3529 468 3595 Cum
489 3530 681 3596 venerabilis
705 3531 805 3594 frater
829 3536 936 3595 noster
948 3529 1130 3595 Walramus
1148 3527 1408 3613 archiepiscopus
1420 3526 1620 3594 Coloniensis

283 3637 418 3703 dilectos
446 3636 534 3704 filios
671 3638 706 3702 B.
735 3637 836 3702 Marie
866 3639 1027 3720 Aquensis
1055 3645 1171 3702 et
1202 3635 1400 3702 Sosaciensis
1429 3635 1620 3702 Leodieusis

283 3752 317 3810 et
339 3743 538 3810 Coloniensis
566 3737 650 3810 dioc.
681 3745 863 3830 prepositos
892 3750 1009 3811 et
1034 3743 1266 3811 thesaurarium
1290 3742 1490 3810 Coloniensis
1517 3742 1619 3809 eccle·

283 3853 400 3917 siarum
433 3872 473 3917 ac
505 3853 692 3937 magistrum
716 3851 899 3918 Gotfridum
933 3851 1109 3917 officialem
1136 3851 1355 3918 Coloniensem
1389 3859 1422 3916 et
1445 3851 1618 3916 Henricum

284 3958 325 4024 de
337 3959 508 4025 Tremonia
524 3961 655 4025 mititem
672 3959 779 4044 legum
795 3959 959 4025 doctorem
975 3959 1108 4026 nuncios
1124 3979 1198 4025 suos
1214 3958 1257 4023 ad
1273 3978 1330 4023 nos
1354 3965 1386 4023 et
1408 3956 1619 4042 apostolicam

283 4065 392 4132 sedem
424 4087 482 4151 pro
516 4066 705 4150 quibusdam
738 4068 804 4133 suis
837 4069 975 4151 negotiis
999 4065 1160 4132 destinare
1185 4072 1352 4152 proponat,
1385 4085 1443 4130 nos
1477 4064 1621 4131 volentes

284 4173 414 4239 eosdem
431 4175 563 4240 nuncios
579 4195 651 4239 curn
674 4175 886 4240 familiaribus
909 4174 1099 4257 equitaturis
1115 4181 1148 4239 et
1172 4174 1265 4240 rebus
1282 4192 1389 4238 eorurn
1414 4173 1445 4237 iu
1463 4168 1619 4237 veniendo

283 4279 326 4346 ad
355 4280 465 4348 sedern
495 4279 674 4365 predictam
698 4280 851 4347 morando
874 4280 993 4346 ibidem
1025 4287 1057 4346 et
1087 4279 1249 4346 redeundo
1279 4280 1320 4345 ab
1344 4299 1383 4344 ea
1407 4279 1504 4363 plena
1530 4297 1619 4343 secu-

282 4389 379 4454 ritate
403 4387 555 4472 gaudere,
580 4389 819 4454 universitatem
844 4397 983 4455 vestram
1009 4388 1196 4471 requirimus
1220 4394 1250 4451 et
1268 4386 1432 4452 hortamur
1541 4405 1618 4468 qua-

284 4495 368 4560 tinus
393 4543 400 4559 .
419 4545 427 4560 .
446 4545 453 4559 .
478 4494 607 4560 eosdem
623 4494 756 4560 nuncios
781 4516 850 4559 cum
868 4494 1080 4561 familiaribus
1096 4492 1285 4576 equitaturis
1301 4503 1334 4558 et
1350 4493 1445 4559 rebus
1465 4491 1620 4578 predictis

284 4600 499 4669 inveniendo
527 4601 569 4667 ad
599 4599 720 4666 dictam
748 4601 857 4667 sedern
887 4609 934 4666 et.
948 4598 1113 4667 redeundo
1143 4600 1184 4666 ab
1214 4620 1253 4665 ea
1280 4620 1338 4685 per
1361 4607 1465 4666 terras
1492 4604 1525 4664 et
1549 4599 1620 4663 loca

387 4799 414 4868 1)
440 4797 570 4854 Bbhmer
590 4796 702 4853 Fontes
723 4795 772 4853 IV.
796 4795 850 4852 592
868 4811 891 4850 s.
