3642 5509
305 439 359 497 410
859 440 930 496 1313
949 439 1009 496 Mai
1028 439 1071 496 28.

305 622 404 689 nobili
429 624 496 689 viro
513 622 643 688 Conone
668 620 709 687 de
734 621 962 707 Falkensteym
987 629 1020 688 et
1043 621 1084 687 de
1100 620 1317 705 Minzomherg
1341 625 1373 686 et
1396 619 1494 687 nobili
1510 621 1641 686 muliere

305 733 400 797 Mena
423 736 500 797 nata
523 730 639 796 nobilis
672 731 732 796 viri
758 730 856 796 [llrici
891 729 933 794 de
957 728 1165 795 Biclrenbaeh
1190 728 1378 813 Maguntine
1402 728 1551 812 diocesis,
1575 730 1639 812 qui,

304 838 381 904 licet
405 841 524 906 seirent
547 858 581 905 se
605 839 690 904 linea
714 837 879 924 parentele
908 838 1105 920 coniunctos,
1139 838 1373 902 matrimonium
1402 837 1540 902 invicem
1569 857 1641 902 con·

305 951 471 1013 traxerunt
493 954 525 1010 et
552 945 754 1031 postmodum
783 944 904 1010 carnali
928 945 1011 1009 inter
1035 964 1090 1011 eos
1114 945 1230 1030 copula
1246 945 1418 1010 subsecuta
1443 963 1640 1028 perannum

304 1056 497 1140 etamplius
531 1060 567 1118 ut
591 1055 743 1137 coniuges
775 1052 901 1116 insimul
926 1050 1162 1135 habitaverunt,
1197 1049 1398 1137 postmodum
1423 1070 1499 1116 vero
1523 1070 1641 1134 eogno-

304 1168 428 1246 verunt,
454 1161 537 1245 quod
563 1161 624 1246 ipsi
646 1160 741 1226 tertio
766 1166 798 1225 ct
822 1165 936 1242 quarto
961 1160 1249 1244 consanguinitatis
1265 1157 1420 1242 gradibus
1444 1177 1479 1223 se
1503 1157 1641 1223 invicem

305 1270 544 1354 contingebant,
570 1268 743 1354 dispenset,
773 1274 808 1333 ut
832 1267 1063 1353 impedimento
1087 1265 1233 1352 predicto
1257 1286 1320 1331 non
1345 1267 1493 1331 obstante
1517 1264 1641 1349 possint

303 1378 335 1442 in
359 1375 538 1443 huiusmodi
561 1375 763 1441 matrimonio
791 1376 878 1441 licite
912 1394 1086 1458 remanere,
1123 1374 1244 1459 prolem
1278 1378 1459 1458 susceptam
1484 1379 1516 1438 et
1540 1373 1639 1439 susei-

303 1485 453 1570 piendam
478 1505 518 1549 ex
542 1485 589 1548 eis
613 1483 787 1567 legitimam
812 1481 1025 1548 decernendo.

410 1590 504 1657 Sedis
528 1591 703 1676 apostoliae
728 1589 1009 1675 providentia...
1057 1589 1130 1655 Dat.
1153 1589 1245 1655 Avin.
1269 1589 1300 1656 X
1323 1588 1366 1653 kl.
1391 1589 1468 1654 iunii
1493 1609 1523 1654 a.
1549 1589 1639 1671 quin·

305 1699 473 1766 todecimo.

463 1807 537 1876 Jeep.
556 1806 595 1860 99
612 1806 636 1876 f.
655 1805 721 1860 3571
740 1820 787 1859 ar.
807 1807 887 1861 1888.

407 2005 534 2073 2044.
562 2007 648 2070 1331
676 2005 751 2070 Mat
774 2006 827 2069 28.
852 2001 1017 2090 Aoipaoa.

411 2148 571 2214 Iohannes
587 2148 687 2214 XXII
711 2146 850 2213 Henrico
880 2146 922 2212 de
956 2144 1174 2231 Styrpenereh
1205 2143 1462 2210 consideratione
1486 2144 1641 2210 Iohannis

303 2258 389 2340 regis
414 2256 544 2320 Boemie
568 2276 626 2340 pro
650 2275 689 2321 eo
714 2255 831 2320 clerieo
856 2260 889 2319 et
913 2251 1065 2318 familiari
1090 2272 1147 2318 suo
1171 2253 1383 2337 supplicantis
1407 2253 1531 2317 confert
1556 2251 1637 2317 eccl.

303 2363 336 2431 S.
362 2363 488 2428 Paulini
513 2369 604 2427 extra
635 2381 741 2428 muros
765 2362 896 2426 Trever.
923 2361 1157 2442 canonicatum,
1193 2358 1390 2444 prebendam
1425 2379 1500 2424 vero
1534 2358 1638 2423 eidem

303 2476 456 2550 reservat,
491 2490 554 2533 non
584 2470 733 2534 obstante
757 2467 842 2552 quod
868 2468 1101 2552 parrochialem
1126 2467 1296 2532 ecclesiam
1321 2467 1362 2533 de
1392 2467 1515 2532 Kerscn
1540 2465 1639 2551 Supe-

303 2577 378 2641 riori
391 2577 523 2642 Trever.
541 2575 624 2640 dioc.
643 2597 682 2641 ae
698 2576 730 2641 in
747 2576 826 2642 ecel.
845 2577 976 2641 Trever.
1002 2576 1224 2640 canonicatum
1249 2580 1282 2638 et
1304 2573 1500 2658 prebendam
1524 2575 1556 2637 in
1580 2573 1638 2638 lite

303 2683 436 2766 obtinet,
460 2685 583 2749 ratione
606 2684 696 2749 cuius
712 2682 921 2768 parrochialis
945 2681 1080 2748 ecclesie
1103 2681 1188 2746 infra
1213 2687 1358 2766 tempora
1381 2702 1401 2744 a
1424 2681 1492 2745 1111
1515 2686 1638 2746 statuta

302 2790 446 2874 neglexit
468 2810 503 2856 se
526 2792 636 2856 faeere
666 2789 708 2855 ad
731 2809 841 2856 sacros
865 2788 995 2855 ordines
1018 2787 1209 2874 promoveri.
1257 2789 1379 2853 Tamen
1413 2787 1532 2853 dietam
1565 2809 1637 2873 par-

304 2898 476 2963 rochialem
501 2898 670 2965 ecclesiam
695 2919 735 2963 ex
759 2917 842 2962 nuno
865 2897 997 2963 realiter
1021 2895 1171 2962 dimittat.

408 3005 584 3071 Probitatis
608 3012 640 3071 et
663 3007 813 3070 virtutum
838 3003 952 3070 merita
970 3053 976 3069 .
996 3054 1029 3069 ..
1066 3005 1141 3070 Dat.
1161 3003 1253 3068 Asin.
1273 3003 1299 3067 V
1318 3002 1361 3067 kl.
1386 3004 1464 3068 iunii
1490 3025 1518 3068 a.
1545 3003 1636 3086 quin-

302 3112 472 3178 todecimo.

409 3221 445 3285 ln
459 3241 486 3286 1.
500 3243 541 3285 m.
566 3221 598 3287 S.
624 3221 745 3286 Mathia
769 3225 990 3285 extramuros
1015 3220 1145 3284 Trever.
1171 3224 1203 3283 et
1227 3219 1264 3282 B.
1283 3219 1383 3283 llario
1407 3218 1448 3284 de
1468 3217 1637 3282 Lueeburo

302 3327 433 3394 Trever.
469 3327 552 3393 dioo.
588 3328 851 3393 monasteriorum
884 3325 1057 3392 abhatibus
1092 3346 1132 3390 ac
1155 3325 1325 3390 scolastico
1362 3326 1441 3391 ecel.
1466 3325 1634 3390 Tullensis.

464 3454 536 3523 Rep.
557 3454 610 3508 100
627 3468 675 3505 ar.
696 3451 740 3505 79.

408 3723 535 3787 2045.
562 3725 647 3787 1331
673 3725 746 3788 Mat
769 3726 822 3791 28.
858 3722 1023 3808 Avipaoa.

410 3864 568 3930 Iohannes
592 3866 689 3929 XXII
714 3866 848 3930 Iohanni
883 3871 959 3931 nato
994 3865 1144 3929 Iohannis
1177 3863 1219 3928 do
1249 3863 1340 3928 (luka
1365 3862 1528 3948 Superiori
1564 3883 1636 3928 con-

301 3972 496 4038 sideratione
520 3973 671 4040 Iohannis
705 3973 791 4056 regis
820 3974 950 4038 Boemie
985 3992 1042 4057 pro
1078 3992 1116 4037 eo
1152 3971 1363 4056 supplicantis
1398 3970 1522 4036 confert
1556 3971 1633 4034 eccl.

301 4080 334 4144 S.
360 4080 529 4164 Symeonis
553 4081 682 4146 Trever.
710 4082 942 4161 canonicatum,
967 4079 1164 4165 prehendam
1189 4099 1263 4144 vcro
1287 4085 1440 4145 reservat.

408 4187 459 4251 Ex
484 4193 536 4251 tue
560 4187 817 4253 devotionis...
867 4189 940 4252 Dat.
967 4187 1062 4251 Avin.
1089 4187 1114 4251 V
1140 4187 1183 4250 hl.
1220 4187 1298 4250 iunii
1332 4208 1360 4250 a.
1387 4185 1634 4268 quintodecimo

408 4295 445 4359 In
469 4315 496 4359 1.
522 4316 562 4359 m.
596 4293 823 4360 archidiacono
857 4293 1080 4360 Redonnensis
1115 4301 1147 4358 et
1182 4293 1381 4360 thesaurario
1413 4293 1561 4360 Dolensis
1596 4313 1637 4359 ac

301 4400 472 4468 scolastico
498 4400 658 4467 Tullensis
682 4401 759 4466 eccl.

460 4509 533 4576 Rep.
553 4508 608 4562 100
626 4523 673 4561 ar.
693 4509 740 4561 56.

410 4706 537 4771 20411.
563 4707 649 4770 1331
673 4708 760 4772 ,1111
786 4709 837 4770 16.
862 4705 1028 4792 Avipaoa.

408 4830 569 4898 Iohannes
595 4831 695 4898 XXII
729 4831 922 4899 Gotsehaleo
957 4830 997 4896 de
1030 4831 1180 4917 Kyrberg
1216 4831 1341 4897 confert
1376 4830 1454 4897 ecel.
1490 4830 1636 4898 Severini
