3642 5509
281 423 334 479 174
846 421 917 482 1328
935 422 997 482 Juli
1017 422 1061 480 22.

280 604 497 673 Embricensis
520 604 552 670 in
578 605 667 672 curia
692 604 839 672 Romana
867 605 977 690 litigat
999 612 1032 672 et
1054 605 1242 672 beneficium
1266 604 1518 672 ecclesiasticum
1543 624 1616 671 cum

280 731 357 778 cura
380 714 433 779 vel
460 714 529 779 sine
558 732 635 779 cura
664 712 708 778 ad
738 711 980 800 dispositionem
1004 713 1120 780 decani
1148 722 1182 780 et
1209 715 1342 801 capituli
1364 713 1501 783 ecclesie
1525 712 1619 780 Zeffi·

280 820 384 887 censis
408 820 519 887 Goion.
544 819 628 887 dioc.
654 821 849 888 auctoritate
872 821 1055 908 apostolica
1078 828 1240 908 expectat.

385 927 575 1012 ApostoIIce
598 927 686 994 sedis
709 929 945 1014 circumspecta
972 978 1033 995 ...
1077 931 1152 995 Dat.
1178 930 1273 996 Avin.
1291 929 1340 995 XI
1361 928 1406 994 kl.
1431 930 1561 1013 augusti
1584 949 1616 994 a

279 1033 481 1100 duodecimo.

386 1143 423 1207 ln
447 1161 474 1206 e.
500 1162 540 1206 m.
578 1141 701 1209 decano
730 1143 927 1211 xanctensis
956 1151 990 1210 et
1021 1144 1220 1211 thesaurario
1243 1145 1473 1211 Wisehelensis
1501 1143 1613 1209 Colon.

279 1245 362 1313 dioc.
388 1268 427 1314 ao
456 1249 611 1334 magistro
635 1250 772 1316 Nicolao
803 1249 844 1316 de
867 1252 1054 1317 Benevento
1083 1253 1239 1318 canonico
1263 1252 1491 1318 Beneventane
1515 1251 1616 1316 eccle

277 1355 407 1421 sinrum.

438 1470 511 1540 Reg.
530 1470 568 1524 87
585 1468 610 1540 f.
628 1470 687 1525 262
705 1486 753 1525 nr.
773 1471 857 1526 2692.

380 1685 505 1753 1526.
533 1689 620 1752 1328
643 1687 720 1753 Jala'
743 1691 799 1753 22.
828 1687 994 1776 Aoipoon.

380 1828 541 1896 Iohannes
571 1829 671 1895 XXII
706 1830 895 1898 Everbardo
927 1839 1004 1897 nato
1037 1831 1200 1898 Wilhelmi
1233 1832 1313 1899 dicti
1345 1832 1499 1900 Sohunde
1531 1834 1614 1902 civIs

276 1935 475 2002 coloniensis
499 1937 623 2002 confert
647 1938 726 2004 eccl.
751 1938 784 2004 S.
803 1938 904 2004 MarIe
929 1937 971 2005 ad
995 1937 1117 2024 gradus
1134 1939 1243 2006 Colou.
1269 1938 1352 2007 dioc.
1377 1942 1612 2026 canonicatum,

275 2042 471 2130 prebendam
496 2063 572 2110 vero
596 2043 701 2110 eidem
726 2051 880 2112 reservat.

382 2148 564 2216 Laudabile
587 2153 814 2236 testimonium,
840 2151 926 2236 quod
952 2202 960 2218 .
986 2203 994 2218 .
1018 2201 1026 2218 .
1074 2154 1150 2219 Dat.
1174 2153 1268 2220 Avin.
1286 2155 1336 2220 XI
1359 2154 1404 2221 lrl.
1428 2156 1558 2240 augusti
1581 2177 1612 2221 a

275 2255 479 2324 duodecimo.

380 2366 468 2432 Ine.
495 2386 537 2430 m.
573 2366 737 2451 preposito
760 2365 794 2431 S.
819 2367 967 2432 Severini
996 2374 1029 2433 et
1056 2366 1180 2434 decano
1213 2368 1247 2434 S.
1272 2369 1404 2453 Georgii
1433 2369 1544 2436 colon.
1572 2390 1613 2436 ac

274 2473 428 2556 magistro
445 2471 581 2540 Nicolao
606 2472 647 2538 de
665 2473 791 2540 Fractis
814 2475 971 2540 canonico
995 2475 1200 2541 Patracensis
1228 2475 1307 2541 eccl.
1331 2475 1511 2542 litterarum
1533 2498 1611 2563 apo·

274 2579 459 2646 stolioarnm
484 2580 666 2646 correctori.

436 2704 510 2774 Rep.
529 2705 567 2758 88
583 2703 607 2773 f.
627 2707 645 2759 1
662 2720 710 2761 nr.
729 2707 814 2761 3003.

380 2967 502 3035 1527.
532 2967 619 3033 1328
642 2969 719 3035 Jott
742 2973 796 3034 22.
832 2967 998 3057 Asopon.

378 3110 537 3177 Iohannes
560 3110 660 3176 XXII
693 3109 861 3178 Ludovioo
884 3111 1052 3197 Reynardi
1077 3110 1117 3178 de
1141 3111 1407 3180 Sancto-Andrea
1429 3114 1610 3200 presbitero

273 3219 454 3285 Coloniensi
488 3225 631 3284 reservat
666 3218 855 3284 beneficium
884 3219 1138 3286 ecclesiasticum
1162 3239 1233 3285 cum
1262 3240 1339 3286 eura
1361 3221 1413 3287 vel
1437 3220 1508 3287 sine
1531 3241 1611 3287 cura

272 3325 315 3393 ad
339 3325 582 3412 dispositionem
606 3325 761 3411 prepositi
784 3324 899 3390 decani
921 3332 954 3392 et
977 3326 1109 3410 capituli
1134 3326 1268 3392 ecclesIe
1289 3327 1323 3392 S.
1346 3328 1479 3394 Andree
1496 3327 1607 3395 Goion.

273 3434 483 3499 communiter
507 3432 557 3498 vel
590 3431 720 3497 divisim
753 3438 914 3518 spectans,
948 3434 1038 3498 cuins
1072 3432 1203 3516 fructus,
1236 3435 1262 3498 si
1295 3435 1365 3499 siue
1394 3454 1474 3500 cura
1500 3435 1608 3516 suerit,

273 3538 456 3623 quiadecim
485 3538 688 3604 marcharum
712 3541 886 3624 argentis.
911 3546 934 3604 t.
958 3539 990 3604 d.
1015 3540 1155 3605 valorem
1183 3561 1323 3606 annuum
1346 3561 1409 3606 non
1433 3541 1607 3607 excedant.

379 3646 503 3711 Meritis
532 3652 587 3712 tue
615 3647 785 3732 probitatis
813 3695 821 3712 .
851 3695 859 3712 .
889 3693 896 3709 .
956 3647 1031 3712 Dat.
1055 3646 1150 3713 Avin.
1175 3647 1224 3712 XI
1247 3646 1293 3712 kl.
1322 3647 1452 3732 augusti
1476 3670 1507 3715 a.
1531 3648 1608 3712 duo·

271 3752 407 3820 decimo.

433 3845 506 3915 neq.
524 3845 563 3899 ss
583 3843 609 3915 s.
630 3845 657 3897 1¹
675 3859 723 3899 nr.
741 3845 823 3900 soor.

376 4109 497 4179 1528.
523 4112 610 4179 1328
634 4109 710 4181 Jolr·
732 4112 784 4176 22.
814 4108 980 4196 Aoipnoa.

376 4255 536 4324 Iohannes
559 4256 659 4322 XXII
689 4255 721 4321 S.
748 4252 894 4322 Severini
919 4259 951 4318 et
975 4252 1009 4317 S.
1033 4249 1135 4317 Marie
1158 4246 1201 4316 ad
1224 4247 1344 4333 gradus
1368 4248 1542 4335 prepositis
1566 4271 1606 4316 ac

269 4359 393 4429 decano
428 4363 461 4430 S.
493 4362 625 4448 Georgii
660 4362 869 4429 eeclesiarum
905 4357 1141 4426 Coloniensium
1176 4354 1318 4438 mandat,
1354 4357 1505 4439 quatinus
1537 4357 1605 4423 Cri·

268 4469 383 4536 stiuam
418 4477 528 4537 natam
562 4469 712 4538 Gotfredi
746 4467 787 4535 de
826 4466 985 4535 Boilbeim
1020 4464 1131 4530 militis
1165 4463 1304 4549 puellam
1340 4462 1516 4529 litteratam
1552 4483 1606 4529 cu·

267 4578 407 4664 pientem
440 4579 473 4644 in
506 4579 702 4647 Monasterio
731 4577 766 4644 S.
790 4577 891 4643 Maris
921 4576 955 4640 iu
985 4570 1145 4659 Capitolio
1175 4570 1284 4637 Solon.
1314 4569 1383 4636 ord.
1416 4569 1451 4637 S.
1480 4570 1604 4637 Bened.

267 4686 467 4771 subregulari
509 4687 623 4754 habitu
663 4686 792 4753 domino
826 4680 977 4750 famulari
1022 4680 1146 4745 faciant
1186 4677 1287 4763 recipi
1323 4676 1356 4742 in
1391 4675 1506 4744 eodem
1541 4697 1605 4744 mo
1691 4694 1698 4710 ·

265 4793 407 4863 castorio
431 4793 464 4860 in
488 4797 691 4864 monacham.
