3642 5509
745 383 814 440 reas
833 382 1011 455 september
1029 383 1072 439 aa.
1529 385 1580 440 rso

351 566 466 634 1551.
503 567 589 632 1328
612 565 804 651 September
829 568 881 630 18.
914 563 1079 652 Aequor.

353 699 524 786 [Iohannes
546 698 656 783 XXII]
681 699 822 765 Henrieo
847 698 887 764 de
904 698 1108 782 Viruenburg
1131 697 1295 783 preposito
1320 698 1400 765 eccl.
1416 699 1578 766 Buunonsi

245 808 355 874 Oolon.
380 807 463 875 dioc.

351 914 513 982 Nobilitas
535 915 671 999 generis,
701 932 821 978 morum
852 911 951 979 decor
979 962 987 977 .
1017 963 1024 977 .
1054 961 1062 977 .
1109 911 1187 978 Cum
1212 912 1331 996 itaque,
1365 914 1447 979 siout
1470 914 1578 980 oblate

245 1022 336 1088 nobis
359 1029 413 1088 tue
437 1021 601 1107 petitionis
625 1021 724 1086 series
748 1020 944 1098 continebat,
969 1026 1004 1084 tu
1027 1039 1085 1104 pro
1109 1018 1297 1088 defensione
1321 1019 1495 1086 ethonore
1519 1021 1578 1087 Co·

245 1128 397 1195 loniensis
420 1135 453 1194 et
476 1129 609 1194 aliarum
634 1128 851 1202 ecclesiarum,
882 1127 915 1192 iu
939 1127 1054 1210 quibus
1077 1126 1236 1192 beneficia
1258 1127 1436 1210 obtinebas,
1466 1128 1499 1194 iu
1523 1129 1577 1194 ali·

244 1237 359 1318 quibus
383 1223 585 1302 conflictibus
608 1235 791 1300 interfuisse
823 1235 977 1316 noscaris,
1010 1236 1042 1299 in
1066 1233 1182 1317 quibus
1205 1234 1337 1299 volnera
1360 1241 1457 1317 atque
1481 1233 1578 1301 codes

245 1343 405 1408 hominum
438 1349 624 1428 perpetrata
657 1341 792 1424 luerunt,
826 1342 903 1406 licet
934 1341 966 1406 in
990 1340 1111 1406 eisdem
1136 1339 1339 1407 conflictibus
1362 1362 1418 1407 seu
1442 1340 1577 1409 cedibus

243 1450 363 1516 nullum
396 1449 596 1516 interfecisse
623 1457 656 1514 te
680 1468 805 1514 asseras
828 1467 885 1515 seu
909 1449 1006 1513 etiam
1031 1448 1205 1530 mutilasse,
1236 1449 1340 1513 acob
1365 1447 1426 1514 hoc
1449 1448 1578 1514 dubites

243 1556 489 1642 irregularitatis
513 1563 545 1622 ot
568 1555 780 1621 inhabilitatis
802 1555 946 1621 maculas
973 1554 1153 1637 incurrisse,
1187 1574 1245 1620 uos
1268 1603 1328 1620 ...
1353 1575 1478 1621 omnem
1502 1556 1576 1620 irre-

243 1663 449 1746 gularitatem
474 1671 506 1728 et
529 1662 776 1745 inhabilitatem,
809 1663 837 1728 si
867 1682 948 1746 quas
971 1663 1012 1728 ob
1036 1661 1191 1747 premissa
1215 1662 1265 1728 vel
1289 1661 1420 1746 aliquod
1444 1663 1575 1748 premis

243 1789 348 1836 sorum
380 1769 618 1854 quomodolibet
649 1770 850 1852 contraxisti,
869 1819 875 1834 .
895 1819 901 1834 .
922 1819 927 1833 .
946 1771 1073 1855 penitus
1097 1770 1337 1835 abolemus...
1386 1769 1461 1835 Dat.
1478 1770 1574 1835 Avia.

243 1877 305 1942 XV
328 1877 374 1942 kl.
399 1877 540 1944 octobris
562 1899 592 1944 a.
618 1875 850 1942 tertiodecimo.

400 2010 472 2080 Bep.
492 2010 529 2064 89
548 2009 573 2080 s.
593 2009 661 2064 3301
680 2024 728 2062 rar.
747 2009 812 2064 875.

349 2297 471 2368 1552.
498 2299 584 2364 1328
605 2297 799 2383 September
822 2299 876 2362 21.
901 2295 1065 2384 Aviqrsora

346 2441 507 2507 lohannes
529 2440 627 2506 XXII
652 2439 796 2505 Bedvino
821 2439 861 2505 de
886 2439 1020 2506 Colonia
1043 2440 1160 2506 clerico
1184 2440 1294 2506 Oolon.
1319 2440 1575 2506 consideratione

242 2550 394 2615 Iohannis
426 2549 512 2633 regis
537 2533 667 2615 Boemie
691 2567 749 2632 pro
772 2566 811 2612 eo
835 2545 953 2612 clerico
976 2567 1034 2613 suo
1062 2547 1274 2633 supplicantis
1305 2554 1449 2613 reservat
1481 2548 1574 2614 bene·

241 2655 348 2723 ficium
373 2656 628 2722 ecclesiasticum
653 2673 724 2720 cum
758 2672 836 2719 cura
865 2655 915 2719 vel
948 2655 1018 2720 sine
1041 2675 1129 2738 cura,
1162 2653 1204 2720 ad
1237 2654 1479 2740 dispositionem
1503 2674 1573 2740 pre·

241 2763 337 2848 positi
361 2769 395 2828 et
418 2762 551 2846 capituli
576 2761 712 2828 ecclesio
728 2762 888 2845 Aquensis
904 2759 1006 2830 Leod.
1031 2760 1115 2828 dioc.
1140 2763 1349 2828 communiter
1371 2762 1422 2829 rel
1446 2760 1573 2828 divisim

139 2887 147 2904 ·
241 2877 403 2955 spectans,
427 2869 517 2937 cuius
540 2868 674 2952 fructus,
708 2869 734 2934 si
760 2888 831 2934 oum
856 2888 942 2952 cura,
967 2870 1092 2952 viginti,
1122 2870 1149 2935 si
1173 2889 1249 2935 vero
1272 2871 1343 2936 siue
1366 2888 1443 2934 cura
1466 2868 1572 2952 fuerit,

241 2975 422 3060 quindecim
447 2975 648 3042 marcharum
673 2977 800 3058 argenti
822 2995 848 3041 s.
866 2982 889 3040 t.
906 2974 937 3039 d.
956 2976 1097 3041 valorem
1121 2996 1260 3042 annuum
1283 2996 1346 3041 non
1369 2975 1538 3042 excedant.

347 3077 568 3163 suffragantia
592 3078 650 3144 tihi
674 3078 789 3144 merita
814 3127 821 3143 .
846 3127 852 3142 .
878 3128 882 3142 .
932 3077 1007 3143 Dat.
1034 3077 1127 3143 huin.
1152 3079 1202 3144 XI
1225 3078 1269 3144 kl.
1294 3079 1435 3144 octobris
1457 3099 1487 3144 a.
1507 3085 1573 3144 ter·

240 3185 422 3253 tiodecimo.

344 3295 381 3360 ln
406 3314 434 3360 e.
461 3315 502 3359 m.
537 3293 571 3360 S.
600 3293 745 3360 Severini
769 3300 802 3359 et
825 3291 857 3360 S.
888 3293 1021 3379 Georgii
1045 3293 1157 3360 (tolon.
1190 3293 1323 3360 decanis
1350 3314 1389 3360 ac
1416 3294 1571 3380 magistro

240 3401 407 3469 Ambrosio
430 3399 472 3466 de
495 3399 691 3486 Lamayrola
714 3402 869 3467 canonico
893 3399 1064 3502 Mediolon.
1089 3400 1307 3468 eeclesiarum.

399 3527 470 3598 Req.
491 3527 528 3581 91
545 3525 570 3596 f.
589 3530 625 3580 41
646 3541 695 3580 rar.
715 3525 800 3581 2103.

345 3757 465 3825 1558.
493 3760 579 3825 1328
602 3757 742 3825 October
765 3759 797 3823 6.
816 3755 982 3844 Aoipooo.

345 3900 504 3967 lohannes
528 3900 626 3966 XXII
659 3899 809 3986 Phihppo
842 3902 911 3984 regi
935 3899 1072 3966 haucie
1100 3903 1240 3982 nunciat,
1273 3900 1359 3983 quod
1383 3901 1570 3985 Magantine

237 4004 374 4074 ecclesie
397 4006 439 4074 de
463 4014 553 4074 certa
575 4027 712 4092 persona
735 4006 885 4092 providit,
911 4014 1083 4090 antequam
1108 4007 1330 4093 pervenissent
1345 4006 1387 4074 ad
1405 4028 1440 4074 se
1464 4009 1571 4075 littore

236 4115 325 4198 regie
360 4114 519 4182 facientes
552 4116 743 4181 mentionem
774 4113 815 4179 de
839 4113 984 4180 eiusdem
1008 4114 1086 4180 cccl.
1115 4116 1307 4201 provisione.
1352 4114 1469 4197 Quare,
1493 4117 1569 4198 quia

237 4222 375 4288 intendit
397 4242 564 4307 operosam
589 4221 744 4288 adhihere
767 4221 980 4306 diligentiam,
1005 4221 1090 4306 quod
1115 4222 1262 4307 predicta
1281 4243 1418 4308 persona
1434 4221 1569 4288 Iohanni

236 4328 306 4412 regi
332 4329 461 4395 Boemie
483 4339 578 4413 grata
606 4337 639 4395 ct
662 4329 781 4395 devota
810 4327 974 4412 reddatur,
1007 4328 1127 4395 habeat
1149 4350 1206 4395 rex
1230 4350 1347 4415 papam
1371 4337 1568 4410 excusatum,

235 4436 264 4501 si
287 4437 386 4520 regiis
409 4436 558 4522 precibus
581 4455 678 4521 super
700 4435 762 4504 hiis
785 4456 847 4501 uon
872 4437 959 4502 valet
983 4455 1134 4503 annuere.

343 4543 473 4610 Dudum
498 4545 531 4608 in
555 4541 845 4610 considerationem
870 4540 1087 4612 deducto...
1123 4545 1199 4610 Dat.
1224 4544 1319 4611 Aviu.
1336 4546 1368 4611 ll
1394 4564 1495 4613 nonas
1518 4567 1568 4613 oc·

236 4650 338 4716 tohris
360 4673 390 4717 a
415 4649 647 4717 tertiodecimo.

397 4775 469 4846 Rep.
489 4777 543 4830 115
557 4790 608 4846 pr.
627 4774 646 4828 Ι
659 4775 684 4846 f.
705 4775 758 4830 116
776 4789 824 4830 or.
843 4775 919 4842 65&
937 4775 989 4830 Re.
1003 4775 1086 4831 1087.
