3642 5509
803 421 871 476 1337
889 420 953 477 Juli
971 419 1014 476 20.
1506 415 1557 470 521

230 601 356 667 comitis
380 602 568 668 Iuliacensis
599 603 785 668 nunciorum
818 609 955 684 tuorum,
990 620 1070 684 quos
1094 599 1213 665 dudum
1249 597 1291 664 ad
1326 604 1467 663 nostram
1490 617 1561 683 pre·

230 709 364 775 seutiam
396 708 574 793 destinasti,
606 709 740 796 potuisti
764 710 917 794 colligere
941 717 973 774 et
997 716 1029 774 11
1053 707 1213 772 credimus
1236 707 1405 791 collegisse
1428 725 1507 791 pure
1530 712 1563 770 11

228 816 352 882 1111111
376 815 557 884 dilectionis
582 817 743 900 affectum,
768 837 860 901 quem
878 817 1069 901 gerebamus
1093 823 1126 880 et
1149 815 1290 900 gerimus
1313 812 1354 878 ad
1378 813 1562 880 reconcilia·

230 922 348 989 tionem
366 931 453 989 tuam
469 923 511 990 ad
528 924 683 1009 gremium
700 931 812 991 sancte
828 924 939 990 matris
955 923 1103 1005 ecclesie,
1127 922 1180 987 ubi
1205 928 1240 987 tu
1260 921 1402 986 eiusdem
1426 920 1562 988 ecclesie

229 1030 440 1115 beneplacitis
465 1039 496 1098 11
520 1031 695 1098 efficaciter
718 1038 897 1116 coaptares.
933 1030 986 1096 Ad
1010 1050 1142 1114 quorum
1167 1029 1353 1095 nunciorum
1375 1029 1561 1094 instantiam

229 1157 292 1203 nou
308 1139 429 1222 absque
446 1139 652 1225 displicentia
668 1143 786 1222 nostra,
812 1159 883 1205 curn
908 1139 1000 1205 nobis
1015 1158 1112 1224 super
1134 1136 1396 1203 reconciliatione
1415 1134 1563 1220 predicta

230 1245 315 1330 cepti
338 1248 461 1330 negotii
477 1247 693 1333 interpellatio
707 1249 741 1328 (l)
759 1245 945 1334 displiceret
968 1254 1001 1312 et
1023 1247 1126 1332 ipsius
1142 1245 1338 1312 continuatio
1355 1251 1451 1329 grata
1466 1252 1561 1328 esset,

230 1359 322 1439 prout
343 1353 402 1418 tibi
425 1354 545 1420 referre
568 1353 647 1420 dicti
670 1355 779 1420 nuncii
808 1353 997 1438 debuerunt,
1029 1353 1194 1437 usquead
1218 1352 1381 1438 proximas
1404 1350 1562 1418 kalendas

230 1459 326 1525 iuturi
351 1462 469 1528 mensis
492 1462 631 1528 octobris
656 1481 713 1546 pro
737 1460 927 1528 resumenda
950 1463 1175 1548 prosecutione
1198 1461 1468 1527 reconciliationis
1491 1480 1562 1545 pre·

228 1567 296 1634 iate
320 1569 487 1634 terminum
512 1567 660 1635 duximus
683 1568 932 1654 prorogandum,
956 1575 1123 1654 sperantes
1148 1568 1234 1652 quod
1261 1575 1296 1633 tu
1321 1568 1362 1634 de
1385 1567 1562 1634 intentione

229 1682 338 1741 nostra
361 1677 488 1742 sincera
511 1684 543 1741 et
566 1683 672 1742 mente
688 1675 848 1758 benivola,
873 1696 968 1760 quam
992 1678 1131 1760 gerimus
1154 1675 1196 1741 ad
1212 1677 1317 1741 anime
1341 1682 1395 1741 tne
1415 1675 1561 1758 salutem,

229 1781 402 1848 eorundem
418 1783 605 1850 nunciorum
621 1783 775 1849 relatibus
790 1783 991 1864 informatus,
1016 1784 1042 1849 si
1066 1784 1131 1864 illa,
1156 1803 1218 1866 que
1235 1803 1341 1848 coram
1362 1783 1453 1850 nobis
1468 1790 1562 1867 gesta

230 1890 367 1972 fuerunt,
392 1891 487 1975 plene
510 1898 544 1957 et
559 1891 728 1972 veraciter,
752 1899 787 1956 111
804 1892 1005 1973 extimemus,
1029 1891 1088 1956 tibi
1105 1890 1254 1956 duxerint
1274 1889 1444 1957 referenda
1466 1911 1562 1977 super

228 1999 492 2065 reconciliatione
515 1999 675 2084 predicta,
700 1998 892 2084 procederes
916 1997 1082 2082 usquead
1107 1998 1232 2083 plenam
1257 1999 1560 2065 consummationem

229 2105 330 2190 ipsius
353 2125 412 2172 uec
437 2105 509 2172 aliis
532 2105 658 2172 iuterim
685 2113 716 2172 te
739 2105 936 2172 notabilibus
960 2113 993 2171 et
1010 2105 1274 2191 preiudicialibus
1296 2106 1436 2189 negotiis
1458 2105 1561 2191 impli-

230 2233 329 2297 cares,
362 2234 423 2297 que
446 2234 505 2280 uos
528 2213 639 2280 fideles
671 2235 710 2280 ac
734 2212 869 2281 devotos
893 2213 1030 2279 ecclesie
1062 2214 1176 2279 merito
1201 2213 1436 2279 conturbarent.
1483 2214 1560 2290 Sed,

228 2321 312 2387 sicut
334 2342 398 2386 non
430 2322 499 2387 siue
523 2320 735 2387 admiratione
768 2329 801 2387 et
824 2342 943 2406 magna
965 2321 1206 2406 perturbatione
1239 2321 1346 2389 cordis
1369 2320 1560 2403 audivimus,

229 2435 263 2494 tu
287 2429 427 2495 offensas
450 2430 620 2514 preteritas
643 2435 795 2514 satagens
819 2429 922 2515 culpis
945 2429 1128 2496 recentibus
1152 2449 1317 2511 renovare,
1341 2427 1384 2494 ad
1407 2427 1561 2494 invaden-

229 2535 303 2601 dum
328 2544 431 2601 terras
454 2542 487 2601 et
511 2555 642 2619 regnum
661 2585 668 2601 .
687 2585 720 2602 ..
756 2536 898 2622 Philippi
922 2537 1007 2620 regis
1031 2536 1169 2601 Francis
1192 2535 1324 2602 illustris
1349 2586 1356 2600 .
1381 2583 1390 2602 .
1416 2585 1424 2600 .
1449 2541 1561 2602 contra

228 2642 396 2727 pactiones
419 2642 645 2728 promissiones
669 2651 701 2709 et
724 2643 938 2728 obligationes
961 2663 1019 2729 per
1041 2642 1162 2709 dictum
1183 2644 1331 2709 comitem
1355 2643 1483 2709 nomine
1506 2650 1560 2709 tuo

228 2748 334 2815 lactas
357 2757 390 2815 et
412 2749 550 2835 habitas,
575 2757 687 2817 contra
703 2753 798 2816 etiam
821 2753 1002 2818 iuramenta
1025 2771 1084 2837 per
1103 2770 1174 2817 eum
1198 2753 1325 2817 nomine
1347 2756 1403 2817 tuo
1426 2753 1561 2837 prestita

228 2876 324 2942 super
347 2858 394 2924 111
410 2865 443 2924 11
457 2877 515 2943 per
532 2865 603 2924 tuas
627 2866 774 2945 patentes
798 2860 923 2924 litteras
946 2859 1127 2944 approbata
1149 2859 1281 2926 veniens
1304 2865 1342 2928 te¹
1359 2857 1504 2945 disponis
1527 2866 1561 2925 et

227 2983 383 3049 preparas
407 2970 440 3031 11
463 2964 596 3032 bellicos
619 2985 819 3050 congregare
842 2965 960 3033 diceris
983 2970 1235 3051 apparatus...
1272 2966 1348 3031 Dat.
1366 2965 1460 3032 Ariu.
1477 2966 1560 3033 XIII

228 3069 272 3138 kl.
297 3073 426 3154 augusti
450 3093 479 3141 a.
505 3074 611 3139 tertio.

389 3197 460 3266 Reg.
475 3197 531 3250 132
547 3196 623 3266 f.52
641 3213 688 3250 nr.
704 3197 766 3252 190.
785 3193 946 3266 Rapualdi
958 3196 1069 3251 darual.
1090 3195 1157 3252 eccl.
1177 3198 1253 3251 1337
1271 3198 1434 3261 153114.
1474 3197 1560 3268 Cous.

388 3287 439 3340 Ra.
459 3287 543 3341 1887.

334 3572 454 3638 2291.
486 3573 748 3640 1331111120.
776 3571 942 3661 Avipaoa.

332 3714 538 3781 Benedictus
562 3717 638 3780 XII
668 3717 888 3783 Goillelmam
915 3719 1067 3784 comitem
1083 3720 1306 3786 Iulioeeaeem
1335 3728 1443 3807 rogat,
1478 3743 1559 3807 qua·

227 3824 318 3887 linos
341 3822 548 3888 Lodooicam
572 3823 612 3889 de
635 3824 789 3890 Bovario
814 3825 965 3909 inducat,
989 3834 1027 3891 at
1051 3827 1156 3892 1111111
1179 3849 1214 3893 11
1237 3828 1385 3895 involvat
1409 3830 1559 3915 negotiis,

226 3951 287 4014 poe
312 3951 386 3995 eam
413 3930 585 4016 implicent
609 3951 710 4015 queue
732 3933 868 3997 1111111111
891 3935 1059 4019 negotium
1092 3935 1375 4002 reconciliationis
1398 3937 1561 4003 Ludooiei

226 4058 300 4103 com
318 4058 416 4123 popa
439 4039 613 4124 impedire.

332 4144 539 4228 [Benedictus
563 4144 639 4230 XIl]
665 4195 671 4210 .
699 4195 706 4212 .
732 4195 739 4212 .
765 4147 936 4214 Guillelmo
961 4150 1070 4215 comiti
1093 4150 1275 4217 Iuliacensi.

332 4251 383 4316 Ex
407 4253 551 4337 pluribus
567 4250 687 4319 dudum
711 4260 757 4337 111,
781 4255 834 4337 qui
858 4274 923 4320 una
944 4275 1014 4320 cum
1034 4304 1041 4319 .
1059 4306 1067 4321 .
1086 4306 1120 4322 ..
1154 4257 1298 4345 lioperto
1322 4257 1405 4326 duce
1421 4260 1559 4327 Bavarie

226 4378 284 4442 pro
308 4360 447 4443 negotiis
466 4358 626 4442 magnifici
653 4359 713 4426 viri
730 4360 889 4426 Ludovici
913 4361 955 4429 de
971 4363 1112 4429 Bavaria
1128 4365 1338 4450 personaliter
1360 4364 1404 4432 ad
1419 4372 1558 4432 nostram

226 4467 419 4549 presentiam
445 4467 621 4548 accessisti,
654 4469 786 4554 potuisti
812 4468 964 4553 colligere
994 4479 1026 4534 et
1050 4477 1083 4536 tc
1107 4471 1266 4538 credimus
1289 4473 1458 4558 collegisse
1481 4494 1560 4560 pure

225 4579 257 4638 et
280 4571 404 4637 sincere
428 4572 611 4639 dilectionis
634 4574 796 4658 affectum,
830 4595 924 4659 quem
949 4578 1140 4661 gerebamus
1163 4587 1196 4644 et
1219 4581 1360 4664 gerimus
1383 4580 1426 4646 ad
1450 4601 1559 4647 recou-

225 4679 419 4746 ciliationem
443 4680 543 4766 ipsius
568 4731 601 4746 ..
626 4731 633 4747 .
658 4702 715 4769 pro
740 4685 830 4749 cuius
856 4685 938 4751 bono
963 4685 1006 4750 ad
1029 4693 1117 4751 tuam
1141 4685 1284 4770 dictique
1307 4687 1441 4774 Roperti
1465 4687 1558 4754 ducIs

225 4789 421 4870 instantiam,
439 4788 522 4854 sicut
545 4790 641 4874 nosti,
664 4811 727 4858 uon
751 4791 872 4874 absque
894 4791 1100 4878 displicentia
1123 4801 1239 4872 nostra,
1264 4815 1334 4861 cum
1359 4796 1451 4862 uobIs
1473 4797 1559 4882 cepti
