3642 5509
738 455 807 512 1337
827 454 1006 526 September
1023 453 1049 510 b.
1502 453 1556 510 tat

217 636 365 704 iectionis
381 636 491 704 debite
508 642 615 722 spreto
632 636 719 721 iugo,
742 635 775 702 iu
793 634 985 702 adiutorium
1010 641 1043 701 et
1063 635 1226 719 sequelam
1242 634 1380 720 predicti
1396 634 1556 701 Ludovici

217 744 260 809 ad
284 745 438 830 premissa
471 743 689 830 perpetranda
722 763 757 810 se
791 743 971 825 conferunt,
1006 763 1081 828 ymo
1110 743 1247 809 offerunt
1279 743 1320 809 ab
1354 763 1393 808 eo
1426 742 1556 808 minime

217 853 371 934 requisiti.
419 851 701 937 impresentiarum
725 850 823 916 etiam
847 851 880 916 in
904 851 1050 935 partibus
1074 849 1210 916 ducatus
1235 849 1371 935 contigit
1387 850 1556 916 Westfalie

218 957 259 1024 ad
278 959 501 1026 Coloniensem
526 958 695 1024 eeclesiam
712 957 912 1043 pertinentis,
938 957 1024 1040 quod
1040 956 1183 1023 nonnulli
1206 957 1330 1023 nobiles
1354 977 1393 1022 ac
1409 963 1557 1042 potentes

218 1086 258 1131 ac
282 1066 335 1130 alii
361 1066 491 1132 vassalli
527 1072 561 1131 et
594 1065 716 1132 subditi
741 1065 941 1132 Coloniensis
964 1065 1101 1131 ecclesie
1136 1086 1177 1130 ex
1210 1065 1332 1131 eisdem
1360 1066 1558 1133 novitatibus

218 1179 380 1239 sumentes
404 1173 575 1240 audaciam
600 1173 698 1238 michi
723 1182 755 1239 et
779 1193 850 1239 mee
871 1174 1008 1239 ecclesie
1031 1173 1129 1238 factis
1151 1172 1235 1238 inter
1258 1193 1292 1238 se
1317 1175 1558 1259 conspirationi·

219 1281 278 1346 bus
302 1300 337 1346 sc
360 1287 526 1365 opponunt
549 1279 631 1345 adeo
655 1281 866 1365 pertinaciter
890 1287 923 1345 et
946 1286 1104 1364 potenter,
1130 1279 1226 1363 quod,
1255 1279 1383 1362 quando
1407 1300 1478 1364 ego,
1503 1283 1558 1364 qui

219 1387 283 1452 iam
307 1388 340 1452 in
363 1387 529 1473 prosinctu
543 1389 576 1468 (l)
602 1389 795 1454 constitutus
818 1389 878 1453 iter
901 1387 944 1453 ad
968 1386 1097 1453 easdem
1121 1387 1284 1473 arripendi
1308 1394 1418 1473 partes
1442 1390 1558 1472 existo,

219 1515 314 1560 manu
348 1495 457 1561 valida
492 1503 526 1562 et
559 1497 697 1582 stipatus
729 1495 936 1561 multitudine
969 1501 1160 1560 armatorum
1196 1493 1316 1560 ibidem
1351 1495 1436 1562 omui
1469 1516 1559 1562 mora

220 1604 401 1687 postposita
424 1602 638 1688 personaliter
662 1601 748 1688 [uon]
774 1622 990 1688 compaream,
1023 1602 1162 1667 ecclesia
1186 1601 1385 1669 coloniensis
1418 1603 1559 1668 incurret

220 1709 289 1775 sine
313 1709 411 1774 dubio
440 1710 649 1795 irreparabile
683 1711 716 1774 in
751 1709 816 1774 illis
850 1710 997 1794 partibus
1030 1708 1266 1775 detrimentum.
1312 1709 1363 1775 Er
1397 1710 1560 1794 premissis

219 1817 331 1900 itaque
367 1825 399 1883 et
432 1817 505 1882 aliis
540 1817 692 1903 periculis
727 1816 836 1882 multis
859 1825 892 1882 et
915 1817 1074 1900 maximis,
1111 1837 1173 1900 que
1196 1837 1326 1882 narrare
1349 1836 1409 1902 per
1431 1817 1560 1902 singula

221 1923 351 2008 longum
383 1931 477 1999 esset,
515 1945 674 2008 ...ego
699 1923 853 2008 colligens
886 1931 920 1990 et
953 1923 1135 2006 attendens,
1171 1923 1256 2007 quod
1282 1972 1289 1985 .
1315 1974 1323 1989 .
1349 1974 1356 1989 .
1381 1924 1408 1989 si
1441 1925 1473 1989 iu
1497 1924 1560 1990 hac

221 2037 413 2116 tempestate
437 2032 479 2098 ab
501 2032 573 2116 ipsa
607 2051 681 2097 mea
714 2051 765 2096 me
788 2031 927 2097 ecclesia
960 2032 1068 2114 aliquo
1101 2030 1228 2097 modico
1263 2032 1416 2117 temporis
1447 2033 1559 2118 spacio

221 2139 435 2222 absentarem,
458 2138 576 2205 nedum
592 2138 740 2224 predicte
756 2159 837 2222 mee,
860 2159 936 2223 ymo
960 2146 993 2204 et
1009 2139 1143 2204 aliarum
1160 2138 1230 2205 sedi
1254 2145 1366 2206 sancte
1382 2139 1561 2223 apostolice

222 2253 357 2311 actenus
377 2245 567 2312 devotarum
591 2247 624 2310 in
639 2245 809 2311 Alemania
826 2247 1069 2313 constitutarum
1087 2246 1294 2312 ecelesiarum
1312 2295 1320 2310 .
1339 2295 1346 2310 .
1364 2293 1371 2308 .
1389 2245 1430 2311 ad
1447 2265 1561 2312 manus

223 2351 363 2418 hostium
386 2352 473 2419 sedis
497 2353 675 2439 apostolice
695 2351 899 2419 devenire..
920 2361 977 2419 .et
999 2353 1209 2439 probabiliter
1232 2372 1427 2439 presumens,
1453 2359 1560 2420 vestre

222 2461 433 2528 beatitudinis
450 2461 653 2528 clementiam
672 2462 732 2527 hiis
748 2463 891 2546 attentis,
916 2462 1002 2545 quod
1026 2483 1084 2547 pro
1100 2482 1185 2528 nunc
1201 2461 1243 2526 ad
1259 2468 1366 2527 vestre
1381 2459 1562 2526 vocationis

221 2568 407 2634 mandatum
431 2569 474 2634 ad
498 2577 604 2635 vestre
627 2571 808 2636 sanctitatis
830 2571 1026 2654 presentiam
1051 2590 1114 2634 non
1138 2569 1228 2654 potui
1256 2589 1308 2634 me
1332 2567 1506 2635 transferre
1529 2573 1562 2633 et

222 2674 308 2758 quod
324 2676 387 2740 mei
403 2674 602 2762 infrascripti
618 2677 727 2742 nuncii
743 2676 865 2761 prolixo
889 2675 1025 2741 termino
1042 2674 1177 2740 comode
1193 2676 1303 2741 venire
1323 2696 1388 2740 non
1411 2683 1560 2760 poterant

223 2802 264 2848 ex
288 2783 394 2848 causis
418 2782 623 2866 supradietis,
657 2781 775 2849 debere
805 2790 837 2848 et
860 2783 944 2849 velle
977 2802 1029 2848 me
1052 2782 1173 2848 habere
1195 2779 1446 2848 misericorditer
1468 2801 1561 2848 exeu-

223 2895 338 2970 satum,
375 2891 540 2956 accersitis
574 2889 615 2954 ad
641 2911 691 2954 me
715 2889 843 2955 dilectis
873 2891 953 2956 meis
977 2889 1187 2955 familiaribus
1220 2896 1253 2954 ct
1276 2888 1458 2954 secretariis
1481 2887 1561 2954 meis

223 3015 263 3061 ac
295 2995 449 3060 Heinrico
483 2995 611 3081 publico
648 2995 773 3063 notario
809 2995 1031 3080 infrascriptis,
1070 2996 1104 3060 in
1143 3015 1251 3062 eorum
1286 2997 1448 3080 presentia
1482 2995 1561 3060 duxi

222 3102 441 3188 sollempniter
464 3102 643 3186 iurandum,
669 3103 755 3186 quod
779 3105 886 3169 omnia
910 3111 943 3168 et
966 3102 1095 3186 singula
1120 3104 1265 3188 superius
1289 3122 1442 3187 expressa
1465 3102 1561 3168 eredo

224 3229 301 3277 vera
324 3229 394 3276 esse
419 3259 479 3275 ...
504 3216 537 3276 ct
560 3209 785 3276 nichilominus
809 3209 946 3277 dilectos
969 3230 1059 3276 meos
1084 3211 1272 3293 magistrum
1289 3209 1500 3276 (lodefridum
1520 3209 1562 3276 de

224 3317 344 3384 Sancto
358 3316 529 3383 Goniberto
546 3317 714 3384 officialem
728 3318 816 3383 curie
832 3337 902 3384 mee
916 3316 1125 3399 coloniensis,
1143 3315 1347 3382 Wilhelmum
1364 3316 1406 3381 de
1418 3317 1561 3402 Genepe,

224 3425 396 3490 canonicos
420 3423 625 3491 colonienses
657 3431 691 3490 et
714 3425 886 3490 Honricum
923 3423 965 3489 de
998 3424 1172 3491 Tremonia
1207 3423 1314 3507 legum
1346 3423 1561 3509 professorem

223 3532 367 3614 militem,
391 3551 480 3598 meos
502 3533 694 3597 secretarios
718 3539 750 3598 et
774 3531 950 3597 familiares
974 3552 1080 3598 coram
1112 3551 1163 3596 me
1186 3531 1424 3617 presentialiter
1447 3533 1562 3598 consti·

224 3644 320 3720 tutos,
345 3636 464 3704 advos
488 3645 521 3704 et
544 3645 650 3704 vestre
674 3639 856 3705 sanctitatis
880 3639 1002 3704 curiam
1028 3636 1105 3703 duxi
1131 3636 1350 3714 destinandos,
1375 3636 1458 3705 dane
1480 3637 1560 3724 ipsis

224 3751 257 3811 at
273 3765 382 3811 eorum
399 3745 530 3810 cuilibet
553 3744 585 3809 in
603 3745 739 3811 solidum
756 3751 952 3831 potestatem
968 3753 1002 3811 et
1018 3744 1204 3811 mandatum
1228 3744 1370 3830 speciale
1386 3745 1562 3830 premissas

225 3873 339 3919 causas
363 3860 395 3918 et
419 3873 636 3936 quascumque
659 3853 740 3920 alias
764 3873 857 3919 veras
882 3853 1045 3938 legitimas
1067 3859 1101 3918 et
1124 3851 1276 3917 honestas
1300 3854 1443 3939 promel
1468 3873 1563 3920 excu-

224 3961 358 4042 satione,
389 3979 488 4042 quarc
511 3960 552 4026 ad
580 3960 782 4027 vocationem
806 3968 913 4027 vestre
935 3962 1119 4026 sanctitatis
1141 3959 1302 4044 prefatam
1333 3979 1397 4024 non
1421 3961 1561 4026 venerim

225 4087 284 4131 nec
308 4067 434 4132 veniam
460 4117 518 4132 ...
543 4066 708 4152 allegandi
732 4075 764 4132 et
787 4067 987 4154 proponendi
1011 4087 1118 4134 coram
1143 4072 1252 4133 vestra
1277 4068 1451 4133 sanctitate
1474 4116 1561 4133 ....

226 4175 362 4240 Prosens
385 4175 628 4241 instrumentum
662 4174 824 4260 publicum
855 4175 896 4240 ad
931 4173 1118 4241 mandatum
1151 4194 1256 4240 meum
1289 4195 1347 4260 per
1370 4175 1563 4241 Henericum

226 4281 384 4346 notarium
407 4281 646 4368 infrascriptum
670 4282 852 4347 confectum
877 4290 910 4347 et
934 4303 1005 4349 meo
1029 4282 1135 4366 sigillo
1159 4281 1273 4348 maiori
1302 4282 1460 4347 munitum
1485 4280 1564 4347 duxi

226 4387 480 4472 significandum.
529 4389 645 4455 Actum
676 4388 709 4454 in
733 4396 839 4455 castro
863 4397 972 4456 nostro
997 4387 1212 4473 Gddensberg
1245 4409 1328 4455 anno
1352 4388 1471 4455 domini
1495 4388 1564 4454 mil-

227 4496 339 4562 lesimo
364 4497 588 4566 trecentesimo
614 4497 774 4562 tricesimo
798 4496 936 4581 septimo
958 4495 1136 4562 indictione
1152 4497 1264 4579 quinta
1287 4497 1405 4562 mensis
1428 4503 1564 4581 septem·

227 4604 293 4671 bris
317 4601 369 4667 die
387 4603 499 4685 quinta
521 4603 601 4669 hora
618 4605 714 4668 tertia
731 4603 782 4669 vel
798 4610 925 4687 quarta,
949 4603 1151 4688 presentibus
1171 4602 1299 4669 dilectis
1321 4605 1402 4669 meis
1419 4602 1563 4670 Gerardo

227 4711 268 4776 dc
292 4710 423 4775 Vivario
447 4709 571 4776 decano
596 4711 733 4777 ecclesie
757 4711 791 4776 S.
809 4710 956 4777 Severini
973 4709 1173 4777 coloniensis
1197 4719 1230 4775 et
1252 4709 1409 4796 predictis
1432 4711 1563 4776 officiali

229 4815 399 4886 Wilhelmo
424 4824 456 4883 et
472 4817 631 4884 Henerico
655 4818 778 4884 nunciis
802 4819 920 4885 nostris
943 4837 983 4884 ac
1000 4817 1145 4884 Gerardo
1166 4817 1207 4883 de
1223 4817 1441 4905 Eyndelstorn
1458 4818 1561 4888 dode
