3642 5509
244 435 280 489 so
793 431 863 487 rasa
881 431 1003 503 August
1020 433 1046 486 4.

246 613 418 698 adeptione
442 611 675 699 prebendarum
700 613 819 698 eligere
836 620 869 678 et
886 614 1080 679 constituere
1096 615 1279 680 consuerint
1302 613 1577 679 administratores

246 721 466 806 pensionarius
490 725 523 784 et
546 727 686 785 rectores
716 721 850 785 curtium
882 719 1077 786 decimarum
1105 726 1138 785 et
1161 719 1337 785 officiorum
1360 718 1503 786 eiusdem
1527 740 1576 785 ec·

247 826 354 909 clasis,
389 827 502 892 eodem
536 826 706 892 scolastico
731 849 751 892 a
774 827 937 912 premissis
960 827 1101 902 excluso,
1133 827 1283 910 idemque
1311 827 1501 894 scolasticus
1530 847 1576 890 ra·

246 933 334 1000 tione
355 934 523 1000 scolastrie
546 953 603 999 sue
621 983 627 998 .
647 982 679 998 ..
707 933 825 1000 habeat
858 934 940 1000 alias
971 941 1046 1019 post
1079 934 1209 1000 cosdem
1239 935 1435 1019 prepositum
1465 941 1498 999 et
1524 932 1577 999 dc·

246 1061 360 1107 canum
384 1059 496 1106 vocem
520 1047 552 1105 et
575 1041 678 1106 locum
702 1043 734 1105 in
758 1041 900 1125 capitulo
923 1041 1024 1126 ipsius
1047 1040 1185 1107 ecclesie
1208 1043 1365 1125 potiorem
1388 1062 1428 1107 ac
1446 1047 1577 1126 propter

246 1149 446 1214 scolastriam
476 1146 610 1213 eandem
641 1148 740 1213 multa
767 1168 865 1212 onera
893 1147 998 1232 ipsum
1022 1154 1169 1233 oporteat
1193 1149 1372 1214 substinere
1394 1150 1500 1231 sitque
1523 1147 1576 1214 de·

246 1276 323 1322 oens
346 1262 378 1322 et
401 1256 516 1320 rationi
542 1274 724 1336 consonum,
748 1261 783 1318 ut
800 1253 871 1336 quis
887 1275 928 1319 ex
944 1274 1040 1319 onere
1063 1262 1277 1336 consequatur
1300 1255 1462 1337 honorem,
1485 1254 1577 1320 uobis

247 1362 331 1428 idern
356 1362 555 1444 scolastIcus,
580 1370 615 1426 ut
638 1363 708 1446 ipse
732 1368 764 1426 et
787 1381 989 1427 successores
1012 1363 1081 1426 eius
1096 1363 1130 1426 in
1145 1362 1314 1427 scolastria
1336 1361 1486 1446 predicta
1505 1369 1577 1446 post

247 1469 352 1537 dictos
379 1471 576 1555 propositum
605 1475 637 1533 et
666 1468 824 1534 decanum
852 1471 976 1535 ratione
1006 1469 1107 1554 ipsius
1134 1471 1300 1535 scolastrie
1329 1489 1416 1534 more
1444 1468 1577 1534 aliarum

247 1577 454 1644 ecclesiarum
478 1576 604 1662 prefate
628 1576 764 1642 ecclesie
784 1578 961 1642 vicinarum
986 1577 1223 1662 prerogativam
1247 1576 1388 1641 habeant
1410 1576 1577 1661 potiorem,

248 1685 408 1751 humiliter
431 1684 635 1770 supplicavit,
666 1682 751 1766 qnod
780 1684 841 1749 sibi
865 1691 898 1748 et
921 1683 1042 1749 eisdem
1066 1684 1304 1749 successoribus
1326 1734 1332 1746 .
1354 1733 1361 1746 .
1383 1682 1577 1768 ‚providere

246 1812 342 1878 super
366 1792 429 1858 hiis
447 1840 454 1855 .
469 1840 498 1856 ..
520 1790 735 1874 dignaremur.
787 1791 854 1858 Nos
877 1792 986 1873 itaque
1010 1790 1051 1855 dc
1075 1791 1238 1875 premissis
1261 1790 1413 1855 noticiam
1437 1811 1499 1855 non
1524 1787 1578 1853 ha-

247 1901 359 1966 bentes
376 1949 383 1964 .
402 1950 409 1964 .
428 1949 435 1963 .
452 1899 647 1965 fraternitati
672 1907 726 1964 tue
751 1949 758 1964 .
784 1949 790 1963 .
819 1949 825 1963 .
850 1898 1048 1982 mandamus,
1078 1899 1227 1982 quatinus
1250 1899 1374 1964 vocatis
1397 1896 1485 1962 dicto
1508 1917 1577 1982 pre·

247 2008 351 2092 posito
376 2006 499 2072 decano
523 2014 555 2072 et
580 2007 751 2088 canonicis,
785 2006 812 2070 si
836 2006 893 2071 tibi
920 2007 1099 2072 constiterit
1127 2006 1173 2069 ita
1197 2025 1277 2088 esse,
1308 2005 1369 2071 nisi
1392 2025 1450 2088 per
1473 2003 1578 2069 dictos

247 2113 444 2200 prepositum
469 2121 501 2178 et
525 2111 680 2178 decanum
705 2133 744 2178 ac
769 2113 942 2179 canonicos
971 2112 1060 2177 aliud
1087 2131 1183 2197 super
1211 2111 1283 2193 biis,
1318 2111 1403 2195 quod
1430 2112 1577 2193 obsistat,

247 2221 438 2287 rationabile
462 2226 650 2305 opponatur,
676 2219 796 2286 eisdem
820 2221 991 2287 scolastico
1011 2226 1043 2284 ot
1065 2219 1302 2286 successoribus
1325 2217 1467 2303 eligendi
1490 2219 1577 2284 insti·

248 2329 358 2396 tuendi
388 2335 420 2395 et
449 2327 579 2394 creandi
612 2329 820 2394 communiter
844 2335 877 2393 et
900 2325 1029 2394 divisim
1062 2346 1126 2392 una
1159 2346 1230 2393 cum
1263 2325 1383 2392 eisdem
1415 2324 1578 2411 preposito

248 2437 372 2504 decano
396 2441 428 2501 ct
452 2436 615 2501 canonicis
639 2433 819 2500 huiusmodi
843 2432 1119 2500 administratores
1142 2433 1361 2519 pensionarius
1385 2439 1417 2498 et
1438 2441 1578 2500 rectores

249 2544 409 2610 concedas
433 2592 439 2608 .
459 2593 465 2607 .
488 2542 688 2624 facultatem,
719 2541 849 2607 cosdem
882 2541 1087 2608 scolasticum
1110 2549 1144 2607 et
1166 2559 1368 2607 successores
1385 2590 1392 2606 .
1411 2589 1444 2606 ..
1470 2539 1578 2606 decer-

248 2649 354 2717 nendo
383 2657 456 2735 post
485 2650 630 2734 prefatos
658 2649 855 2734 prepositum
878 2655 911 2713 et
939 2648 1096 2714 decanum
1120 2649 1152 2712 in
1175 2648 1339 2733 premissis
1362 2647 1500 2714 existere
1522 2669 1579 2733 po-

249 2759 347 2824 tiores
364 2807 371 2822 .
390 2807 423 2822 ..
449 2759 522 2822 Dat.
540 2758 634 2821 Avin.
653 2757 719 2821 IIII
742 2776 843 2822 nonas
867 2756 996 2839 augusti
1020 2777 1049 2821 a.
1074 2754 1253 2821 undecimo.

398 2883 471 2952 Rap.
490 2883 527 2936 84
544 2880 569 2950 s.
590 2880 652 2934 187‘
670 2896 717 2935 ur.
736 2881 828 2948 2494;
845 2881 899 2936 Ila.
919 2880 981 2934 791.

357 3153 479 3221 1239.
516 3156 602 3219 1327
627 3151 760 3240 August
782 3155 813 3218 4.
848 3151 1014 3239 Aoiquou.

355 3296 516 3362 Iohannes
539 3297 638 3361 XXII
671 3297 854 3380 Margarete
881 3303 957 3360 nats
985 3296 1168 3379 Margarete
1198 3297 1360 3361 comitisse
1384 3294 1425 3360 de
1449 3295 1584 3370 Marcha

248 3403 361 3469 relicte
384 3403 544 3486 qnondam
562 3403 698 3468 Gerardi
722 3403 848 3468 comitis
864 3402 905 3467 de
922 3401 1214 3485 Katzenelribegen
1238 3402 1393 3486 indulget,
1417 3411 1452 3466 ut
1476 3402 1580 3467 sidem

249 3509 346 3574 liceat
369 3510 507 3592 aliquem
535 3508 694 3594 ydoneum
724 3508 923 3576 sacerdotem
948 3509 1095 3574 insuam
1119 3509 1240 3593 eligere
1264 3508 1491 3591 confessorem,
1526 3509 1580 3591 qui

250 3616 452 3682 confessione
485 3617 553 3682 cius
585 3615 698 3680 audita
729 3617 831 3700 possit
864 3616 1056 3681 auctoritate
1088 3617 1276 3700 apostolica,
1310 3617 1462 3698 quociens
1489 3634 1580 3700 opor-

249 3731 359 3788 tunum
393 3723 500 3798 luerit,
537 3721 709 3787 dummodo
742 3722 820 3788 talia
853 3742 916 3789 non
948 3723 1078 3806 fuerint,
1113 3743 1209 3809 super
1238 3724 1352 3805 quibus
1380 3723 1465 3788 foret
1487 3722 1581 3788 sedes

249 3829 428 3915 apostolica
451 3830 565 3894 merito
589 3828 794 3910 consulenda,
818 3836 850 3895 st
866 3830 965 3896 semel
982 3829 1151 3896 dumtaxat
1173 3831 1206 3894 in
1231 3830 1359 3896 casibus
1382 3828 1485 3895 cidem
1511 3828 1579 3896 sedi

250 3937 423 4003 reservatis
447 3935 657 4002 absolutionis
680 3936 868 4002 beneficium
891 3937 1058 4021 impertiri.

357 4044 426 4108 Tuo
450 4042 619 4108 devocioni
642 4043 809 4108 sinceritas
935 4045 1009 4108 Dat.
1027 4044 1123 4109 Ario.
1141 4045 1173 4108 II
1196 4064 1297 4110 nonas
1321 4045 1448 4129 augusti
1472 4065 1502 4108 a.
1527 4063 1581 4108 uu-

249 4150 385 4217 decimo.

399 4276 472 4344 aeq.
491 4274 568 4345 suf.
590 4274 653 4328 rsa
671 4287 718 4328 nr.
738 4274 832 4340 ama·
853 4276 903 4331 ru
926 4275 993 4330 aaa.

355 4545 480 4612 1240.
513 4547 599 4612 1327
623 4545 755 4633 August
777 4549 808 4611 4.
842 4545 1007 4633 Auiquoa.

356 4689 516 4755 lohannes
539 4687 637 4754 XXII
672 4690 854 4774 Margarete
878 4690 1042 4757 comitisse
1066 4690 1107 4755 de
1131 4691 1264 4756 Marcba
1286 4691 1398 4756 relicte
1421 4689 1582 4773 quondam

251 4794 388 4862 Garardi
414 4795 540 4862 comitis
563 4795 605 4861 de
622 4796 905 4882 Xatuenalnbcgen
930 4797 1087 4882 indulget,
1111 4805 1147 4863 ut
1170 4798 1237 4864 eius
1261 4798 1424 4864 confessor
1438 4797 1584 4883 ydoneus
