3642 5509
285 417 340 476 220
832 422 902 478 1329
920 421 1039 478 Ianuar
1057 421 1100 477 24.

287 601 461 668 Iohannem
494 608 603 668 natum
637 603 781 669 Goswini
815 601 855 668 de
879 601 1091 669 Aldenhoven
1124 604 1274 671 clericum
1298 604 1408 671 Calon.
1439 605 1621 691 cupientem

287 711 319 774 in
352 711 545 777 monasterio
570 710 767 795 Sybergensi
791 709 858 775 ord.
885 711 918 776 S.
945 709 1063 775 Beued.
1094 710 1182 776 dicte
1212 709 1307 794 dioc,
1340 713 1368 778 si
1401 713 1444 779 sit
1475 711 1621 797 ydoneus

288 823 320 882 et
343 818 430 882 aliud
456 819 644 884 canonicum
667 837 729 882 non
754 817 901 898 obsistat,
934 818 966 882 in
990 817 1078 882 dicto
1101 821 1295 884 monasterio
1319 819 1441 885 faciant
1463 820 1565 905 recipi
1588 820 1621 885 iu

287 925 488 992 monachum.

395 1033 603 1119 Cupientibus
627 1035 725 1098 vitam
750 1033 868 1100 ducere
893 1083 952 1100 ...
1001 1035 1077 1099 Dat.
1102 1035 1197 1099 Avin.
1223 1035 1319 1100 VIIII
1343 1034 1388 1100 hl.
1413 1035 1567 1100 februarii
1591 1056 1621 1100 a.

289 1138 522 1204 tertiodecimo.

447 1264 521 1334 Ray.
541 1264 577 1318 91
597 1264 621 1335 s.
642 1265 697 1319 170
714 1281 762 1318 ur.
782 1265 868 1319 2505.

395 1535 520 1602 1⁰4⁷.
547 1538 633 1600 1329
656 1538 795 1603 Jaauar
818 1539 871 1602 24.
896 1536 1063 1624 Avipaoa.

402 1679 561 1745 Iohannes
586 1679 685 1744 XXII
718 1680 751 1746 S.
777 1679 906 1745 Martini
931 1685 963 1745 et
987 1679 1020 1744 S.
1044 1679 1254 1746 Pantaleonis
1277 1680 1388 1746 (lolon.
1417 1680 1622 1747 monasterio

289 1807 357 1852 rum
382 1787 554 1852 abbatibus
577 1807 616 1853 ac
640 1786 867 1852 archidiacono
893 1787 1090 1854 Nannetensi
1115 1787 1257 1867 mandat,
1282 1789 1432 1872 quatinus
1456 1786 1621 1871 Sophyam

288 1901 397 1960 natam
415 1892 607 1960 Theoderici
631 1893 672 1958 de
688 1894 807 1960 Gheles
831 1894 970 1980 puellam
994 1894 1168 1960 litteratam
1193 1893 1304 1960 Colon.
1330 1894 1413 1960 dioc.
1439 1892 1620 1978 cupientem

290 2001 322 2065 in
350 2001 542 2066 monasterio
567 1999 608 2066 de
631 2000 744 2067 Hellen
780 2003 861 2082 (uel.-
886 2002 1014 2080 Holleu)
1050 2000 1119 2066 ord.
1144 2001 1178 2066 S.
1203 2001 1324 2068 Bened.
1349 1999 1435 2066 dicte
1459 2000 1543 2066 dioc.
1568 1998 1623 2065 do·

290 2109 375 2172 mino
399 2106 558 2190 famulari,
583 2108 610 2174 si
634 2109 676 2174 sit
691 2107 819 2190 ydonee
842 2115 875 2172 et
899 2107 986 2174 aliud
1011 2109 1198 2173 canonicum
1223 2129 1287 2174 uon
1310 2109 1455 2189 obsistat,
1479 2108 1512 2172 in
1532 2106 1622 2172 dicto

290 2215 483 2279 monasterio
507 2214 630 2279 faciant
653 2215 752 2299 recipi
777 2215 810 2279 in
833 2215 1034 2281 monacham.

399 2319 476 2384 Cum
501 2321 584 2386 sicut
607 2323 790 2406 accepimus
814 2371 820 2386 .
840 2372 871 2386 ..
921 2323 995 2388 Dat.
1021 2323 1115 2388 Avin.
1141 2322 1236 2387 VIIII
1260 2322 1304 2387 kl.
1330 2321 1485 2388 februarii
1507 2343 1538 2386 a.
1562 2328 1624 2387 ter·

291 2426 472 2492 tiodecimo.

440 2553 512 2623 Bey.
532 2553 567 2606 91
584 2551 609 2620 f.
626 2552 682 2606 152
699 2569 746 2607 nr.
765 2553 849 2607 2419.

399 2816 522 2882 1648.
549 2819 635 2881 1329
659 2819 797 2883 Jaauur·
824 2820 878 2883 24.
903 2818 1067 2905 Avipnon.

400 2959 559 3027 Iohannes
580 2960 678 3025 XXII
703 2962 842 3028 Henrico
866 2961 907 3028 de
932 2961 1145 3048 Oppenheym
1169 2961 1295 3026 confert
1318 2959 1398 3027 eccl.
1422 2960 1456 3026 S.
1481 2959 1624 3028 Castoris

292 3069 324 3133 in
349 3067 549 3134 Confluentis
572 3069 703 3134 Trever.
738 3069 822 3134 dioc.
857 3070 1091 3151 canonicatum,
1126 3068 1322 3153 prebendam
1346 3088 1422 3133 vero
1447 3067 1552 3134 eidem
1576 3088 1624 3134 re-

292 3182 409 3259 servat,
442 3197 505 3241 uon
538 3177 685 3242 obstante
720 3175 804 3260 quod
837 3177 869 3241 in
898 3177 978 3243 eccl.
1003 3177 1037 3242 S.
1063 3177 1229 3242 Ouuiherti
1253 3177 1476 3242 canonicatum
1500 3182 1533 3240 ot
1555 3195 1625 3260 pre

293 3282 429 3350 hendam
459 3285 517 3349 suh
542 3283 769 3369 expectatione
797 3283 967 3368 dignitatis
999 3304 1056 3349 seu
1083 3290 1273 3369 personatus
1298 3283 1347 3350 vel
1371 3283 1469 3349 officii
1493 3303 1532 3349 ao
1554 3303 1625 3367 par·

292 3390 465 3457 rochislem
490 3391 660 3456 ecclesiam
685 3389 725 3454 de
750 3391 835 3456 Goze
860 3392 969 3457 Golon.
995 3391 1080 3457 dioc.
1105 3390 1236 3457 obtinet.

398 3496 579 3563 Laudabile
603 3499 828 3577 testimonium,
854 3497 939 3581 quod
1069 3499 1143 3563 Dat.
1169 3497 1264 3563 Aviu.
1279 3497 1376 3563 VIIII
1400 3497 1444 3562 kl.
1469 3496 1625 3562 februarii

293 3627 322 3671 a.
347 3603 580 3670 tertiodecimo.

400 3712 437 3775 In
462 3731 489 3776 e.
514 3733 544 3776 m
584 3712 618 3777 S.
643 3711 771 3776 Martini
795 3719 828 3777 et
852 3713 885 3777 S.
910 3713 1116 3779 Pantaleonis
1141 3712 1250 3779 Colon.
1280 3712 1543 3778 monasteriorum
1571 3709 1626 3774 ah-

294 3819 422 3885 batibus
445 3839 484 3884 ac
508 3818 736 3884 archidiacono
760 3820 969 3885 Nannetensi.

442 3963 519 4031 Rep.
538 3964 577 4017 90
594 3962 619 4032 f.
639 3962 704 4016 261‘
721 3963 866 4018 πν.1703.

400 4239 522 4306 lona.
549 4242 636 4305 1329
658 4243 797 4307 Januor·
820 4241 874 4306 25.
905 4240 1071 4326 Avlpaoa.

401 4382 562 4449 Iohannes
584 4383 684 4448 XXII
708 4383 848 4448 Henrico
872 4390 949 4449 nato
972 4383 1089 4448 nobilis
1112 4382 1173 4446 viri
1197 4381 1328 4447 Henrici
1354 4378 1476 4445 domini
1499 4377 1541 4444 de
1564 4378 1627 4444 Ge·

295 4488 399 4577 nephe
429 4491 554 4556 confert
582 4491 660 4557 eccl.
690 4491 722 4556 S.
749 4491 904 4557 Gereonis
929 4490 1040 4556 Colou.
1066 4490 1301 4570 canonicatum,
1331 4484 1526 4572 prebendam
1550 4504 1628 4551 vero

295 4597 400 4664 eidem
425 4605 577 4664 reservat.

402 4706 561 4774 Nobilitas
584 4706 712 4791 generis
735 4713 797 4772 etc.
824 4756 831 4771 .
856 4759 863 4775 .
890 4755 897 4771 .
947 4706 1022 4770 Dat.
1047 4704 1140 4770 huin.
1163 4704 1242 4769 VIII
1265 4702 1311 4767 hl.
1336 4702 1488 4769 februarii
1512 4722 1542 4767 a.
1566 4706 1630 4766 ter·

295 4813 476 4880 tiodecimo.
