3642 5509
277 451 329 512 194
788 455 859 514 1828
877 455 1046 515 December
1066 457 1108 514 18.

276 639 449 705 observare
482 658 546 703 non
579 645 702 722 curant,
737 637 793 706 sed
823 641 926 723 ipsam
955 638 1135 723 transgredi
1159 659 1222 704 nou
1246 641 1423 701 verentur.
1448 683 1455 697 .
1485 679 1492 696 .
1517 627 1617 694 Intel-

277 746 414 812 leximus
446 765 584 828 quoque,
619 744 705 828 quod
737 746 925 832 plerumque
958 744 1093 831 prelatis
1121 744 1278 811 dictorum
1308 740 1553 808 Predicatorum
1583 744 1617 800 et

276 853 434 919 Minorum
466 871 590 917 necnon
616 853 852 918 Heremitarum
875 853 908 919 S.
926 854 1097 935 Augustini
1128 859 1161 917 et
1189 851 1433 917 carmelitarum
1465 843 1614 911 ordinum

276 959 443 1040 iratribus,
476 959 508 1024 in
538 960 627 1024 cuius
660 957 780 1025 ordinis
809 958 966 1025 dictorum
991 959 1225 1024 Heremitarum
1256 955 1402 1041 personis
1430 951 1517 1017 idem
1540 967 1616 1035 pre·

278 1067 429 1132 decessor
454 1063 633 1131 Bonifatius
663 1065 923 1131 constitutionem
947 1063 1136 1150 predictam,
1169 1065 1201 1128 in
1235 1082 1297 1146 qua
1321 1068 1446 1127 tantum
1470 1055 1618 1140 deipsis

278 1171 523 1238 Predicatorum
557 1178 589 1236 ct
614 1171 771 1237 Minorum
804 1179 937 1237 cavetur
969 1170 1145 1254 ordinibus,
1178 1189 1235 1254 per·
1267 1169 1375 1234 omnia
1403 1165 1507 1232 voluit
1531 1171 1618 1247 post·

277 1277 406 1344 modum
431 1277 633 1362 integraliter·
656 1284 688 1341 et
712 1277 902 1344 inconcusse
926 1279 1057 1359 servari,
1081 1275 1170 1343 etad
1193 1297 1287 1360 quem
1311 1276 1470 1341 dictorum
1486 1270 1617 1336 Carme-

277 1386 405 1451 litarnm
429 1384 564 1449 fratrum
589 1382 732 1448 ordinem
749 1403 806 1450 uos
822 1385 1053 1467 subsequenter
1069 1385 1329 1450 constitutionem
1346 1379 1484 1447 eandem
1509 1373 1617 1460 quoad

278 1493 386 1558 omnia
409 1493 441 1556 in
471 1511 510 1556 ea
539 1497 691 1555 contenta
725 1490 873 1556 duximus
906 1489 1155 1572 extendendam,
1189 1489 1231 1554 de
1265 1487 1421 1573 predictis
1453 1481 1619 1569 episeopis

277 1599 411 1684 prelatis
433 1596 612 1662 rectoribus
637 1596 756 1663 curatis
780 1603 812 1661 et
835 1596 1058 1662 sacerdotibus
1082 1602 1195 1660 contra
1218 1603 1360 1659 tenorem
1378 1589 1620 1658 constitutionis

277 1705 424 1791 predicte
451 1722 568 1787 graves
602 1703 717 1768 iniurie
748 1709 846 1785 atque
869 1703 1014 1768 molestie
1037 1703 1070 1766 in
1094 1700 1232 1766 diversis
1255 1702 1400 1785 partibus
1424 1698 1618 1762 inferuntur.

277 1812 388 1896 Nuper
412 1811 509 1875 etiam
538 1829 596 1894 pro
625 1816 715 1894 parte
735 1857 743 1874 .
763 1857 770 1872 .
794 1815 953 1874 rectorum
978 1808 1226 1894 parroclrialium
1251 1807 1463 1872 ecclesiarum
1488 1802 1618 1870 Coloni·

277 1919 401 1984 ensium
425 1916 516 1981 nobis
540 1915 649 1980 extitit
672 1915 863 1997 intimatum,
892 1913 979 1996 quod
1007 1915 1147 2000 predicti
1170 1913 1345 1980 eorundem
1368 1910 1621 1977 Predicatorum

277 2023 435 2088 Minorum
454 2021 689 2087 Heremitarum
713 2027 746 2086 et
762 2021 1006 2087 Carmelitarum
1031 2020 1177 2086 ordinum
1202 2021 1319 2086 fratres
1343 2026 1457 2084 contra
1472 2023 1621 2081 tenorem

279 2128 452 2194 decretalis
480 2127 623 2193 eiusdem
650 2127 751 2192 multa
780 2127 901 2193 eisdem
931 2128 1108 2193 rectoribus
1137 2136 1170 2192 et
1198 2147 1306 2193 eorum
1336 2124 1474 2208 singulis
1502 2142 1621 2206 grava·

279 2235 366 2299 mina
394 2241 426 2298 et
458 2231 591 2298 iniurias
623 2231 765 2297 inferunt
798 2240 830 2298 et
862 2234 1015 2300 iacturas.
1067 2232 1150 2312 Quia
1173 2234 1272 2317 igitur
1296 2253 1410 2319 parurn
1434 2237 1521 2296 esset
1544 2229 1620 2293 iura

280 2340 429 2423 condere,
454 2339 514 2404 nisi
539 2339 593 2420 qui
617 2336 730 2403 eadem
754 2345 890 2422 tueatur,
916 2343 1043 2416 existat,
1058 2389 1066 2404 .
1079 2388 1087 2405 .
1102 2389 1109 2404 .
1124 2339 1310 2405 discretioni
1334 2348 1442 2405 vestre
1462 2355 1623 2404 ...man-

279 2446 403 2528 damus,
428 2443 579 2528 quatinus
603 2463 659 2509 vos
673 2492 680 2508 .
695 2492 702 2508 .
717 2492 725 2508 .
738 2453 980 2512 conservatores
1003 2465 1058 2511 seu
1083 2445 1206 2511 indices
1228 2445 1378 2529 deputati
1401 2451 1470 2508 tam
1493 2440 1620 2507 eisdem

280 2551 459 2619 rectoribus
492 2549 633 2615 civitatis
665 2548 811 2634 predicte
843 2557 875 2616 et
909 2572 1016 2616 eorum
1051 2553 1181 2617 cuilibet
1214 2551 1369 2617 adversus
1402 2550 1524 2615 fratres
1548 2567 1621 2633 pre·

280 2659 384 2724 dictos
414 2676 510 2739 quam
540 2675 712 2721 econverso
742 2655 862 2722 eisdem
890 2657 1043 2724 fratribus
1067 2658 1222 2724 adversus
1245 2666 1389 2722 rectores
1413 2655 1561 2742 prefatos
1587 2661 1622 2718 et

280 2762 425 2848 singulos
448 2760 620 2827 eorundem
645 2760 784 2827 efficacis
807 2760 1003 2829 defensionis
1026 2764 1166 2848 presidio
1191 2765 1380 2830 assistentes
1401 2770 1435 2827 et
1456 2761 1623 2826 facientes

281 2869 476 2935 decretalem
500 2865 679 2951 predictam
703 2865 810 2949 quoad
833 2869 939 2934 omnia
962 2871 1031 2935 eius
1054 2871 1205 2955 capitula,
1230 2877 1325 2954 prout
1355 2871 1454 2950 iacet,
1484 2867 1624 2932 firmiter

281 2976 455 3057 observari,
479 2994 542 3040 non
566 2975 759 3058 permittatis
782 2981 893 3041 contra
916 2983 1056 3041 tenorem
1080 2978 1181 3060 ipsius
1204 2998 1261 3062 per
1281 2984 1478 3042 memoratos
1502 2974 1625 3040 iratres

281 3082 441 3148 dictorum
464 3079 609 3145 ordinum
634 3079 755 3145 eisdem
779 3082 955 3146 rectoribus
979 3082 1030 3146 vel
1054 3082 1150 3148 alicui
1175 3103 1231 3148 sen
1255 3084 1418 3166 aliquibus
1443 3080 1624 3148 eorundem

281 3208 342 3255 nec
365 3189 462 3252 etiam
487 3206 545 3271 per
568 3184 672 3251 dictos
697 3193 837 3251 rectores
859 3205 915 3251 teu
940 3186 1077 3270 aliquem
1102 3189 1154 3253 vel
1177 3190 1303 3272 aliquos
1326 3190 1472 3273 ipsorum
1497 3187 1624 3254 eisdem

282 3294 437 3362 iratribus
469 3292 658 3377 gravamina
690 3299 746 3357 aut
778 3293 909 3358 iniurias
942 3295 1087 3377 irrogari,
1120 3294 1239 3360 facturi
1268 3297 1346 3379 ipsis
1376 3294 1557 3361 hincinde
1582 3293 1627 3360 de

283 3399 535 3483 quibuscumque
568 3398 690 3462 iniuriis
718 3398 992 3463 molestationibus
1014 3401 1254 3482 garraminibus
1282 3408 1315 3466 et
1344 3401 1497 3488 dampnis
1521 3401 1627 3466 illatis

284 3505 439 3570 hactenns
463 3512 495 3567 et
523 3503 620 3568 etiarn
649 3504 854 3586 imposterum
882 3503 1059 3570 inferendis
1086 3505 1207 3572 eisdem
1239 3512 1352 3572 contra
1376 3512 1521 3573 tenorem
1548 3527 1627 3573 con·

283 3610 459 3676 stitutionis
491 3607 643 3686 eiusdem,
676 3608 708 3670 in
741 3607 805 3671 illis
837 3608 999 3692 videlicet,
1030 3631 1091 3693 que
1123 3611 1310 3678 iudicialem
1338 3614 1507 3696 requirunt
1531 3612 1628 3680 inda-

284 3716 401 3798 ginem,
426 3713 596 3778 summarie
618 3711 805 3796 simpliciter
829 3721 860 3778 et
884 3714 925 3779 de
948 3715 1044 3800 plano
1068 3717 1137 3783 sine
1160 3721 1296 3803 strepitu
1314 3726 1347 3783 et
1366 3719 1473 3804 ligura
1496 3719 1627 3803 indicii,

284 3822 317 3886 in
342 3819 414 3884 aliis
437 3837 524 3899 vcro,
554 3823 647 3900 prout
675 3817 811 3900 qualitas
839 3821 978 3903 ipsorum
1003 3825 1156 3906 exegerit,
1185 3826 1311 3890 iusticie
1336 3825 1628 3910 complementum,

283 3925 505 3991 molestatores
533 3931 565 3987 et
594 3922 794 3990 iniuriatores
823 3923 1003 3992 huiusmodi
1026 3949 1151 3995 necnon
1174 3931 1431 3998 contradictores
1457 3933 1630 4013 quoslibet

284 4039 318 4098 et
341 4030 486 4108 rebelles,
510 4027 765 4112 quandocunque
790 4039 822 4095 ct
845 4035 1121 4117 quocienscunque
1149 4037 1342 4120 expedierit,
1366 4058 1427 4122 per
1451 4057 1628 4105 censuram

285 4134 538 4202 ecelesiasticam
561 4134 778 4218 appellatione
801 4137 982 4220 postposita
1005 4141 1264 4224 compescendo.
1283 4192 1317 4209 ..
1343 4145 1419 4210 Dat
1437 4145 1539 4211 Avin.
1557 4147 1628 4212 IIll

284 4243 329 4306 kl.
355 4239 535 4306 decembris
558 4261 588 4304 a.
613 4240 843 4306 tertiodecimo.

433 4363 506 4432 ch.
525 4361 605 4431 891⁰.
625 4363 680 4416 188
697 4377 744 4417 ar.
763 4365 826 4418 475.

393 4649 513 4720 1578.
537 4653 624 4717 1328
647 4651 829 4718 December
855 4655 905 4716 18.
931 4652 1123 4739 (Aoipaoa.)

390 4794 549 4862 lohannes
573 4792 672 4858 XXII
704 4791 829 4858 decano
859 4800 890 4858 et
920 4793 1060 4878 capitulo
1084 4795 1273 4880 Magantino
1302 4803 1437 4867 nunciat
1464 4823 1501 4870 se
1527 4804 1630 4874 valde
