3642 5509
256 481 291 536 26
815 481 885 537 1327
904 481 987 537 Mbra
1006 481 1049 536 19.

256 662 419 749 petitionis
441 661 542 730 series
568 661 764 744 continebat,
789 662 875 745 quod
891 668 925 727 tu
944 661 1018 728 olim
1035 661 1120 727 iufra
1136 661 1289 748 puberem
1305 668 1424 728 etatem
1450 662 1590 727 existens

257 771 480 836 canonicatum
514 776 547 835 et
581 768 776 856 prebendam
810 769 947 836 ecclesie
980 768 1013 835 S.
1043 769 1190 836 Severini
1218 768 1416 835 ColonicusIs
1448 774 1481 833 et
1513 788 1590 852 aug·

256 883 394 942 mentum
430 876 593 962 prebende
625 895 682 941 seu
715 876 871 941 ferculum
905 886 1091 942 consuetum
1124 875 1225 961 Ipsius
1258 876 1395 942 ecclesIo
1426 876 1589 941 canonicis

256 982 415 1068 assignari
439 989 516 1048 tuuc
531 984 682 1050 vacantia
706 983 844 1068 adeptus
868 982 958 1049 fuisti
982 989 1016 1048 ct
1039 1001 1079 1048 ea
1102 1002 1160 1068 per
1183 989 1319 1065 quatuor
1343 1003 1443 1049 annos
1460 982 1590 1047 tenuisti

260 1091 400 1156 clericali
424 1095 588 1157 caractere
612 1090 740 1155 minime
763 1091 944 1175 insignitus,
977 1089 1127 1174 quodque
1156 1089 1359 1176 postmodum
1383 1090 1416 1154 in
1439 1089 1588 1156 clericum

257 1199 318 1263 rite
350 1203 533 1264 tonsuratus
560 1198 592 1263 in
622 1197 761 1264 ecclesia
785 1198 945 1264 Bunnensi
971 1196 1171 1265 Coloniensis
1195 1196 1334 1263 diocesis
1356 1216 1414 1282 per
1439 1245 1447 1262 .
1473 1245 1480 1260 .
1506 1197 1591 1282 capi-

258 1304 357 1370 tulum
381 1304 481 1390 ipsius
504 1303 641 1371 ecclesie
664 1306 697 1371 iu
721 1305 909 1370 canonicum
939 1312 1088 1390 receptus
1118 1303 1206 1370 luisti
1234 1325 1274 1369 ac
1298 1313 1331 1369 te
1354 1303 1473 1369 divinis
1495 1305 1590 1370 inies-

257 1412 328 1477 sisti
344 1413 389 1494 (l),
422 1411 560 1496 legendo
590 1410 743 1479 videlicet
777 1411 810 1477 in
845 1412 943 1478 missa
978 1411 1144 1496 epistolam
1180 1411 1354 1477 solenniter
1387 1431 1459 1477 cum
1489 1413 1590 1477 sacris

258 1520 454 1586 ornamentis
476 1519 545 1586 sinc
568 1519 730 1604 manipulo
760 1519 851 1585 iuxta
875 1519 1012 1584 ecclesie
1036 1517 1236 1584 Coloniensis
1260 1517 1533 1600 consuetudinem,
1558 1525 1591 1584 et

258 1625 376 1691 deinde
404 1627 438 1691 iu
461 1627 612 1693 vicesimo
642 1628 738 1692 etatis
770 1633 823 1692 tue
847 1646 931 1692 auno
955 1625 1007 1691 vel
1030 1627 1118 1692 circa
1142 1627 1333 1691 constitutus
1355 1624 1589 1710 parrochialem

258 1732 425 1798 ecclesiam
449 1733 482 1798 in
499 1733 607 1799 Drove
631 1732 717 1799 dicte
741 1733 901 1799 diocesis.
918 1732 1112 1817 ..recepisti
1136 1752 1271 1816 eamque
1295 1751 1494 1817 perannum
1518 1752 1588 1797 cum

258 1837 391 1906 dimidio
415 1840 468 1906 vel
492 1841 619 1906 circiter
642 1841 783 1923 tenuisti,
813 1860 876 1904 nou
899 1838 1046 1904 residens
1068 1839 1279 1923 personaliter
1303 1839 1336 1903 in
1359 1837 1473 1904 eadem
1507 1839 1590 1903 irac-

259 1954 373 2029 tusque
396 1947 576 2032 percipiens
600 1967 641 2012 ex
665 1945 788 2028 eadem,
818 1966 909 2029 quos,
943 1953 977 2010 ut
1001 1944 1128 2026 asseris,
1162 1943 1340 2010 succedens
1362 1952 1468 2010 rector
1490 1945 1591 2030 ipsius

258 2053 404 2136 ecclesie,
428 2054 455 2118 si
479 2059 512 2119 et
535 2060 629 2139 prout
652 2054 765 2138 potuit,
790 2053 849 2118 tibi
872 2052 1009 2134 remisit3
1047 2051 1196 2136 quodque
1219 2050 1423 2137 postmodum
1452 2053 1485 2116 in
1508 2051 1590 2116 alce

259 2161 339 2226 simo
369 2167 482 2243 quarto
512 2159 598 2226 dicte
627 2167 680 2226 tue
704 2159 800 2226 etatis
823 2179 906 2225 anno
930 2159 963 2224 in
987 2158 1237 2226 subdiaconatus
1261 2158 1374 2224 ordine
1399 2159 1591 2224 constitutus

259 2266 491 2354 parrochialem
520 2268 688 2334 ecclesiam
716 2268 749 2332 in
772 2266 950 2333 Eschwilrc
979 2265 1124 2351 predicte
1153 2264 1356 2333 diocesis..
1384 2266 1534 2350 recepisti
1558 2271 1591 2330 et

260 2372 349 2441 dicta
380 2372 574 2460 parrochiali
607 2374 745 2440 ecclesia
777 2373 809 2438 iu
833 2375 943 2438 Drove
967 2371 1099 2438 dimissa
1123 2371 1258 2438 eandem
1282 2371 1517 2458 parrochialem
1540 2391 1590 2437 ec·

259 2481 390 2550 clesiam
413 2483 445 2547 iu
469 2481 646 2549 Eschwilre
669 2502 726 2568 per
749 2489 885 2565 quatuor
908 2501 1008 2546 annos
1032 2481 1083 2546 vel
1116 2481 1201 2547 circa
1229 2500 1294 2546 una
1321 2501 1392 2546 cum
1420 2479 1517 2547 dictis
1540 2499 1589 2545 ca·

257 2591 407 2656 uouieatu
430 2596 463 2657 et
479 2589 643 2676 prebenda
660 2611 699 2656 ac
714 2595 887 2675 augmento
911 2589 980 2654 sive
1003 2587 1125 2654 ferculo
1149 2587 1278 2654 tenuIsti
1292 2638 1299 2654 .
1314 2638 1322 2652 .
1338 2608 1421 2655 ‚nou
1444 2587 1589 2654 residens

257 2697 467 2782 personaliter
489 2697 523 2762 in
545 2697 658 2762 eadem
682 2696 869 2780 fructusque
892 2694 1066 2780 percepisti
1090 2696 1189 2760 etiam
1213 2715 1252 2761 ex
1277 2693 1409 2778 eisdem,
1433 2694 1476 2762 ad
1499 2715 1591 2780 supe-

257 2805 357 2870 riores
380 2803 508 2870 ordines
531 2825 594 2870 uou
617 2810 791 2890 promotus,
816 2803 1121 2887 dispensatione...
1139 2823 1203 2867 nou
1227 2804 1369 2869 obtenta.
1416 2802 1589 2880 Quare...

256 2911 446 2998 supplicasti
548 2911 615 2979 Nos
638 2911 737 2996 igitur
839 2919 945 2976 tecum
975 2928 1071 2994 super
1101 2908 1244 2992 qualibet
1271 2907 1509 2992 irregularitate
1532 2928 1589 2974 scu

257 3017 557 3104 impedimento...
583 3016 805 3104 dispensamus
830 3024 862 3085 et
886 3016 1110 3082 nichilominus
1138 3016 1198 3082 tibi
1221 3016 1366 3101 prelatos
1389 3015 1513 3082 fructus

257 3125 445 3192 remittimus
469 3132 502 3193 et
524 3125 688 3192 donamus.
725 3125 877 3191 Volumus
901 3131 1020 3208 tamen,
1045 3123 1131 3207 quod
1155 3123 1302 3208 predicta
1325 3123 1468 3209 receptio
1493 3121 1534 3188 de
1557 3130 1591 3189 te

257 3233 290 3298 in
313 3232 439 3318 prelata
463 3232 625 3299 Bunnensi
649 3232 788 3298 ecclesia
801 3281 809 3296 .
823 3281 830 3298 .
846 3281 853 3296 .
868 3232 957 3298 iacta
981 3237 1014 3298 et
1037 3250 1225 3314 quecunque
1249 3249 1289 3295 ex
1313 3249 1353 3296 ea
1376 3230 1428 3297 vel
1451 3231 1492 3297 ob
1517 3251 1588 3296 cam

256 3345 330 3406 sunt
351 3346 473 3424 secuta,
497 3346 592 3427 prout
614 3346 698 3423 sunt,
723 3359 815 3406 cassa
839 3341 903 3406 sint
919 3345 953 3405 et
972 3338 1063 3403 irrita
1076 3388 1083 3403 .
1097 3387 1105 3403 .
1120 3387 1128 3403 .
1142 3337 1292 3421 quodque
1315 3336 1494 3424 predictam
1517 3359 1589 3424 par·

257 3446 430 3513 rochialem
466 3447 635 3513 ecclesiam
668 3447 702 3512 in
726 3445 905 3512 Eschwilre
940 3452 1053 3530 utpote
1082 3443 1123 3510 de
1154 3446 1223 3510 iure
1258 3451 1426 3511 vacantem
1461 3446 1589 3511 omnino

257 3552 403 3620 dimittas
417 3603 425 3619 .
440 3601 471 3619 ..
496 3554 571 3619 Dat.
596 3553 690 3619 Acin.
715 3552 817 3618 XIIII
840 3552 886 3617 kl.
910 3552 1022 3637 aprilis
1045 3573 1074 3618 a.
1099 3551 1278 3618 undecimo.

410 3691 483 3762 Req.
503 3692 542 3745 83
558 3690 584 3760 f.
603 3689 662 3746 212
679 3705 728 3744 nr.
747 3690 829 3744 1540.

364 4037 479 4105 1165.
505 4040 591 4104 1327
613 4037 713 4103 Mdra
737 4039 790 4102 19.
814 4036 979 4124 Aoiqnoa.

364 4179 524 4247 Iohannes
551 4180 650 4246 XXII
685 4180 795 4246 abbati
825 4180 1009 4246 monasterii
1033 4179 1066 4248 S.
1091 4178 1321 4246 Panthaleonis
1345 4180 1456 4246 Colou.
1481 4186 1513 4246 et
1536 4178 1590 4244 de·

258 4308 338 4356 cauo
363 4287 396 4354 S.
414 4287 515 4354 Maric
538 4287 581 4353 ad
605 4287 725 4372 gradus
748 4287 859 4353 Gelon.
885 4309 924 4353 ac
948 4289 1103 4372 magistro
1127 4287 1247 4353 Iacobo
1272 4286 1313 4352 de
1337 4287 1461 4352 Mutina
1485 4286 1590 4372 capel·

258 4394 331 4460 lano
355 4395 464 4481 papali
487 4394 658 4461 scolastico
675 4395 835 4461 Tullcusis
859 4395 1068 4460 ecclesiarum
1083 4392 1225 4476 mandat,
1251 4395 1399 4477 quatinus
1415 4393 1590 4478 Hildegero

258 4501 459 4569 Constantini
483 4502 524 4569 de
547 4501 853 4588 Ecclesia-Lisolphi
877 4501 1076 4569 subdiacono
1101 4500 1283 4569 Coloniensi
1308 4498 1363 4583 (de
1387 4523 1450 4586 qao
1475 4501 1591 4567 eadem

258 4609 380 4695 differre
403 4619 594 4677 narrantur
617 4631 657 4677 ae
680 4612 716 4676 in
745 4631 797 4675 ur.
822 4611 1020 4696 precedenti
1045 4611 1144 4690 1164)
1181 4607 1328 4673 conferre
1361 4615 1394 4674 et
1425 4605 1592 4692 assignare

259 4721 370 4782 curent
393 4716 472 4783 eccl.
496 4718 529 4785 S.
547 4717 692 4783 Severini
716 4719 941 4783 canonicatum
964 4722 997 4782 et
1020 4714 1215 4802 prebendam
1242 4735 1280 4782 ac
1304 4721 1509 4799 augmentum
1534 4733 1590 4780 seu

258 4821 423 4892 ferculum.
