3642 5509
816 426 885 480 1331
905 423 992 496 apin
1013 425 1036 480 1.
1526 425 1580 480 eos

358 605 434 670 Alta
457 606 583 689 generis
607 607 653 670 tui
677 606 907 691 prosapia...
956 605 1042 672 Sane
1075 604 1198 690 pridem
1224 610 1257 671 te
1280 605 1373 672 nobis
1397 610 1587 690 exponente,

252 711 336 794 quod
362 719 407 794 tu,
432 715 486 796 qui
511 720 587 780 tunc
611 733 693 795 eras,
717 718 812 798 prout
836 714 960 796 existis,
985 715 1017 777 in
1042 713 1217 780 minoribus
1233 712 1401 778 dumtaxat
1425 712 1588 777 ordinibus

250 820 450 903 constitutus,
476 839 516 885 ex
540 821 637 886 certis
657 822 763 886 causis
786 819 829 885 ad
852 819 1089 904 suscipiendum
1114 841 1238 886 sacrum
1256 819 1398 885 ordinem
1416 819 1588 904 dispositus

248 925 429 993 nullatenus
454 928 627 1012 existebas,
652 929 806 1010 nobisque
826 928 1040 1013 supplicante,
1064 934 1099 994 ut
1116 934 1232 1008 tecum,
1257 925 1343 1010 quod
1368 927 1491 994 ratione
1508 926 1588 992 Leo-

249 1032 368 1100 diensis
403 1041 435 1100 et
468 1034 501 1100 S.
526 1034 667 1100 Servatii
703 1035 920 1100 Traiectensis
944 1032 1046 1101 Leod.
1082 1034 1167 1102 dioc.
1202 1035 1409 1100 ecclesiarum
1446 1035 1588 1120 preposi-

248 1147 389 1206 turarum
414 1149 551 1225 tuarum,
587 1128 677 1225 quas,
713 1141 904 1208 Leodiensis
928 1141 1080 1209 videlicet
1116 1163 1185 1208 cum
1222 1162 1300 1208 cura
1335 1149 1367 1208 et
1391 1141 1424 1207 S.
1448 1141 1587 1207 Servatii

248 1248 455 1314 ecclesiarum
474 1250 670 1335 prefatorum
695 1249 764 1315 sine
788 1269 875 1332 cura,
900 1256 932 1315 te
949 1250 1117 1316 asserebas
1142 1269 1182 1314 ex
1200 1248 1438 1334 dispensatione
1459 1254 1586 1333 aposto·

247 1354 311 1421 lica
334 1358 490 1439 obtinere,
515 1356 565 1422 vel
583 1357 723 1451 ¹ulterius
747 1376 856 1422 earum
880 1376 936 1423 seu
960 1359 1186 1440 cuiuscumque
1210 1355 1342 1423 alterius
1367 1357 1469 1422 curati
1493 1356 1587 1420 bene·

247 1460 323 1545 ficii,
359 1462 444 1546 quod
467 1468 501 1530 te
524 1464 668 1530 obtinere
699 1465 910 1548 contingeret,
930 1514 937 1529 .
957 1511 962 1526 .
983 1485 1070 1530 .non
1103 1465 1259 1530 tenereris
1294 1482 1394 1546 usque
1429 1460 1471 1528 ad
1497 1465 1586 1529 certi

247 1571 400 1657 temporis
423 1572 567 1656 spacium
591 1576 667 1637 tanc
692 1590 877 1656 expressum
901 1571 945 1637 ad
969 1591 1078 1638 sacros
1110 1570 1238 1637 ordines
1261 1571 1451 1656 promoveri,
1488 1569 1587 1653 quod-

247 1699 309 1762 que
332 1699 395 1744 uon
428 1678 630 1744 obstantibus
654 1677 783 1744 statutis
815 1698 873 1743 seu
904 1677 1187 1744 consuetudinibus
1214 1677 1350 1744 ecclesie
1378 1676 1585 1755 Coloniensis,

246 1787 279 1850 in
320 1805 383 1868 qua
425 1785 650 1850 canonicatum
689 1790 722 1850 et
759 1784 957 1870 prebendam
996 1806 1036 1851 ac
1074 1785 1305 1852 thesaurariam
1328 1832 1334 1846 .
1356 1784 1585 1868 ..obtinebas

246 1898 341 1978 prout
364 1892 499 1976 obtines,
532 1898 587 1957 aut
610 1892 797 1977 apostolicis
820 1912 875 1958 seu
900 1891 1097 1958 sinodalibus
1121 1892 1172 1958 vel
1195 1891 1447 1977 provincialibus
1470 1893 1586 1957 consti·

246 1999 423 2064 tutioribus
460 1999 529 2066 sive
564 2000 694 2065 statutis
729 2005 762 2064 et
797 1999 1080 2066 consuetudinibus
1116 1998 1292 2082 contrariis,
1329 1999 1443 2082 quibus
1478 2000 1586 2064 caveri

246 2106 424 2189 dicebatur,
458 2104 544 2188 quod
569 2106 673 2172 nullus
705 2109 877 2174 canonicus
907 2126 964 2173 seu
988 2107 1129 2192 prelatus
1158 2106 1299 2173 eiusdem
1328 2106 1464 2172 ecclesie
1494 2105 1586 2172 Golo-

246 2214 366 2279 niensis
390 2215 423 2278 in
447 2211 548 2278 sacris
572 2211 738 2278 ordinibus
761 2233 824 2278 non
848 2214 990 2279 existens
1015 2214 1205 2279 tractatibus
1237 2213 1467 2299 capitularibus
1491 2213 1594 2279 inter·

245 2341 316 2387 esse
340 2327 373 2386 et
397 2319 570 2405 capitulum
594 2320 663 2386 sive
688 2319 898 2401 capitularem
923 2320 1026 2386 locum
1056 2319 1176 2386 ibidem
1204 2321 1325 2386 intrare
1355 2320 1487 2396 valeret,
1523 2320 1586 2387 nisi

248 2432 437 2493 evocaretur
460 2448 490 2495 a.
509 2477 516 2491 .
535 2426 701 2511 ‚capitulo
733 2427 833 2512 ipsius
863 2427 1001 2493 ecclesie
1025 2427 1235 2509 coloniensis,
1271 2447 1382 2513 posses
1405 2426 1586 2494 huiusmodi

245 2535 438 2601 tractatibus
460 2535 627 2617 interesse,
664 2554 704 2600 ac
735 2536 762 2600 si
786 2534 979 2601 constitutus
1012 2536 1043 2600 in
1081 2534 1261 2600 huiusmodi
1296 2535 1396 2601 saeris
1421 2535 1585 2602 ordinibus

244 2642 341 2723 fores,
367 2641 581 2726 'dignaremur
599 2690 606 2704 .
627 2691 634 2706 .
654 2693 660 2705 .
678 2641 876 2727 dispensare,
912 2663 970 2708 nos
1000 2648 1105 2708 tecum
1130 2643 1164 2707 II
1191 2641 1236 2707 kl.
1272 2642 1413 2708 octobris
1439 2643 1584 2728 proximo

243 2751 390 2834 preteriti
414 2769 509 2835 super
532 2749 698 2834 premissis
733 2748 882 2815 duximus
918 2748 1177 2835 dispensandum,
1213 2751 1259 2815 sic
1293 2756 1401 2815 tamen
1431 2747 1518 2832 quod
1542 2748 1585 2815 ad

244 2855 496 2922 subdiaconatus
519 2855 664 2922 ordinem
688 2856 774 2922 infra
797 2856 929 2941 pascale
962 2856 1080 2922 testum
1103 2857 1318 2923 resurexionis
1348 2856 1506 2924 dominice
1530 2877 1583 2921 ex·

243 2968 320 3029 tunc
343 2965 489 3048 proximo
505 2970 688 3029 secuturum
711 2970 745 3030 te
762 2963 888 3029 faceres
904 2965 1095 3048 promoveri,
1120 2970 1153 3029 et
1176 2964 1203 3028 si
1227 2963 1269 3028 ad
1287 2964 1423 3030 eundem
1441 2963 1584 3029 ordinem

243 3070 494 3138 subdiaconatus
519 3076 549 3136 te
577 3072 757 3156 promoveri
790 3071 926 3146 faceres,
963 3077 997 3135 ut
1024 3070 1194 3155 prefertur,
1218 3090 1319 3153 usque
1343 3069 1385 3135 ad
1413 3072 1583 3136 triennium

243 3177 285 3242 ad
309 3179 476 3244 ulteriores
500 3177 629 3243 ordines
652 3179 834 3262 promoveri
851 3178 960 3243 lacere
976 3178 1106 3243 minime
1122 3178 1277 3244 tenereris
1301 3185 1333 3242 et
1357 3176 1582 3260 quodinterim

243 3288 275 3350 in
300 3286 388 3352 dieta
411 3287 550 3353 ecclesia
567 3286 749 3353 Coloniensi
773 3306 885 3353 vocem
903 3286 1040 3352 haberes
1064 3287 1096 3351 in
1121 3284 1331 3352 electionibus
1354 3291 1386 3349 et
1409 3284 1481 3349 aliis
1505 3285 1583 3350 acti·

243 3395 301 3460 bus
325 3396 357 3458 in
383 3394 534 3480 capitulo,
570 3413 609 3459 ac
644 3395 671 3460 si
708 3413 794 3459 esses
829 3395 861 3458 in
898 3395 998 3459 sacris
1029 3392 1194 3459 ordinibus
1218 3393 1419 3458 constitutus.
1467 3392 1583 3457 Subse-

244 3509 378 3585 quenter
402 3507 508 3566 autem
533 3521 604 3566 cum
627 3500 700 3567 finis
726 3499 905 3567 huiusmodi
930 3501 1082 3586 temporis
1098 3500 1238 3586 pascalis
1262 3501 1406 3582 instaret,
1431 3505 1475 3582 tu,
1499 3498 1583 3564 sicut

242 3628 283 3674 ex
307 3615 416 3674 tenore
436 3608 605 3693 petitionis
640 3614 693 3673 tue
729 3608 822 3674 nobis
856 3607 963 3674 oblate
987 3607 1184 3692 collegimus,
1221 3627 1284 3672 non
1322 3606 1436 3673 leceris
1471 3613 1503 3671 te
1539 3605 1583 3672 ad

243 3714 365 3782 dictum
381 3714 631 3780 subdiaconatus
648 3713 793 3781 ordinem
817 3717 997 3800 promoveri
1022 3735 1082 3780 nec
1098 3714 1266 3780 rescderas
1288 3715 1321 3780 in
1346 3714 1484 3780 ecelesia
1500 3712 1582 3779 Leo·

242 3821 345 3888 diensi
368 3820 527 3907 predicta,
552 3841 743 3905 quamquam
769 3843 810 3888 ex
834 3822 964 3889 statutis
997 3829 1029 3887 et
1053 3820 1337 3888 consuetudinibus
1366 3820 1510 3887 eiusdem
1534 3840 1583 3886 ec·

242 3930 340 3996 clesie
363 3927 553 3995 Leodiensis
576 3928 755 3995 iuramento
779 3929 983 4012 confirmatis,
1009 3949 1070 4011 que
1093 3929 1215 4011 iurasti,
1240 3929 1395 3994 tenereris
1419 3927 1505 3993 infra
1529 3948 1583 3992 an-

240 4057 314 4102 num
339 4058 359 4102 a
383 4043 527 4122 tempore
555 4037 765 4103 assecutionis
800 4035 887 4102 dicte
920 4036 1121 4122 prepositure
1153 4034 1355 4119 Leodiensis,
1390 4055 1486 4118 quam
1519 4036 1582 4100 iam

241 4165 299 4229 per
322 4145 483 4210 biennium
508 4145 559 4210 vel
584 4145 671 4210 circa
694 4144 824 4210 tenuisti
856 4152 888 4209 et
913 4144 1037 4210 fructus
1060 4143 1234 4229 percepisti
1258 4144 1354 4209 etiam
1385 4164 1426 4209 ex
1456 4141 1582 4225 eadem,

243 4258 274 4316 te
298 4251 419 4332 facere,
443 4259 539 4337 prout
562 4272 603 4316 ex
625 4251 783 4317 relatione
807 4250 1016 4334 quorumdam
1042 4249 1083 4315 de
1105 4271 1200 4334 novo,
1224 4256 1261 4315 ut
1276 4252 1402 4333 asseris,
1427 4248 1581 4333 didicisti,

243 4357 285 4423 ad
310 4357 561 4424 subdiaconatus
585 4364 617 4422 et
640 4357 831 4424 diaconatus
855 4357 983 4423 ordines
1007 4359 1187 4443 promoveri
1223 4365 1256 4423 et
1288 4359 1470 4423 continuam
1504 4357 1581 4423 resi·

242 4465 384 4532 dentiam
416 4466 523 4532 lacere
556 4467 588 4530 in
613 4465 737 4531 eadem.
785 4464 891 4543 Quare
924 4465 1016 4531 nobis
1039 4465 1177 4530 humiter
1200 4465 1465 4551 supplicasti...
1513 4465 1582 4532 Nos

242 4573 341 4656 igitur
376 4573 416 4638 ob
451 4572 652 4639 nobilitatem
688 4572 826 4659 predicti
862 4574 909 4638 tui
944 4573 1073 4656 generis
1108 4580 1140 4636 et.
1175 4571 1356 4639 huiusmodi
1394 4573 1580 4639 meritorum

241 4687 367 4746 tuorum
390 4681 531 4746 intuitu.
552 4679 663 4745 ..tibi
695 4678 860 4766 predictos
896 4680 1018 4745 tructus
1053 4679 1244 4746 remittimus
1280 4685 1312 4745 et
1347 4679 1580 4746 donamus...

241 4793 337 4872 teque
354 4838 361 4854 .
380 4838 386 4852 .
405 4837 412 4852 .
431 4787 637 4853 babilitamus
653 4794 686 4853 ct
702 4787 843 4853 babilam
859 4785 1022 4853 reddimus
1040 4836 1047 4850 .
1066 4836 1073 4851 .
1092 4836 1099 4852 .
1116 4793 1151 4852 ut
1167 4788 1271 4874 possis
1287 4787 1328 4854 ad
1345 4809 1454 4856 sacros
1471 4806 1582 4858 ornnes
