3642 5509
293 396 329 455 20
820 398 888 455 1321
907 394 1043 454 Februar
1061 394 1103 453 26.

295 578 457 646 confessor
485 580 564 663 eius,
600 599 694 663 quem
718 578 847 645 duxerit
880 580 1074 664 eligendum,
1108 580 1206 645 semel
1237 581 1271 644 in
1299 578 1435 645 articulo
1463 578 1573 644 mortis
1597 579 1626 644 ei

294 689 396 772 possit
419 685 497 753 dare
521 686 648 773 plenam
673 694 878 772 peecatorum
904 688 1134 752 remissionem.

401 794 569 861 Ferventis
593 794 846 861 devocionis...
885 794 961 859 Dat.
978 795 1074 860 Avin.
1099 795 1165 859 IIII
1190 794 1234 859 kl.
1259 796 1369 859 marcii
1393 816 1423 859 a.
1447 794 1627 859 undecimo.

443 937 515 1005 Rep.
535 937 575 988 83
592 936 616 1005 f.
634 936 682 989 58‘
701 951 748 990 nr.
769 937 862 1003 1143;
888 936 940 991 Rz.
959 937 1024 989 815.

401 1200 517 1267 1149.
543 1203 629 1267 1327
653 1168 884 1269 1101100126.
910 1200 1075 1290 Aoipoon.

397 1345 558 1411 Iohannes
589 1345 689 1411 XXII
720 1345 855 1411 Iohanni
889 1344 978 1411 dicto
1011 1345 1052 1411 de
1075 1347 1227 1432 Carpena
1250 1350 1419 1436 capellano
1443 1348 1568 1435 capelle
1592 1349 1626 1414 S.

295 1452 453 1519 Boniiacii
478 1452 587 1518 Colon.
616 1458 760 1518 reservat
788 1451 977 1518 beneficium
1007 1453 1261 1520 ecclesiasticum
1286 1476 1358 1522 cum
1382 1476 1459 1522 cura
1481 1456 1535 1521 vel
1557 1456 1627 1521 aine

294 1579 370 1625 cura
394 1565 579 1625 consuetum
603 1560 644 1625 ab
668 1560 745 1625 olim
768 1560 894 1625 clericis
928 1560 1126 1627 secularibus
1155 1564 1323 1647 assignari,
1358 1564 1448 1628 cuins
1471 1560 1626 1644 redditus,

293 1668 321 1734 si
337 1667 406 1733 sine
422 1686 500 1732 cura
516 1665 623 1749 fuerit,
648 1665 830 1749 quindecim
855 1666 1056 1732 marcharum
1080 1676 1214 1752 argente
1236 1670 1412 1735 secundum
1429 1670 1625 1736 taxationem

294 1772 419 1840 decime
445 1773 586 1839 valorem
619 1792 758 1840 annuum
785 1793 849 1838 non
873 1773 1046 1857 excedant,
1079 1774 1121 1840 ad
1145 1773 1387 1861 dispositionem
1411 1776 1540 1843 abbatis
1563 1797 1628 1841 mo·

293 1882 426 1948 nasterii
450 1880 630 1947 Tuiciensis
654 1878 721 1945 ord.
746 1879 780 1946 S.
808 1879 929 1946 Bened.
954 1880 1064 1946 Colon.
1090 1880 1173 1948 dioc.
1196 1890 1357 1968 spectans,
1387 1904 1451 1950 non
1478 1883 1628 1950 obstante

294 1986 381 2069 qnod
405 1987 562 2073 capellam
586 1986 620 2052 S.
637 1986 796 2052 Bonilacii
821 1988 932 2054 Colon.
958 1988 1092 2054 obtinet.

401 2096 577 2161 Probitatis
600 2101 655 2160 tue
677 2094 859 2161 merita...
895 2096 971 2162 Dat.
996 2096 1057 2161 Ar.
1082 2096 1150 2162 IIII
1165 2096 1211 2162 kl.
1228 2099 1385 2165 maroilo.
1402 2097 1582 2165 undecimo.

402 2201 438 2267 In
463 2221 491 2267 e.
516 2222 557 2267 m.
592 2200 874 2268 Halberstadensis
907 2208 940 2267 et
963 2201 997 2267 S.
1023 2203 1125 2268 Mario
1149 2202 1191 2268 ad
1215 2203 1338 2287 gradus
1361 2204 1472 2270 Colon.
1497 2204 1629 2271 decanis

295 2329 334 2377 ac
357 2307 533 2395 Raynardo
557 2307 598 2373 de
622 2308 833 2393 Westerburg
857 2310 1012 2375 canonico
1036 2310 1146 2375 Goion.
1173 2310 1390 2377 ecelesiarum.

443 2450 516 2521 aeq.
536 2450 575 2504 aa
591 2448 616 2519 f.
636 2454 673 2505 45
696 2465 744 2505 nr.
764 2450 845 2505 1106.

399 2753 517 2820 noo.
551 2755 636 2819 1327
658 2754 812 2820 Febr-nor
835 2756 888 2819 26.
918 2751 1082 2841 Aca‘qnoa.

402 2895 562 2962 Iohannes
574 2895 674 2961 XXII
697 2896 837 2962 Henrico
861 2896 948 2962 dicto
972 2895 1013 2961 de
1029 2896 1253 2963 Zwenbrnken
1277 2899 1432 2965 canonico
1451 2898 1531 2965 eccl.
1545 2900 1628 2964 Bnn·

294 3004 402 3072 nensis
433 3010 579 3069 reservat
609 3001 795 3069 beneficium
830 3004 1083 3069 ecclesiasticum
1115 3024 1187 3069 cum
1211 3025 1288 3070 cura
1310 3004 1354 3071 ad
1384 3005 1627 3091 dispositionem

296 3111 453 3179 cellerarii
476 3110 615 3177 ecclesie
638 3110 816 3175 Bnnnensis
840 3109 951 3177 Colon.
976 3108 1061 3175 dioc.
1085 3117 1246 3195 spectans,
1281 3132 1344 3177 non
1368 3113 1517 3178 obstante
1541 3112 1628 3196 qnod

294 3220 327 3285 in
350 3217 439 3285 dicta
463 3216 625 3283 Bunnensi
649 3217 728 3282 eccl.
753 3217 977 3283 canonicatum
1001 3222 1035 3281 et
1058 3217 1255 3301 prebendam
1279 3220 1412 3285 obtinet.

401 3324 597 3392 Laudabilia
620 3324 706 3391 dona
729 3325 880 3391 virtutum
905 3374 913 3391 .
938 3373 948 3394 .
973 3373 981 3389 .
1011 3325 1087 3390 Dat.
1104 3325 1199 3392 Avin.
1222 3326 1289 3390 IIII
1313 3325 1358 3391 kl.
1382 3327 1495 3392 marcii
1518 3348 1548 3392 a.
1573 3346 1628 3392 nn·

294 3432 431 3500 decimo.

401 3541 440 3606 In
463 3561 492 3607 e.
516 3562 558 3606 m.
587 3542 698 3608 abbati
721 3541 907 3608 monasterii
931 3540 1148 3606 Horbacensis
1171 3538 1325 3607 Metensis
1349 3539 1433 3606 dioc.
1458 3546 1491 3606 et
1514 3561 1628 3627 prepo-

293 3646 356 3715 sito
380 3667 420 3713 ac
443 3648 597 3732 magistro
622 3646 799 3714 (lodelrido
823 3648 863 3713 de
887 3648 921 3714 S.
940 3646 1115 3712 Cnniberto
1140 3648 1294 3712 canonico
1319 3646 1399 3713 eccl.
1425 3646 1537 3713 Goion.

457 3790 531 3861 Req.
550 3791 589 3843 83
605 3787 629 3858 f.
649 3788 696 3843 65‘
714 3804 762 3843 nr.
782 3790 862 3844 1134.

400 4078 511 4148 1151.
547 4080 632 4146 1327
661 4080 816 4146 Fodraar
836 4080 890 4144 26.
918 4079 1082 4166 Aviqoon.

397 4221 558 4290 Iohannes
583 4221 683 4287 XXII
715 4220 851 4287 Iohanni
875 4221 962 4287 dicto
986 4222 1150 4289 Visclman
1173 4220 1215 4286 de
1236 4220 1351 4286 Bnnna
1373 4219 1492 4287 clerico
1515 4220 1627 4290 Colon.

295 4330 378 4396 dioc.
404 4335 548 4397 reservat
576 4328 766 4395 beneficinm
795 4328 1050 4395 ecclesiasticum
1079 4348 1149 4393 cnm
1181 4348 1259 4394 cura
1281 4328 1333 4393 vel
1361 4327 1431 4393 sine
1454 4348 1532 4394 cura
1556 4350 1630 4395 con·

294 4446 418 4506 suetum
434 4437 477 4504 ab
498 4438 574 4504 olim
598 4436 723 4503 clericis
745 4435 943 4503 secularibus
966 4436 1136 4520 assignari,
1159 4441 1310 4520 spectans
1325 4434 1369 4500 ad
1384 4434 1629 4522 dispositionem

294 4546 458 4613 abbatisse
482 4550 515 4611 et
537 4549 715 4610 conventus
746 4542 932 4609 monasterii
962 4541 996 4607 in
1019 4541 1193 4624 Ditkirgen
1221 4538 1290 4606 ord.
1314 4540 1346 4607 S.
1370 4540 1491 4607 Bened.
1516 4541 1627 4610 Oolon.

294 4650 390 4737 dioc,
416 4653 505 4718 onius
528 4649 683 4734 redditus,
707 4650 734 4717 si
755 4649 823 4715 sine
840 4668 917 4714 cura
939 4648 1046 4729 luerit,
1071 4645 1254 4731 quindecim
1277 4646 1477 4714 marcharum
1501 4652 1629 4735 argenti

294 4759 469 4829 secundum
494 4758 690 4824 taxationem
714 4755 840 4823 decime
865 4755 1005 4821 valorem
1029 4773 1168 4820 annuum
1191 4774 1254 4820 non
1283 4752 1456 4841 excedant,
1485 4776 1550 4823 non
1573 4759 1629 4826 ob·
