3642 5509
789 458 860 519 1327
879 458 1011 520 October
1030 460 1072 521 16.

370 669 494 738 18⁰8.
521 675 607 738 1327
633 674 773 739 October
797 675 849 738 16.
873 671 1039 758 Aoipoorr.

371 819 530 885 Iohannes
542 818 640 883 XXII
665 816 868 884 Theoderico
883 816 1037 883 Iohannis
1061 814 1102 882 de
1118 813 1328 901 Longadomo
1353 816 1469 883 clerico
1483 816 1593 883 Colon.

261 926 345 993 dioc.
374 931 518 994 reservat
542 926 730 992 beneficium
755 924 1010 992 ecclesiasticum
1034 923 1075 991 ad
1100 944 1231 1011 presens
1247 946 1367 993 vacans
1383 925 1433 993 vel
1449 927 1594 1011 proxime

264 1041 464 1116 vocaturum,
496 1039 647 1119 spectans
679 1032 721 1100 ad
755 1032 997 1118 dispositionem
1021 1034 1175 1119 prepositi
1200 1040 1232 1099 et
1254 1034 1389 1119 capituli
1413 1034 1491 1101 eccl.
1517 1034 1594 1099 Tra·

262 1141 422 1223 iectensis,
460 1141 550 1207 cuius
577 1141 709 1223 fructus,
743 1141 770 1206 si
794 1146 949 1219 curatum,
985 1141 1109 1224 ulgiuti,
1145 1142 1171 1207 si
1195 1161 1271 1207 vero
1295 1142 1362 1208 sine
1386 1162 1463 1208 cura
1486 1141 1592 1225 fucrit,

261 1248 444 1333 quindecim
467 1249 667 1317 marcharum
692 1250 817 1334 argenti
841 1270 867 1315 s.
884 1256 907 1315 t.
925 1248 956 1314 d.
981 1249 1121 1316 valorem
1146 1269 1285 1315 annuum
1309 1270 1372 1316 non
1396 1248 1565 1317 excedant.

366 1356 461 1424 Sedis
484 1356 660 1443 apostolice
684 1356 887 1443 providentio
904 1406 912 1423 .
931 1406 965 1423 ..
1002 1358 1078 1423 Dat.
1101 1357 1196 1424 Avin.
1224 1358 1319 1425 XVII
1342 1358 1387 1425 kl.
1411 1360 1593 1427 novembris

259 1485 289 1529 a.
314 1463 515 1535 duodecimo.

365 1574 414 1638 In.
439 1593 466 1638 e.
490 1594 533 1639 ιιι.
567 1572 757 1639 Sanxtcnsis
781 1579 814 1638 et
838 1571 1023 1639 Werdensis
1047 1573 1156 1640 Golon.
1188 1572 1272 1639 dioc.
1302 1572 1434 1640 decanis
1463 1596 1503 1641 uc
1526 1596 1592 1641 ma·

256 1681 358 1763 gistro
385 1679 522 1748 Nicolao
550 1678 592 1745 de
615 1680 743 1746 Fractis
776 1680 932 1746 canonico
964 1681 1169 1749 Patracensis
1202 1680 1280 1749 eccl.
1314 1680 1492 1749 litterarum
1516 1703 1591 1770 apo·

257 1788 442 1855 stolicarum
466 1788 650 1854 correctori.

417 1921 492 1991 ch.
511 1922 550 1975 86
567 1920 592 1991 f.
612 1920 658 1978 76¹
675 1936 724 1975 nr.
743 1920 809 1977 205.

361 2204 483 2272 18⁰9.
516 2206 602 2271 1327
623 2206 764 2272 October
788 2208 838 2270 17.
862 2200 1026 2292 Aoipooo.

362 2348 523 2415 Iohannes
547 2349 645 2413 XXII
680 2347 779 2415 nobili
812 2348 936 2415 mulieri
961 2349 1147 2434 Margarete
1181 2348 1292 2415 relicte
1321 2347 1482 2433 quondam
1506 2348 1588 2433 Ray·

255 2456 344 2523 nuldi
368 2457 495 2524 comitis
519 2457 683 2523 Gelrensis
715 2455 872 2541 indulget,
902 2463 938 2523 ut
962 2456 1030 2523 eius
1054 2457 1228 2540 confessor,
1263 2475 1357 2540 quem
1381 2454 1423 2522 ad
1447 2454 1509 2522 hoc
1533 2455 1588 2521 du·

256 2565 339 2631 xerit
362 2563 555 2648 eligendum,
582 2565 719 2629 onmium
743 2571 959 2649 peccatorum,
990 2562 1031 2629 de
1055 2565 1169 2647 quibus
1194 2562 1291 2630 eorde
1316 2563 1453 2629 contrita
1477 2568 1510 2629 et
1533 2582 1588 2629 ure

257 2672 405 2739 confessa
427 2671 535 2755 inerit,
561 2692 632 2738 eam
655 2672 783 2756 plenam
808 2671 1036 2756 remissionem,
1062 2692 1158 2755 quam
1174 2670 1311 2737 Romani
1327 2668 1496 2756 pontifices
1515 2691 1588 2737 con-

256 2788 427 2846 sueverunt
458 2779 618 2846 interdum
647 2800 705 2864 per
728 2779 870 2865 speciale
893 2779 1098 2865 privilegium
1120 2778 1266 2865 personis
1289 2778 1450 2863 aliquibus
1473 2779 1588 2864 imper·

256 2888 318 2969 tiri,
347 2886 497 2971 quatinus
526 2887 635 2953 claves
662 2886 799 2953 ecclesie
823 2906 859 2954 so
883 2884 1061 2952 extendunt
1093 2891 1126 2952 et
1148 2891 1275 2970 gratum
1299 2887 1331 2951 ln
1355 2886 1456 2953 oculis
1481 2885 1589 2953 divine

256 2995 433 3062 maiestatis
457 2996 610 3078 extiterit,
642 2995 673 3060 in
698 2995 809 3060 mortis
831 2993 967 3059 articulo
991 2994 1184 3061 auctoritate
1207 2993 1386 3079 apostolica
1409 2992 1588 3060 concedere

256 3102 377 3181 valeot3
401 3104 449 3169 sic
473 3110 581 3169 tumen
605 3100 690 3186 quod
713 3100 798 3167 idem
823 3101 988 3169 confessor
1009 3100 1052 3167 de
1075 3100 1148 3185 hiis,
1173 3100 1349 3185 dequibus
1372 3100 1470 3166 luerit
1493 3100 1587 3167 alteri

255 3210 436 3278 satisfactio
459 3208 687 3298 impendenda,
721 3229 791 3275 eum
821 3209 882 3294 ipsi
910 3207 1107 3294 peripsam,
1144 3210 1172 3276 si
1196 3207 1420 3294 supervixerit,
1453 3206 1507 3273 vel
1529 3227 1588 3292 per

255 3316 354 3402 ipsius
377 3316 523 3399 heredes,
547 3317 574 3383 si
598 3323 674 3383 tnnc
696 3316 781 3383 forte
804 3316 976 3399 transterit,
1001 3316 1183 3382 faciendam
1207 3316 1365 3400 iniungat.

359 3423 487 3491 Eximie
510 3423 691 3491 devotionis
713 3423 865 3489 ellectum
883 3472 892 3489 .
910 3470 918 3488 .
937 3472 945 3489 .
978 3424 1055 3490 Dat.
1080 3422 1175 3491 Avin.
1193 3422 1272 3489 XVI
1288 3421 1333 3488 kl.
1357 3421 1540 3489 novembris
1556 3442 1586 3488 a.

254 3529 455 3597 duodecimo.

413 3673 486 3742 Rep.
505 3673 544 3726 86
561 3672 585 3743 f.
606 3671 664 3728 296
679 3686 728 3725 nr.
747 3672 812 3727 834.

358 3946 474 4014 lero.
499 3949 586 4012 1327
610 3948 750 4014 October
774 3948 825 4013 17.
853 3945 1018 4034 Acipaoa.

358 4091 518 4157 Iohannes
543 4090 642 4156 XXII
677 4089 775 4157 nobili
805 4090 929 4155 mulieri
954 4088 1115 4175 Phylippe
1138 4096 1213 4157 nate
1237 4087 1396 4175 quondam
1421 4086 1585 4174 Raynaldi

253 4197 379 4265 comitis
395 4198 557 4265 Gelrcnsis
580 4195 738 4281 indulget,
762 4202 797 4263 ut
821 4198 889 4265 eius
913 4196 1086 4282 consessor,
1112 4218 1205 4282 quem
1231 4194 1351 4262 adhoc
1375 4193 1506 4261 duxerit
1529 4193 1584 4261 eli·

252 4304 401 4391 gendum,
430 4305 569 4372 omnium
597 4312 804 4389 peccatorum
825 4306 956 4391 plenam
980 4306 1197 4373 remissionem
1221 4304 1321 4369 semel
1345 4302 1378 4368 in
1401 4304 1513 4369 mortis
1536 4323 1585 4368 ar·

252 4411 350 4479 ticulo
374 4413 404 4478 ei
428 4410 606 4479 concedere
629 4411 746 4479 valeat.

356 4519 485 4585 Eximio
512 4517 692 4586 devotionis
720 4524 782 4584 etc.
811 4568 819 4584 .
849 4567 856 4584 .
885 4566 893 4580 .
953 4518 1029 4584 Dat.
1053 4516 1150 4584 Avin.
1175 4516 1255 4584 XVI
1278 4516 1324 4584 lrl.
1348 4516 1530 4584 novembris
1553 4536 1583 4583 c.

252 4624 452 4694 duodecimo.

409 4776 482 4847 uoq.
502 4778 540 4832 cr
556 4776 582 4847 f.
601 4780 654 4831 111
672 4791 719 4831 or.
740 4775 816 4832 2321
822 4798 832 4842 ,·
851 4778 903 4832 uz.
923 4776 1010 4845 9240,
1029 4792 1059 4832 o.
1078 4779 1103 4830 1.
1179 4752 1183 4757 ’
