<?xml version="1.0" encoding="UTF-8"?>
<!DOCTYPE html PUBLIC "-//W3C//DTD XHTML 1.0 Transitional//EN"
    "http://www.w3.org/TR/xhtml1/DTD/xhtml1-transitional.dtd">
<html xmlns="http://www.w3.org/1999/xhtml" xml:lang="en" lang="en">
 <head>
  <title>
</title>
<meta http-equiv="Content-Type" content="text/html;charset=utf-8" />
  <meta name='ocr-system' content='tesseract 3.04.00' />
  <meta name='ocr-capabilities' content='ocr_page ocr_carea ocr_par ocr_line ocrx_word'/>
</head>
<body>
  <div class='ocr_page' id='page_1' title='image "./urkundenundrege00thimgoog_0584.png"; bbox 0 0 3642 5509; ppageno 0'>
   <div class='ocr_carea' id='block_1_1' title="bbox 742 399 1542 473">
    <p class='ocr_par' dir='ltr' id='par_1_1' title="bbox 742 399 1542 473">
     <span class='ocr_line' id='line_1_1' title="bbox 742 399 1542 473; baseline -0.001 -18"><span class='ocrx_word' id='word_1_1' title='bbox 742 401 813 458; x_wconf 87' lang='grc'>5555</span> <span class='ocrx_word' id='word_1_2' title='bbox 832 400 955 473; x_wconf 76' lang='lat' dir='ltr'>August</span> <span class='ocrx_word' id='word_1_3' title='bbox 974 402 1015 457; x_wconf 93' lang='lat' dir='ltr'>1o.</span> <span class='ocrx_word' id='word_1_4' title='bbox 1489 399 1542 454; x_wconf 88' lang='lat'>555</span> 
     </span>
    </p>
   </div>
   <div class='ocr_carea' id='block_1_2' title="bbox 211 579 1542 883">
    <p class='ocr_par' dir='ltr' id='par_1_2' title="bbox 211 579 1542 883">
     <span class='ocr_line' id='line_1_2' title="bbox 211 579 1541 668; baseline -0.005 -19"><span class='ocrx_word' id='word_1_5' title='bbox 211 581 369 665; x_wconf 87' lang='lat' dir='ltr'><strong>ordinum,</strong></span> <span class='ocrx_word' id='word_1_6' title='bbox 402 602 482 665; x_wconf 89' lang='lat' dir='ltr'>quos</span> <span class='ocrx_word' id='word_1_7' title='bbox 508 581 607 648; x_wconf 88' lang='lat' dir='ltr'>habet</span> <span class='ocrx_word' id='word_1_8' title='bbox 634 581 732 648; x_wconf 87' lang='lat' dir='ltr'>etad</span> <span class='ocrx_word' id='word_1_9' title='bbox 759 583 955 668; x_wconf 89' lang='lat' dir='ltr'>superiorem</span> <span class='ocrx_word' id='word_1_10' title='bbox 984 601 1135 648; x_wconf 78' lang='lat' dir='ltr'>asscensu</span> <span class='ocrx_word' id='word_1_11' title='bbox 1165 582 1227 648; x_wconf 89' lang='lat' dir='ltr'>sibi</span> <span class='ocrx_word' id='word_1_12' title='bbox 1257 587 1412 666; x_wconf 89' lang='lat' dir='ltr'>perpetuo</span> <span class='ocrx_word' id='word_1_13' title='bbox 1446 579 1541 644; x_wconf 89' lang='lat' dir='ltr'>inter-</span> 
     </span>
     <span class='ocr_line' id='line_1_3' title="bbox 211 685 1542 774; baseline -0.003 -20"><span class='ocrx_word' id='word_1_14' title='bbox 211 689 317 771; x_wconf 81' lang='lat' dir='ltr'>dictis,</span> <span class='ocrx_word' id='word_1_15' title='bbox 350 689 542 756; x_wconf 76' lang='lat' dir='ltr'>mandantes</span> <span class='ocrx_word' id='word_1_16' title='bbox 564 689 595 755; x_wconf 92' lang='lat' dir='ltr'>ei</span> <span class='ocrx_word' id='word_1_17' title='bbox 618 690 702 756; x_wconf 86' lang='lat' dir='ltr'>inter</span> <span class='ocrx_word' id='word_1_18' title='bbox 725 689 791 755; x_wconf 90' lang='lat' dir='ltr'>alia</span> <span class='ocrx_word' id='word_1_19' title='bbox 814 691 872 756; x_wconf 91' lang='lat' dir='ltr'>sub</span> <span class='ocrx_word' id='word_1_20' title='bbox 896 689 1007 755; x_wconf 88' lang='lat' dir='ltr'>debito</span> <span class='ocrx_word' id='word_1_21' title='bbox 1032 689 1156 774; x_wconf 89' lang='lat' dir='ltr'>prestiti</span> <span class='ocrx_word' id='word_1_22' title='bbox 1180 688 1359 769; x_wconf 87' lang='lat' dir='ltr'>iuramenti,</span> <span class='ocrx_word' id='word_1_23' title='bbox 1390 694 1426 752; x_wconf 91' lang='lat' dir='ltr'>ut</span> <span class='ocrx_word' id='word_1_24' title='bbox 1449 685 1542 751; x_wconf 89' lang='lat' dir='ltr'>militi</span> 
     </span>
     <span class='ocr_line' id='line_1_4' title="bbox 212 794 1542 883; baseline -0.004 -21"><span class='ocrx_word' id='word_1_25' title='bbox 212 818 308 883; x_wconf 91' lang='lat' dir='ltr'>passo</span> <span class='ocrx_word' id='word_1_26' title='bbox 330 797 489 880; x_wconf 87' lang='lat' dir='ltr'>iniuriam,</span> <span class='ocrx_word' id='word_1_27' title='bbox 513 800 539 862; x_wconf 89' lang='lat' dir='ltr'>si</span> <span class='ocrx_word' id='word_1_28' title='bbox 564 818 627 862; x_wconf 92' lang='lat' dir='ltr'>non</span> <span class='ocrx_word' id='word_1_29' title='bbox 650 796 856 878; x_wconf 77' lang='lat' dir='ltr'>satisfecerit,</span> <span class='ocrx_word' id='word_1_30' title='bbox 880 797 1064 862; x_wconf 80' lang='lat' dir='ltr'>satisfaciat</span> <span class='ocrx_word' id='word_1_31' title='bbox 1087 802 1315 880; x_wconf 82' lang='lat' dir='ltr'>competenter.</span> <span class='ocrx_word' id='word_1_32' title='bbox 1355 794 1420 860; x_wconf 92' lang='lat' dir='ltr'>Vos</span> <span class='ocrx_word' id='word_1_33' title='bbox 1437 801 1542 860; x_wconf 88' lang='lat' dir='ltr'>autem</span> 
     </span>
    </p>
   </div>
   <div class='ocr_carea' id='block_1_3' title="bbox 212 901 1542 1312">
    <p class='ocr_par' dir='ltr' id='par_1_3' title="bbox 212 901 1542 1312">
     <span class='ocr_line' id='line_1_5' title="bbox 212 901 1542 989; baseline -0.004 -19"><span class='ocrx_word' id='word_1_34' title='bbox 212 903 416 971; x_wconf 89' lang='lat' dir='ltr'>considerata</span> <span class='ocrx_word' id='word_1_35' title='bbox 440 905 536 989; x_wconf 89' lang='grc'>55155</span> <span class='ocrx_word' id='word_1_36' title='bbox 559 906 658 988; x_wconf 89' lang='grc'>155155</span> <span class='ocrx_word' id='word_1_37' title='bbox 685 905 861 988; x_wconf 86' lang='lat' dir='ltr'>iniungatis</span> <span class='ocrx_word' id='word_1_38' title='bbox 884 905 946 970; x_wconf 93' lang='lat' dir='ltr'>sibi</span> <span class='ocrx_word' id='word_1_39' title='bbox 970 903 1044 969; x_wconf 91' lang='lat' dir='ltr'>inde</span> <span class='ocrx_word' id='word_1_40' title='bbox 1069 904 1262 969; x_wconf 87' lang='lat' dir='ltr'>anctoritate</span> <span class='ocrx_word' id='word_1_41' title='bbox 1285 901 1433 987; x_wconf 89' lang='lat' dir='ltr'>predicta</span> <span class='ocrx_word' id='word_1_42' title='bbox 1457 902 1542 985; x_wconf 92' lang='lat' dir='ltr'>peni-</span> 
     </span>
     <span class='ocr_line' id='line_1_6' title="bbox 212 1009 1541 1097; baseline -0.002 -22"><span class='ocrx_word' id='word_1_43' title='bbox 212 1013 345 1078; x_wconf 89' lang='lat' dir='ltr'>tentiam</span> <span class='ocrx_word' id='word_1_44' title='bbox 380 1013 551 1078; x_wconf 86' lang='lat' dir='ltr'>sulutarem</span> <span class='ocrx_word' id='word_1_45' title='bbox 588 1010 643 1096; x_wconf 89' lang='lat' dir='ltr'>[et]</span> <span class='ocrx_word' id='word_1_46' title='bbox 680 1013 794 1097; x_wconf 91' lang='lat' dir='ltr'>ipsum,</span> <span class='ocrx_word' id='word_1_47' title='bbox 830 1012 856 1078; x_wconf 91' lang='lat' dir='ltr'>si</span> <span class='ocrx_word' id='word_1_48' title='bbox 892 1011 1083 1078; x_wconf 82' lang='lat' dir='ltr'>satisfacere</span> <span class='ocrx_word' id='word_1_49' title='bbox 1119 1011 1201 1076; x_wconf 84' lang='grc'>15515</span> <span class='ocrx_word' id='word_1_50' title='bbox 1237 1009 1475 1094; x_wconf 86' lang='lat' dir='ltr'>contempserit,</span> <span class='ocrx_word' id='word_1_51' title='bbox 1511 1009 1541 1072; x_wconf 95' lang='lat' dir='ltr'>in</span> 
     </span>
     <span class='ocr_line' id='line_1_7' title="bbox 212 1117 1541 1186; baseline -0.002 -3"><span class='ocrx_word' id='word_1_52' title='bbox 212 1118 348 1184; x_wconf 88' lang='lat' dir='ltr'>eandem</span> <span class='ocrx_word' id='word_1_53' title='bbox 373 1119 932 1186; x_wconf 85' lang='lat' dir='ltr'>excommunicationissentenciam</span> <span class='ocrx_word' id='word_1_54' title='bbox 956 1117 1109 1184; x_wconf 80' lang='lat' dir='ltr'>recidisse</span> <span class='ocrx_word' id='word_1_55' title='bbox 1132 1118 1300 1183; x_wconf 87' lang='lat' dir='ltr'>nuncietIs.</span> <span class='ocrx_word' id='word_1_56' title='bbox 1347 1117 1541 1182; x_wconf 74' lang='lat' dir='ltr'>Datilum.</span> 
     </span>
     <span class='ocr_line' id='line_1_8' title="bbox 212 1224 1391 1312; baseline -0.001 -23"><span class='ocrx_word' id='word_1_57' title='bbox 212 1226 292 1290; x_wconf 90' lang='lat' dir='ltr'>VIII</span> <span class='ocrx_word' id='word_1_58' title='bbox 315 1225 388 1291; x_wconf 89' lang='lat' dir='ltr'>idus</span> <span class='ocrx_word' id='word_1_59' title='bbox 411 1227 539 1310; x_wconf 85' lang='lat' dir='ltr'>augusti</span> <span class='ocrx_word' id='word_1_60' title='bbox 563 1235 650 1312; x_wconf 92' lang='lat' dir='ltr'>pont.</span> <span class='ocrx_word' id='word_1_61' title='bbox 676 1226 797 1291; x_wconf 91' lang='lat' dir='ltr'>domini</span> <span class='ocrx_word' id='word_1_62' title='bbox 822 1224 989 1291; x_wconf 88' lang='lat' dir='ltr'>Benedicti</span> <span class='ocrx_word' id='word_1_63' title='bbox 1013 1245 1097 1310; x_wconf 88' lang='lat' dir='ltr'>pape</span> <span class='ocrx_word' id='word_1_64' title='bbox 1121 1224 1187 1289; x_wconf 87' lang='lat' dir='ltr'>XII</span> <span class='ocrx_word' id='word_1_65' title='bbox 1212 1245 1240 1289; x_wconf 91' lang='grc'>5.</span> <span class='ocrx_word' id='word_1_66' title='bbox 1266 1231 1391 1306; x_wconf 89' lang='lat' dir='ltr'>quartu.</span> 
     </span>
    </p>
   </div>
   <div class='ocr_carea' id='block_1_4' title="bbox 361 1341 1475 1420">
    <p class='ocr_par' dir='ltr' id='par_1_4' title="bbox 361 1341 1475 1420">
     <span class='ocr_line' id='line_1_9' title="bbox 361 1341 1475 1420; baseline -0.003 -16"><span class='ocrx_word' id='word_1_67' title='bbox 361 1351 506 1420; x_wconf 78' lang='grc'>1155151515</span> <span class='ocrx_word' id='word_1_68' title='bbox 524 1351 627 1420; x_wconf 83' lang='lat' dir='ltr'>Losse,</span> <span class='ocrx_word' id='word_1_69' title='bbox 646 1349 794 1406; x_wconf 57' lang='lat' dir='ltr'>Diadum</span> <span class='ocrx_word' id='word_1_70' title='bbox 811 1367 866 1406; x_wconf 86' lang='lat' dir='ltr'>ms.</span> <span class='ocrx_word' id='word_1_71' title='bbox 884 1350 910 1419; x_wconf 83' lang='lat' dir='ltr'>f.</span> <span class='ocrx_word' id='word_1_72' title='bbox 931 1353 996 1406; x_wconf 78' lang='lat'><strong><em>133‘</em></strong></span> <span class='ocrx_word' id='word_1_73' title='bbox 1016 1341 1316 1404; x_wconf 71' lang='lat' dir='ltr'>Darmstadt.&#39;slrclr.</span> <span class='ocrx_word' id='word_1_74' title='bbox 1335 1346 1475 1404; x_wconf 83' lang='lat' dir='ltr'>Hassiae.</span> 
     </span>
    </p>
   </div>
   <div class='ocr_carea' id='block_1_5' title="bbox 316 1622 986 1712">
    <p class='ocr_par' dir='ltr' id='par_1_5' title="bbox 316 1622 986 1712">
     <span class='ocr_line' id='line_1_10' title="bbox 316 1622 986 1712; baseline -0.001 -23"><span class='ocrx_word' id='word_1_75' title='bbox 316 1622 442 1689; x_wconf 74' lang='lat'>2344.</span> <span class='ocrx_word' id='word_1_76' title='bbox 476 1627 562 1690; x_wconf 83' lang='lat'><em>1338</em></span> <span class='ocrx_word' id='word_1_77' title='bbox 586 1623 718 1711; x_wconf 69' lang='lat' dir='ltr'>depost</span> <span class='ocrx_word' id='word_1_78' title='bbox 744 1627 796 1690; x_wconf 90' lang='lat'>10.</span> <span class='ocrx_word' id='word_1_79' title='bbox 820 1623 986 1712; x_wconf 78' lang='lat' dir='ltr'>Aoipaoo.</span> 
     </span>
    </p>
   </div>
   <div class='ocr_carea' id='block_1_6' title="bbox 210 1765 1543 3572">
    <p class='ocr_par' dir='ltr' id='par_1_6' title="bbox 319 1765 1046 1852">
     <span class='ocr_line' id='line_1_11' title="bbox 319 1765 1046 1852; baseline 0.004 -22"><span class='ocrx_word' id='word_1_80' title='bbox 319 1765 527 1850; x_wconf 88' lang='lat' dir='ltr'>[Benedictus</span> <span class='ocrx_word' id='word_1_81' title='bbox 551 1767 628 1852; x_wconf 86' lang='lat' dir='ltr'>XII]</span> <span class='ocrx_word' id='word_1_82' title='bbox 653 1767 787 1833; x_wconf 85' lang='lat' dir='ltr'>Iohanni</span> <span class='ocrx_word' id='word_1_83' title='bbox 811 1767 881 1852; x_wconf 84' lang='lat' dir='ltr'>regi</span> <span class='ocrx_word' id='word_1_84' title='bbox 906 1769 1046 1835; x_wconf 90' lang='lat' dir='ltr'>Bocmie.</span> 
     </span>
    </p>

    <p class='ocr_par' dir='ltr' id='par_1_7' title="bbox 210 1873 1543 3572">
     <span class='ocr_line' id='line_1_12' title="bbox 319 1873 1542 1960; baseline 0.001 -23"><span class='ocrx_word' id='word_1_85' title='bbox 319 1873 508 1939; x_wconf 92' lang='lat' dir='ltr'>Venientem</span> <span class='ocrx_word' id='word_1_86' title='bbox 547 1874 589 1939; x_wconf 87' lang='lat' dir='ltr'>ad</span> <span class='ocrx_word' id='word_1_87' title='bbox 626 1877 821 1960; x_wconf 88' lang='lat' dir='ltr'>presentiam</span> <span class='ocrx_word' id='word_1_88' title='bbox 853 1883 993 1942; x_wconf 89' lang='lat' dir='ltr'>nostram</span> <span class='ocrx_word' id='word_1_89' title='bbox 1029 1875 1181 1941; x_wconf 89' lang='lat' dir='ltr'>dilectum</span> <span class='ocrx_word' id='word_1_90' title='bbox 1218 1875 1315 1940; x_wconf 86' lang='lat' dir='ltr'>tilium</span> <span class='ocrx_word' id='word_1_91' title='bbox 1349 1874 1542 1939; x_wconf 90' lang='lat' dir='ltr'>Voelconem</span> 
     </span>
     <span class='ocr_line' id='line_1_13' title="bbox 212 1980 1542 2068; baseline 0.001 -24"><span class='ocrx_word' id='word_1_92' title='bbox 212 1980 361 2045; x_wconf 88' lang='lat' dir='ltr'>clericum</span> <span class='ocrx_word' id='word_1_93' title='bbox 385 1982 593 2048; x_wconf 83' lang='lat' dir='ltr'>secretarium</span> <span class='ocrx_word' id='word_1_94' title='bbox 617 1985 740 2066; x_wconf 84' lang='lat' dir='ltr'>regium</span> <span class='ocrx_word' id='word_1_95' title='bbox 764 1991 796 2048; x_wconf 93' lang='lat' dir='ltr'>et</span> <span class='ocrx_word' id='word_1_96' title='bbox 820 1984 944 2049; x_wconf 84' lang='lat' dir='ltr'>litteras</span> <span class='ocrx_word' id='word_1_97' title='bbox 968 1984 1086 2068; x_wconf 84' lang='lat' dir='ltr'>regaIIs</span> <span class='ocrx_word' id='word_1_98' title='bbox 1109 1982 1346 2066; x_wconf 82' lang='lat' dir='ltr'>magnificentie</span> <span class='ocrx_word' id='word_1_99' title='bbox 1370 1981 1462 2047; x_wconf 89' lang='lat' dir='ltr'>nobis</span> <span class='ocrx_word' id='word_1_100' title='bbox 1486 2002 1542 2066; x_wconf 91' lang='grc'>555</span> 
     </span>
     <span class='ocr_line' id='line_1_14' title="bbox 211 2089 1542 2175; baseline 0 -23"><span class='ocrx_word' id='word_1_101' title='bbox 211 2109 282 2153; x_wconf 87' lang='grc'>555</span> <span class='ocrx_word' id='word_1_102' title='bbox 306 2095 509 2173; x_wconf 86' lang='lat' dir='ltr'>presentatus</span> <span class='ocrx_word' id='word_1_103' title='bbox 532 2090 671 2174; x_wconf 85' lang='lat' dir='ltr'>benigne</span> <span class='ocrx_word' id='word_1_104' title='bbox 695 2093 874 2175; x_wconf 87' lang='lat' dir='ltr'>recepimus</span> <span class='ocrx_word' id='word_1_105' title='bbox 898 2099 931 2157; x_wconf 88' lang='lat' dir='ltr'>et</span> <span class='ocrx_word' id='word_1_106' title='bbox 948 2111 997 2172; x_wconf 88' lang='lat' dir='ltr'>eo,</span> <span class='ocrx_word' id='word_1_107' title='bbox 1022 2111 1082 2174; x_wconf 90' lang='lat' dir='ltr'>que</span> <span class='ocrx_word' id='word_1_108' title='bbox 1106 2089 1191 2155; x_wconf 91' lang='lat' dir='ltr'>idem</span> <span class='ocrx_word' id='word_1_109' title='bbox 1217 2089 1352 2155; x_wconf 89' lang='lat' dir='ltr'>clericus</span> <span class='ocrx_word' id='word_1_110' title='bbox 1376 2089 1434 2154; x_wconf 90' lang='lat' dir='ltr'>snb</span> <span class='ocrx_word' id='word_1_111' title='bbox 1459 2109 1542 2153; x_wconf 91' lang='lat' dir='ltr'>com·</span> 
     </span>
     <span class='ocr_line' id='line_1_15' title="bbox 211 2195 1541 2283; baseline 0.001 -24"><span class='ocrx_word' id='word_1_112' title='bbox 211 2196 308 2261; x_wconf 88' lang='lat' dir='ltr'>missa</span> <span class='ocrx_word' id='word_1_113' title='bbox 331 2195 392 2262; x_wconf 91' lang='lat' dir='ltr'>sibi</span> <span class='ocrx_word' id='word_1_114' title='bbox 415 2215 473 2281; x_wconf 90' lang='lat' dir='ltr'>per</span> <span class='ocrx_word' id='word_1_115' title='bbox 497 2197 620 2262; x_wconf 88' lang='lat' dir='ltr'>litteras</span> <span class='ocrx_word' id='word_1_116' title='bbox 643 2199 730 2282; x_wconf 88' lang='lat' dir='ltr'>ipsas</span> <span class='ocrx_word' id='word_1_117' title='bbox 747 2197 911 2264; x_wconf 88' lang='lat' dir='ltr'>credentia</span> <span class='ocrx_word' id='word_1_118' title='bbox 927 2199 1018 2264; x_wconf 93' lang='lat' dir='ltr'>nobis</span> <span class='ocrx_word' id='word_1_119' title='bbox 1034 2217 1092 2283; x_wconf 92' lang='lat' dir='ltr'>pro</span> <span class='ocrx_word' id='word_1_120' title='bbox 1109 2205 1200 2282; x_wconf 89' lang='lat' dir='ltr'>parte</span> <span class='ocrx_word' id='word_1_121' title='bbox 1216 2205 1281 2276; x_wconf 90' lang='lat' dir='ltr'>tua,</span> <span class='ocrx_word' id='word_1_122' title='bbox 1307 2196 1350 2260; x_wconf 91' lang='lat' dir='ltr'>lili</span> <span class='ocrx_word' id='word_1_123' title='bbox 1368 2195 1541 2277; x_wconf 87' lang='lat' dir='ltr'>carissime,</span> 
     </span>
     <span class='ocr_line' id='line_1_16' title="bbox 212 2302 1541 2389; baseline 0 -22"><span class='ocrx_word' id='word_1_124' title='bbox 212 2304 337 2368; x_wconf 84' lang='lat' dir='ltr'>curarit</span> <span class='ocrx_word' id='word_1_125' title='bbox 353 2323 524 2389; x_wconf 81' lang='lat' dir='ltr'>exponere,</span> <span class='ocrx_word' id='word_1_126' title='bbox 548 2304 642 2389; x_wconf 91' lang='lat' dir='ltr'>pleno</span> <span class='ocrx_word' id='word_1_127' title='bbox 666 2305 853 2389; x_wconf 85' lang='lat' dir='ltr'>collegImus</span> <span class='ocrx_word' id='word_1_128' title='bbox 877 2305 1052 2371; x_wconf 89' lang='lat' dir='ltr'>intellectu.</span> <span class='ocrx_word' id='word_1_129' title='bbox 1085 2305 1227 2387; x_wconf 81' lang='lat' dir='ltr'>Cumque</span> <span class='ocrx_word' id='word_1_130' title='bbox 1251 2305 1321 2388; x_wconf 93' lang='lat' dir='ltr'>ipse</span> <span class='ocrx_word' id='word_1_131' title='bbox 1337 2302 1541 2369; x_wconf 88' lang='lat' dir='ltr'>devotionem</span> 
     </span>
     <span class='ocr_line' id='line_1_17' title="bbox 210 2409 1542 2496; baseline 0.002 -22"><span class='ocrx_word' id='word_1_132' title='bbox 210 2410 377 2493; x_wconf 89' lang='lat' dir='ltr'>sinceram,</span> <span class='ocrx_word' id='word_1_133' title='bbox 402 2430 496 2493; x_wconf 89' lang='lat' dir='ltr'>quam</span> <span class='ocrx_word' id='word_1_134' title='bbox 520 2410 562 2475; x_wconf 89' lang='lat' dir='ltr'>ad</span> <span class='ocrx_word' id='word_1_135' title='bbox 587 2431 645 2477; x_wconf 91' lang='grc'>555</span> <span class='ocrx_word' id='word_1_136' title='bbox 668 2419 700 2477; x_wconf 85' lang='grc'>51</span> <span class='ocrx_word' id='word_1_137' title='bbox 724 2412 901 2479; x_wconf 87' lang='lat' dir='ltr'>Romanam</span> <span class='ocrx_word' id='word_1_138' title='bbox 931 2413 1100 2478; x_wconf 85' lang='lat' dir='ltr'>ecclesiam</span> <span class='ocrx_word' id='word_1_139' title='bbox 1130 2431 1243 2496; x_wconf 84' lang='lat' dir='ltr'>gerere</span> <span class='ocrx_word' id='word_1_140' title='bbox 1271 2410 1458 2494; x_wconf 84' lang='lat' dir='ltr'>dinoscerIs,</span> <span class='ocrx_word' id='word_1_141' title='bbox 1489 2409 1542 2476; x_wconf 91' lang='lat' dir='ltr'>de-</span> 
     </span>
     <span class='ocr_line' id='line_1_18' title="bbox 211 2517 1543 2606; baseline 0.001 -25"><span class='ocrx_word' id='word_1_142' title='bbox 211 2517 403 2582; x_wconf 85' lang='lat' dir='ltr'>lectabiliter</span> <span class='ocrx_word' id='word_1_143' title='bbox 426 2518 484 2584; x_wconf 90' lang='lat' dir='ltr'>sub</span> <span class='ocrx_word' id='word_1_144' title='bbox 510 2517 674 2586; x_wconf 89' lang='lat' dir='ltr'>credentia</span> <span class='ocrx_word' id='word_1_145' title='bbox 697 2521 767 2605; x_wconf 88' lang='lat' dir='ltr'>ipsa</span> <span class='ocrx_word' id='word_1_146' title='bbox 789 2518 986 2587; x_wconf 89' lang='lat' dir='ltr'>recensendo</span> <span class='ocrx_word' id='word_1_147' title='bbox 1007 2539 1188 2606; x_wconf 87' lang='lat' dir='ltr'>proponens</span> <span class='ocrx_word' id='word_1_148' title='bbox 1212 2525 1317 2585; x_wconf 90' lang='lat' dir='ltr'>certas</span> <span class='ocrx_word' id='word_1_149' title='bbox 1340 2520 1437 2584; x_wconf 90' lang='lat' dir='ltr'>initas</span> <span class='ocrx_word' id='word_1_150' title='bbox 1461 2519 1543 2583; x_wconf 89' lang='lat' dir='ltr'>inter</span> 
     </span>
     <span class='ocr_line' id='line_1_19' title="bbox 211 2623 1541 2711; baseline 0.001 -23"><span class='ocrx_word' id='word_1_151' title='bbox 211 2623 367 2706; x_wconf 79' lang='lat' dir='ltr'>quasdam</span> <span class='ocrx_word' id='word_1_152' title='bbox 391 2625 623 2708; x_wconf 86' lang='lat' dir='ltr'>colligationes,</span> <span class='ocrx_word' id='word_1_153' title='bbox 656 2627 689 2690; x_wconf 92' lang='lat' dir='ltr'>in</span> <span class='ocrx_word' id='word_1_154' title='bbox 717 2627 832 2710; x_wconf 89' lang='lat' dir='ltr'>quibus</span> <span class='ocrx_word' id='word_1_155' title='bbox 859 2647 894 2692; x_wconf 93' lang='lat' dir='ltr'>se</span> <span class='ocrx_word' id='word_1_156' title='bbox 922 2628 1100 2692; x_wconf 87' lang='lat' dir='ltr'>immiscere</span> <span class='ocrx_word' id='word_1_157' title='bbox 1125 2625 1294 2711; x_wconf 87' lang='lat' dir='ltr'>prudentia</span> <span class='ocrx_word' id='word_1_158' title='bbox 1318 2627 1408 2709; x_wconf 84' lang='lat' dir='ltr'>regia</span> <span class='ocrx_word' id='word_1_159' title='bbox 1431 2624 1541 2707; x_wconf 90' lang='lat' dir='ltr'>noluit,</span> 
     </span>
     <span class='ocr_line' id='line_1_20' title="bbox 211 2731 1542 2818; baseline 0.002 -23"><span class='ocrx_word' id='word_1_160' title='bbox 211 2732 302 2797; x_wconf 91' lang='lat' dir='ltr'>uobis</span> <span class='ocrx_word' id='word_1_161' title='bbox 326 2731 535 2816; x_wconf 81' lang='lat' dir='ltr'>explicandas</span> <span class='ocrx_word' id='word_1_162' title='bbox 557 2731 678 2799; x_wconf 89' lang='lat' dir='ltr'>seriose</span> <span class='ocrx_word' id='word_1_163' title='bbox 701 2732 829 2799; x_wconf 80' lang='lat' dir='ltr'>duxerit</span> <span class='ocrx_word' id='word_1_164' title='bbox 853 2739 885 2798; x_wconf 86' lang='lat' dir='ltr'>et</span> <span class='ocrx_word' id='word_1_165' title='bbox 908 2734 1005 2798; x_wconf 88' lang='lat' dir='ltr'>etiam</span> <span class='ocrx_word' id='word_1_166' title='bbox 1023 2732 1176 2817; x_wconf 88' lang='lat' dir='ltr'>quasdam</span> <span class='ocrx_word' id='word_1_167' title='bbox 1201 2734 1377 2818; x_wconf 82' lang='lat' dir='ltr'>scripturas</span> <span class='ocrx_word' id='word_1_168' title='bbox 1399 2733 1542 2816; x_wconf 85' lang='lat' dir='ltr'>assigna-</span> 
     </span>
     <span class='ocr_line' id='line_1_21' title="bbox 211 2838 1541 2926; baseline 0.002 -24"><span class='ocrx_word' id='word_1_169' title='bbox 211 2839 294 2903; x_wconf 89' lang='lat' dir='ltr'>verit</span> <span class='ocrx_word' id='word_1_170' title='bbox 317 2839 453 2922; x_wconf 86' lang='lat' dir='ltr'>ligarum</span> <span class='ocrx_word' id='word_1_171' title='bbox 476 2838 703 2926; x_wconf 86' lang='lat' dir='ltr'>predictarum,</span> <span class='ocrx_word' id='word_1_172' title='bbox 737 2842 821 2907; x_wconf 88' lang='lat' dir='ltr'>sicut</span> <span class='ocrx_word' id='word_1_173' title='bbox 844 2841 1032 2926; x_wconf 87' lang='lat' dir='ltr'>apparebat,</span> <span class='ocrx_word' id='word_1_174' title='bbox 1062 2840 1095 2904; x_wconf 94' lang='lat' dir='ltr'>in</span> <span class='ocrx_word' id='word_1_175' title='bbox 1119 2842 1165 2906; x_wconf 91' lang='lat' dir='ltr'>cis</span> <span class='ocrx_word' id='word_1_176' title='bbox 1188 2841 1303 2906; x_wconf 88' lang='lat' dir='ltr'>seriem</span> <span class='ocrx_word' id='word_1_177' title='bbox 1332 2841 1541 2922; x_wconf 87' lang='lat' dir='ltr'>continentes,</span> 
     </span>
     <span class='ocr_line' id='line_1_22' title="bbox 210 2944 1543 3035; baseline 0 -25"><span class='ocrx_word' id='word_1_178' title='bbox 210 2966 268 3011; x_wconf 93' lang='lat' dir='ltr'>nos</span> <span class='ocrx_word' id='word_1_179' title='bbox 289 2965 386 3030; x_wconf 87' lang='grc'>55555</span> <span class='ocrx_word' id='word_1_180' title='bbox 406 2944 577 3012; x_wconf 87' lang='lat' dir='ltr'>devotione</span> <span class='ocrx_word' id='word_1_181' title='bbox 592 2947 773 3014; x_wconf 90' lang='lat' dir='ltr'>huiusmodi</span> <span class='ocrx_word' id='word_1_182' title='bbox 790 2949 1077 3035; x_wconf 82' lang='lat' dir='ltr'>promissarumque</span> <span class='ocrx_word' id='word_1_183' title='bbox 1090 2949 1290 3013; x_wconf 87' lang='lat' dir='ltr'>intimatione</span> <span class='ocrx_word' id='word_1_184' title='bbox 1302 2947 1404 3032; x_wconf 85' lang='lat' dir='ltr'>regali</span> <span class='ocrx_word' id='word_1_185' title='bbox 1421 2947 1543 3031; x_wconf 82' lang='lat' dir='ltr'>magni·</span> 
     </span>
     <span class='ocr_line' id='line_1_23' title="bbox 210 3054 1543 3140; baseline 0 -22"><span class='ocrx_word' id='word_1_186' title='bbox 210 3054 341 3119; x_wconf 84' lang='lat' dir='ltr'>licentis</span> <span class='ocrx_word' id='word_1_187' title='bbox 364 3055 538 3137; x_wconf 85' lang='lat' dir='ltr'>gratiarum</span> <span class='ocrx_word' id='word_1_188' title='bbox 563 3056 705 3122; x_wconf 86' lang='lat' dir='ltr'>actiones</span> <span class='ocrx_word' id='word_1_189' title='bbox 728 3055 843 3123; x_wconf 87' lang='lat' dir='ltr'>uberes</span> <span class='ocrx_word' id='word_1_190' title='bbox 865 3057 1042 3122; x_wconf 88' lang='lat' dir='ltr'>referentes</span> <span class='ocrx_word' id='word_1_191' title='bbox 1065 3076 1136 3122; x_wconf 90' lang='lat' dir='ltr'>eam</span> <span class='ocrx_word' id='word_1_192' title='bbox 1160 3074 1310 3140; x_wconf 83' lang='lat' dir='ltr'>rogamus</span> <span class='ocrx_word' id='word_1_193' title='bbox 1334 3055 1487 3120; x_wconf 87' lang='lat' dir='ltr'>attentius</span> <span class='ocrx_word' id='word_1_194' title='bbox 1511 3060 1543 3118; x_wconf 89' lang='lat' dir='ltr'>ct</span> 
     </span>
     <span class='ocr_line' id='line_1_24' title="bbox 210 3161 1542 3247; baseline 0 -20"><span class='ocrx_word' id='word_1_195' title='bbox 210 3161 242 3227; x_wconf 93' lang='lat' dir='ltr'>in</span> <span class='ocrx_word' id='word_1_196' title='bbox 275 3161 405 3228; x_wconf 92' lang='lat' dir='ltr'>domino</span> <span class='ocrx_word' id='word_1_197' title='bbox 438 3162 657 3245; x_wconf 81' lang='lat' dir='ltr'>exhortamur,</span> <span class='ocrx_word' id='word_1_198' title='bbox 691 3166 839 3246; x_wconf 90' lang='lat' dir='ltr'>quatinus</span> <span class='ocrx_word' id='word_1_199' title='bbox 872 3165 905 3228; x_wconf 91' lang='lat' dir='ltr'>iu</span> <span class='ocrx_word' id='word_1_200' title='bbox 938 3163 1052 3230; x_wconf 88' lang='lat' dir='ltr'>eadem</span> <span class='ocrx_word' id='word_1_201' title='bbox 1085 3163 1338 3230; x_wconf 85' lang='lat' dir='ltr'>devotione</span> <span class='ocrx_word' id='word_1_202' title='bbox 1369 3163 1542 3247; x_wconf 90' lang='lat' dir='ltr'>persistens</span> 
     </span>
     <span class='ocr_line' id='line_1_25' title="bbox 210 3269 1543 3355; baseline -0.001 -21"><span class='ocrx_word' id='word_1_203' title='bbox 210 3275 352 3335; x_wconf 89' lang='lat' dir='ltr'>tenorem</span> <span class='ocrx_word' id='word_1_204' title='bbox 385 3270 521 3354; x_wconf 88' lang='lat' dir='ltr'>ligarum</span> <span class='ocrx_word' id='word_1_205' title='bbox 554 3272 695 3355; x_wconf 91' lang='lat' dir='ltr'>ipsarum</span> <span class='ocrx_word' id='word_1_206' title='bbox 732 3272 790 3337; x_wconf 92' lang='lat' dir='ltr'>sub</span> <span class='ocrx_word' id='word_1_207' title='bbox 828 3271 943 3355; x_wconf 81' lang='lat' dir='ltr'>sigillis</span> <span class='ocrx_word' id='word_1_208' title='bbox 979 3291 1105 3354; x_wconf 90' lang='lat' dir='ltr'>eorum,</span> <span class='ocrx_word' id='word_1_209' title='bbox 1148 3272 1202 3355; x_wconf 91' lang='lat' dir='ltr'>qui</span> <span class='ocrx_word' id='word_1_210' title='bbox 1241 3291 1296 3336; x_wconf 90' lang='lat' dir='ltr'>eas</span> <span class='ocrx_word' id='word_1_211' title='bbox 1329 3269 1478 3351; x_wconf 89' lang='lat' dir='ltr'>inierunt,</span> <span class='ocrx_word' id='word_1_212' title='bbox 1515 3269 1543 3333; x_wconf 93' lang='lat' dir='ltr'>si</span> 
     </span>
     <span class='ocr_line' id='line_1_26' title="bbox 211 3376 1542 3465; baseline -0.001 -22"><span class='ocrx_word' id='word_1_213' title='bbox 211 3378 342 3444; x_wconf 87' lang='lat' dir='ltr'>honeste</span> <span class='ocrx_word' id='word_1_214' title='bbox 375 3379 447 3444; x_wconf 85' lang='lat' dir='ltr'>lieri</span> <span class='ocrx_word' id='word_1_215' title='bbox 477 3383 577 3465; x_wconf 91' lang='lat' dir='ltr'>possit</span> <span class='ocrx_word' id='word_1_216' title='bbox 610 3388 642 3446; x_wconf 92' lang='lat' dir='ltr'>et</span> <span class='ocrx_word' id='word_1_217' title='bbox 676 3379 852 3465; x_wconf 89' lang='lat' dir='ltr'>commode,</span> <span class='ocrx_word' id='word_1_218' title='bbox 884 3381 977 3446; x_wconf 92' lang='lat' dir='ltr'>nobis</span> <span class='ocrx_word' id='word_1_219' title='bbox 1091 3385 1214 3446; x_wconf 88' lang='lat' dir='ltr'>secrete</span> <span class='ocrx_word' id='word_1_220' title='bbox 1247 3385 1354 3444; x_wconf 87' lang='lat' dir='ltr'>tamen</span> <span class='ocrx_word' id='word_1_221' title='bbox 1382 3376 1542 3444; x_wconf 87' lang='lat' dir='ltr'>destinare</span> 
     </span>
     <span class='ocr_line' id='line_1_27' title="bbox 210 3487 1155 3572; baseline 0 -21"><span class='ocrx_word' id='word_1_222' title='bbox 210 3506 370 3570; x_wconf 88' lang='lat' dir='ltr'>procures.</span> <span class='ocrx_word' id='word_1_223' title='bbox 417 3487 493 3552; x_wconf 88' lang='lat' dir='ltr'>Dat.</span> <span class='ocrx_word' id='word_1_224' title='bbox 517 3489 611 3554; x_wconf 82' lang='lat' dir='ltr'>Avin.</span> <span class='ocrx_word' id='word_1_225' title='bbox 637 3489 704 3553; x_wconf 94' lang='lat' dir='ltr'>IIII</span> <span class='ocrx_word' id='word_1_226' title='bbox 727 3487 800 3553; x_wconf 92' lang='lat' dir='ltr'>idus</span> <span class='ocrx_word' id='word_1_227' title='bbox 823 3489 952 3572; x_wconf 86' lang='lat' dir='ltr'>augusti</span> <span class='ocrx_word' id='word_1_228' title='bbox 977 3508 1006 3553; x_wconf 90' lang='lat' dir='ltr'>a.</span> <span class='ocrx_word' id='word_1_229' title='bbox 1031 3493 1155 3570; x_wconf 86' lang='lat' dir='ltr'>quarto.</span> 
     </span>
    </p>
   </div>
   <div class='ocr_carea' id='block_1_7' title="bbox 369 3611 961 3681">
    <p class='ocr_par' dir='ltr' id='par_1_8' title="bbox 369 3611 961 3681">
     <span class='ocr_line' id='line_1_28' title="bbox 369 3611 961 3681; baseline 0 -15"><span class='ocrx_word' id='word_1_230' title='bbox 369 3611 441 3681; x_wconf 75' lang='lat' dir='ltr'>Ray.</span> <span class='ocrx_word' id='word_1_231' title='bbox 461 3614 520 3666; x_wconf 82' lang='lat'>133</span> <span class='ocrx_word' id='word_1_232' title='bbox 536 3611 561 3680; x_wconf 83' lang='lat' dir='ltr'>f.</span> <span class='ocrx_word' id='word_1_233' title='bbox 581 3614 620 3667; x_wconf 87' lang='grc'>83</span> <span class='ocrx_word' id='word_1_234' title='bbox 636 3627 684 3667; x_wconf 82' lang='lat' dir='ltr'>ar.</span> <span class='ocrx_word' id='word_1_235' title='bbox 704 3613 778 3677; x_wconf 73' lang='lat'>2765</span> <span class='ocrx_word' id='word_1_236' title='bbox 807 3613 859 3667; x_wconf 82' lang='lat' dir='ltr'>Rs.</span> <span class='ocrx_word' id='word_1_237' title='bbox 879 3613 961 3667; x_wconf 82' lang='grc'>1967.</span> 
     </span>
    </p>
   </div>
   <div class='ocr_carea' id='block_1_8' title="bbox 316 3870 991 3959">
    <p class='ocr_par' dir='ltr' id='par_1_9' title="bbox 316 3870 991 3959">
     <span class='ocr_line' id='line_1_29' title="bbox 316 3870 991 3959; baseline 0 -22"><span class='ocrx_word' id='word_1_238' title='bbox 316 3871 443 3938; x_wconf 73' lang='lat'>2345.</span> <span class='ocrx_word' id='word_1_239' title='bbox 476 3874 562 3937; x_wconf 84' lang='lat'><em>1338</em></span> <span class='ocrx_word' id='word_1_240' title='bbox 586 3870 719 3958; x_wconf 73' lang='lat' dir='ltr'>Amputat</span> <span class='ocrx_word' id='word_1_241' title='bbox 743 3874 795 3939; x_wconf 84' lang='lat'>17.</span> <span class='ocrx_word' id='word_1_242' title='bbox 824 3871 991 3959; x_wconf 79' lang='lat' dir='ltr'>Acipooo.</span> 
     </span>
    </p>
   </div>
   <div class='ocr_carea' id='block_1_9' title="bbox 208 4031 1541 4762">
    <p class='ocr_par' dir='ltr' id='par_1_10' title="bbox 208 4031 1540 4313">
     <span class='ocr_line' id='line_1_30' title="bbox 316 4031 1540 4100; baseline 0.002 -4"><span class='ocrx_word' id='word_1_243' title='bbox 316 4031 511 4098; x_wconf 88' lang='lat' dir='ltr'>Benedictus</span> <span class='ocrx_word' id='word_1_244' title='bbox 554 4032 620 4096; x_wconf 88' lang='lat' dir='ltr'>XII</span> <span class='ocrx_word' id='word_1_245' title='bbox 668 4032 764 4098; x_wconf 89' lang='lat' dir='ltr'>Petro</span> <span class='ocrx_word' id='word_1_246' title='bbox 805 4032 935 4098; x_wconf 82' lang='lat' dir='ltr'>Ioflridi</span> <span class='ocrx_word' id='word_1_247' title='bbox 976 4032 1017 4098; x_wconf 89' lang='lat' dir='ltr'>dc</span> <span class='ocrx_word' id='word_1_248' title='bbox 1055 4032 1258 4100; x_wconf 86' lang='lat' dir='ltr'>Rodomacra</span> <span class='ocrx_word' id='word_1_249' title='bbox 1297 4033 1423 4099; x_wconf 88' lang='lat' dir='ltr'>confert</span> <span class='ocrx_word' id='word_1_250' title='bbox 1461 4034 1540 4099; x_wconf 92' lang='lat' dir='ltr'>eccl.</span> 
     </span>
     <span class='ocr_line' id='line_1_31' title="bbox 209 4139 1540 4225; baseline 0.002 -22"><span class='ocrx_word' id='word_1_251' title='bbox 209 4139 242 4203; x_wconf 93' lang='lat' dir='ltr'>S.</span> <span class='ocrx_word' id='word_1_252' title='bbox 256 4140 382 4204; x_wconf 88' lang='lat' dir='ltr'>Paulini</span> <span class='ocrx_word' id='word_1_253' title='bbox 406 4148 498 4205; x_wconf 82' lang='lat' dir='ltr'>extra</span> <span class='ocrx_word' id='word_1_254' title='bbox 522 4159 628 4205; x_wconf 88' lang='lat' dir='ltr'>muros</span> <span class='ocrx_word' id='word_1_255' title='bbox 644 4140 859 4208; x_wconf 84' lang='lat' dir='ltr'>Treverenses</span> <span class='ocrx_word' id='word_1_256' title='bbox 875 4141 1108 4219; x_wconf 89' lang='lat' dir='ltr'>canonicatum,</span> <span class='ocrx_word' id='word_1_257' title='bbox 1132 4140 1327 4225; x_wconf 87' lang='lat' dir='ltr'>prebendam</span> <span class='ocrx_word' id='word_1_258' title='bbox 1345 4161 1420 4207; x_wconf 87' lang='lat' dir='ltr'>vcro</span> <span class='ocrx_word' id='word_1_259' title='bbox 1437 4141 1540 4207; x_wconf 90' lang='lat' dir='ltr'>eidem</span> 
     </span>
     <span class='ocr_line' id='line_1_32' title="bbox 208 4254 360 4313; baseline 0.013 -3"><span class='ocrx_word' id='word_1_260' title='bbox 208 4254 360 4313; x_wconf 87' lang='lat' dir='ltr'>reservat.</span> 
     </span>
    </p>

    <p class='ocr_par' dir='ltr' id='par_1_11' title="bbox 208 4355 1541 4545">
     <span class='ocr_line' id='line_1_33' title="bbox 316 4355 1541 4440; baseline 0.002 -22"><span class='ocrx_word' id='word_1_261' title='bbox 316 4355 529 4439; x_wconf 82' lang='lat' dir='ltr'>Exigentibus</span> <span class='ocrx_word' id='word_1_262' title='bbox 557 4361 611 4420; x_wconf 91' lang='lat' dir='ltr'>tue</span> <span class='ocrx_word' id='word_1_263' title='bbox 634 4355 805 4440; x_wconf 91' lang='lat' dir='ltr'>probitatis</span> <span class='ocrx_word' id='word_1_264' title='bbox 937 4356 1012 4420; x_wconf 87' lang='lat' dir='ltr'>Dat.</span> <span class='ocrx_word' id='word_1_265' title='bbox 1037 4357 1131 4421; x_wconf 82' lang='lat' dir='ltr'>Ario.</span> <span class='ocrx_word' id='word_1_266' title='bbox 1156 4355 1251 4420; x_wconf 88' lang='lat' dir='ltr'>XVII</span> <span class='ocrx_word' id='word_1_267' title='bbox 1281 4355 1326 4420; x_wconf 89' lang='lat' dir='ltr'>kl.</span> <span class='ocrx_word' id='word_1_268' title='bbox 1350 4356 1541 4440; x_wconf 88' lang='lat' dir='ltr'>septembris</span> 
     </span>
     <span class='ocr_line' id='line_1_34' title="bbox 208 4470 386 4545; baseline 0.006 -19"><span class='ocrx_word' id='word_1_269' title='bbox 208 4483 238 4527; x_wconf 88' lang='lat' dir='ltr'>a.</span> <span class='ocrx_word' id='word_1_270' title='bbox 262 4470 386 4545; x_wconf 88' lang='lat' dir='ltr'>quarto.</span> 
     </span>
    </p>

    <p class='ocr_par' dir='ltr' id='par_1_12' title="bbox 209 4567 1540 4762">
     <span class='ocr_line' id='line_1_35' title="bbox 314 4567 1540 4654; baseline 0.002 -22"><span class='ocrx_word' id='word_1_271' title='bbox 314 4570 352 4633; x_wconf 92' lang='lat' dir='ltr'>In</span> <span class='ocrx_word' id='word_1_272' title='bbox 385 4589 412 4634; x_wconf 91' lang='lat' dir='ltr'>e.</span> <span class='ocrx_word' id='word_1_273' title='bbox 438 4590 479 4634; x_wconf 93' lang='lat' dir='ltr'>m.</span> <span class='ocrx_word' id='word_1_274' title='bbox 512 4569 665 4654; x_wconf 89' lang='lat' dir='ltr'>episcopo</span> <span class='ocrx_word' id='word_1_275' title='bbox 694 4567 853 4636; x_wconf 79' lang='lat' dir='ltr'>Brixiensi</span> <span class='ocrx_word' id='word_1_276' title='bbox 886 4576 918 4634; x_wconf 91' lang='lat' dir='ltr'>et</span> <span class='ocrx_word' id='word_1_277' title='bbox 950 4570 1060 4635; x_wconf 87' lang='lat' dir='ltr'>abbati</span> <span class='ocrx_word' id='word_1_278' title='bbox 1094 4569 1278 4636; x_wconf 88' lang='lat' dir='ltr'>monasterii</span> <span class='ocrx_word' id='word_1_279' title='bbox 1311 4570 1344 4636; x_wconf 89' lang='lat' dir='ltr'>S.</span> <span class='ocrx_word' id='word_1_280' title='bbox 1375 4569 1540 4636; x_wconf 87' lang='lat' dir='ltr'>Maximini</span> 
     </span>
     <span class='ocr_line' id='line_1_36' title="bbox 209 4676 1539 4762; baseline 0.003 -22"><span class='ocrx_word' id='word_1_281' title='bbox 209 4682 301 4741; x_wconf 83' lang='lat' dir='ltr'>extra</span> <span class='ocrx_word' id='word_1_282' title='bbox 328 4695 433 4741; x_wconf 91' lang='lat' dir='ltr'>muros</span> <span class='ocrx_word' id='word_1_283' title='bbox 462 4676 679 4743; x_wconf 79' lang='lat' dir='ltr'>Treverenses</span> <span class='ocrx_word' id='word_1_284' title='bbox 707 4697 747 4742; x_wconf 88' lang='lat' dir='ltr'>ac</span> <span class='ocrx_word' id='word_1_285' title='bbox 775 4676 937 4762; x_wconf 89' lang='lat' dir='ltr'>preposito</span> <span class='ocrx_word' id='word_1_286' title='bbox 968 4677 1045 4741; x_wconf 87' lang='lat' dir='ltr'>eccl.</span> <span class='ocrx_word' id='word_1_287' title='bbox 1071 4677 1104 4742; x_wconf 86' lang='lat' dir='ltr'>S.</span> <span class='ocrx_word' id='word_1_288' title='bbox 1129 4676 1296 4761; x_wconf 90' lang='lat' dir='ltr'>Symeonis</span> <span class='ocrx_word' id='word_1_289' title='bbox 1323 4678 1539 4744; x_wconf 81' lang='lat' dir='ltr'>TreverensIs.</span> 
     </span>
    </p>
   </div>
   <div class='ocr_carea' id='block_1_10' title="bbox 368 4799 651 4870">
    <p class='ocr_par' dir='ltr' id='par_1_13' title="bbox 368 4799 651 4870">
     <span class='ocr_line' id='line_1_37' title="bbox 368 4799 651 4870; baseline 0 -16"><span class='ocrx_word' id='word_1_290' title='bbox 368 4801 441 4870; x_wconf 70' lang='lat'><em>1309.</em></span> <span class='ocrx_word' id='word_1_291' title='bbox 460 4799 517 4852; x_wconf 83' lang='lat'>125</span> <span class='ocrx_word' id='word_1_292' title='bbox 535 4815 585 4856; x_wconf 82' lang='lat' dir='ltr'>ar.</span> <span class='ocrx_word' id='word_1_293' title='bbox 604 4800 651 4854; x_wconf 86' lang='lat'>93.</span> 
     </span>
    </p>
   </div>
   <div class='ocr_carea' id='block_1_11' title="bbox 0 0 1826 5509">
    <p class='ocr_par' dir='ltr' id='par_1_14' title="bbox 0 0 1826 5509">
     <span class='ocr_line' id='line_1_38' title="bbox 0 0 1826 5509; baseline 0 0"><span class='ocrx_word' id='word_1_294' title='bbox 0 0 1826 5509; x_wconf 95' lang='lat' dir='ltr'> </span> 
     </span>
    </p>
   </div>
  </div>
 </body>
</html>
