3642 5509
260 385 314 442 420
786 388 855 444 1331
875 385 1052 459 September
1071 388 1114 447 27.

262 575 295 634 et
321 568 456 654 capituli
485 568 564 633 eccl.
589 568 623 632 S.
648 567 803 634 Gereonis
826 567 938 635 Colon.
971 575 1133 654 spectans,
1169 570 1259 635 cuius
1292 569 1426 654 fructus,
1463 569 1491 638 si
1524 590 1594 636 cum

262 695 349 758 cura,
383 676 565 759 sexaginta,
597 675 724 741 sivero
754 676 823 741 sine
851 696 929 742 cura
953 676 1061 758 fuerit,
1096 676 1312 762 quadraginta
1335 678 1486 744 librarum
1511 683 1596 743 turo-

260 784 405 848 nensinm
439 802 610 868 parvorum
639 802 664 848 s.
696 789 719 846 t.
749 782 779 846 d.
809 783 952 849 valorem
986 803 1123 850 annuum
1156 804 1219 849 non
1253 783 1424 851 excedunt.
1471 785 1594 850 'lamen

262 891 373 975 vigore
406 889 499 955 huius
531 890 637 974 gratie
671 889 859 955 beneficium
893 896 1039 957 curatum
1072 897 1254 973 assecutus,
1291 895 1418 958 omnino
1451 891 1594 957 dimittat

262 997 382 1064 dictam
405 996 641 1083 parrochialem
665 997 846 1064 ecclesiam.

369 1103 563 1171 Laudabilia
587 1111 641 1170 tue
665 1105 778 1171 merita
793 1154 799 1169 .
815 1154 844 1170 ..
892 1106 967 1171 Dat.
992 1106 1088 1172 Avin.
1106 1107 1186 1172 VIII
1210 1107 1255 1172 kl.
1280 1109 1420 1174 octobris
1444 1129 1473 1174 a.
1491 1114 1595 1172 sexto-

156 1235 160 1242 ·
262 1212 397 1278 decimo.

368 1321 405 1385 In
429 1339 457 1386 e.
479 1341 520 1385 m.
554 1320 664 1386 abbati
695 1321 881 1386 monasterii
905 1319 1088 1387 Tuioiensis
1112 1321 1223 1389 Solon.
1249 1321 1332 1388 dloc.
1357 1329 1390 1388 et
1414 1320 1536 1388 decano
1561 1320 1595 1386 S.

261 1425 391 1492 Andros
415 1426 525 1493 Oolon.
550 1447 589 1493 ac
612 1427 783 1493 scolastico
808 1427 969 1494 Tullensis
993 1428 1211 1496 ecclesiarum.

409 1559 466 1628 Rp.
487 1560 540 1613 101
558 1575 606 1613 nr.
626 1560 670 1612 61.

368 1884 500 1952 2069.
526 1887 612 1950 1331
637 1883 831 1972 September
854 1887 907 1950 27.
933 1884 1097 1973 Aoipnon.

368 2030 536 2095 Iohannes
550 2029 661 2094 XXII
680 2029 789 2094 tribue
812 2031 1046 2095 enecatoribas
1068 2029 1221 2105 mundat,
1246 2029 1407 2114 quatinus
1424 2029 1595 2096 Wilbelrno

237 2139 350 2228 ⁴dicto
374 2138 415 2202 de
430 2137 536 2200 Bitho
561 2136 696 2220 (denno)
721 2137 895 2222 conferent
919 2137 1155 2202 canonicatum
1179 2144 1211 2201 et
1233 2137 1438 2222 prebendam
1462 2137 1595 2202 eoeleste

260 2245 458 2310 monosterii
480 2245 677 2309 Narniensis
701 2243 773 2308 ord.
799 2243 835 2309 S.
859 2244 989 2309 Bened.
1017 2243 1129 2311 Coton.
1155 2245 1238 2308 dioc.

368 2385 538 2469 [Iohannes
563 2385 861 2472 XXIIlpreposito
885 2386 920 2452 S.
945 2386 1091 2453 Severini
1116 2392 1148 2452 et
1171 2385 1296 2452 decano
1319 2386 1353 2452 S.
1379 2385 1511 2471 Georgii
1536 2387 1595 2453 Oo-

260 2492 412 2560 loniensis
434 2514 473 2560 ao
497 2493 651 2560 scolatico
676 2493 837 2559 Tullensis
861 2493 1077 2560 ecclesiarum.

367 2601 479 2668 Matris
502 2601 639 2668 ecclesie
664 2602 795 2687 copiosa
824 2650 830 2666 .
861 2651 868 2665 .
898 2650 906 2666 .
953 2601 1040 2668 Sane
1063 2601 1170 2668 oblate
1194 2601 1287 2668 nohis
1310 2623 1367 2686 pro
1392 2607 1483 2686 parte
1510 2649 1516 2662 .
1548 2651 1555 2666 .
1586 2651 1592 2662 .

260 2708 424 2775 Wilhelmi
447 2708 527 2774 dicti
551 2709 593 2774 de
616 2708 714 2774 Bilha
737 2710 883 2774 canonici
908 2710 1045 2776 ecclesie
1074 2709 1133 2775 SS.
1154 2709 1381 2794 Apostolorum
1406 2707 1517 2774 Oolon.
1542 2729 1594 2794 pc·

260 2817 383 2883 titionis
406 2819 506 2884 serlos
530 2817 727 2898 continebat,
761 2817 847 2900 quod
878 2815 999 2882 dudum
1023 2837 1131 2883 secum
1156 2836 1251 2902 super
1275 2816 1403 2882 deiectu
1427 2817 1593 2898 natalium,

261 2944 355 3007 quem
387 2925 508 3010 patitur
536 2923 577 2989 de
606 2924 724 2991 acolito
748 2926 876 3008 genitus
899 2931 932 2990 et
955 2925 1070 3007 soluta,
1105 2923 1191 3006 quod
1215 2943 1253 2990 oo
1276 2944 1338 2989 non
1368 2925 1517 2990 obstante
1541 2924 1593 2989 de-

260 3031 350 3097 fectu
373 3039 481 3116 posset
505 3031 546 3098 ad
572 3051 682 3098 omnes
705 3031 833 3098 ordines
862 3033 1044 3117 promoveri
1068 3039 1100 3096 et
1129 3031 1382 3097 ecclesiasticum
1405 3032 1593 3098 heneficium

261 3141 415 3223 obtinere,
445 3140 542 3206 ctiam
566 3139 594 3205 si
618 3159 727 3205 curam
751 3140 929 3204 animarum
953 3139 1097 3221 haberet,
1122 3139 1230 3204 extitit
1253 3139 1446 3204 auctoritate
1469 3145 1594 3224 aposto·

260 3247 324 3313 lica
346 3247 575 3332 dispensatum,
600 3254 789 3332 postquam
813 3247 1085 3332 dispensationem
1110 3246 1343 3332 parrochialem
1368 3247 1538 3314 ecclesiam
1562 3247 1593 3310 in

260 3353 446 3421 Lovenicch
471 3355 581 3422 Oolon.
612 3354 696 3422 dioc.
726 3362 802 3420 tnnc
827 3360 995 3420 vacantem
1026 3353 1088 3418 iuit
1112 3354 1267 3420 canonice
1289 3361 1467 3436 assecutus,
1497 3353 1594 3448 quosl-

261 3482 323 3545 que
346 3461 548 3547 postmodum
577 3461 618 3527 de
649 3463 839 3528 canonicatu
871 3482 943 3526 cum
972 3463 1189 3527 reservatione
1213 3461 1376 3547 prebende
1399 3463 1432 3527 in
1456 3462 1595 3528 ecclesia

260 3569 320 3636 SS.
345 3569 571 3654 Apostolorum
595 3568 704 3636 colon.
738 3590 808 3635 oum
833 3576 993 3654 oportuna
1022 3568 1262 3654 dIspensationc
1294 3589 1390 3655 super
1418 3569 1595 3635 retentione

261 3675 434 3742 eorundem
459 3677 668 3743 canonicatus
693 3683 725 3741 et
748 3676 911 3762 prebende
936 3697 975 3742 ac
999 3676 1210 3761 parrochialis
1234 3676 1371 3742 ecclesie
1395 3674 1499 3742 eidem
1520 3676 1596 3742 Wil-

261 3785 366 3850 helmo
397 3783 459 3848 fuit
488 3781 600 3848 cadem
631 3784 824 3849 auctoritate
847 3786 1021 3868 provisum,
1056 3789 1089 3849 et
1116 3783 1345 3866 subsequenter
1369 3785 1438 3869 ipse
1462 3783 1595 3849 credens

260 3892 294 3957 id
318 3891 360 3958 de
384 3891 452 3956 iure
475 3891 536 3957 sibi
560 3891 668 3974 licere,
701 3889 821 3957 dictam
853 3891 1088 3976 parrochialem
1112 3891 1283 3957 ecclesiam
1308 3910 1379 3956 cum
1403 3892 1595 3956 canonicatu

261 4005 294 4064 ct
318 3997 482 4084 prebenda
505 3998 643 4064 ecclesie
674 3999 856 4064 monasterii
880 3999 1064 4065 NussiensIs
1088 3998 1157 4063 ord.
1186 3998 1219 4065 S.
1243 3997 1364 4064 Benod.
1388 3996 1475 4064 dicte
1500 3997 1594 4080 dioc,

260 4107 293 4170 in
326 4126 388 4189 quo
421 4107 616 4172 monasterio
648 4111 757 4191 preter
791 4111 983 4171 conventum
1015 4105 1243 4172 monachorum
1277 4106 1378 4190 ipsius
1410 4104 1594 4171 monasterii

261 4219 367 4279 certus
399 4213 590 4279 secularium
624 4213 849 4279 canonicorum
882 4233 1032 4279 numerus
1065 4218 1097 4278 et
1127 4219 1214 4279 certe
1246 4211 1410 4298 prehende
1442 4213 1593 4296 existunt,

261 4321 343 4386 alias
367 4321 520 4386 canonice
544 4321 738 4405 permutavit
761 4321 911 4406 ipsosque
936 4327 1054 4386 extunc
1078 4321 1180 4385 tenuit
1197 4368 1205 4384 .
1224 4368 1231 4384 .
1249 4326 1282 4385 et
1305 4318 1412 4386 adhuc
1435 4325 1525 4386 tenet
1542 4369 1549 4385 .
1564 4368 1593 4384 ..

261 4427 369 4506 Quare
393 4447 465 4493 cum
489 4427 617 4512 prelata
639 4428 835 4512 permutatio
858 4426 900 4492 de
924 4429 992 4493 iure
1009 4426 1131 4493 viribus
1153 4446 1218 4492 non
1240 4427 1404 4510 subsistat,
1428 4446 1486 4511 pro
1502 4432 1595 4512 parto

261 4534 362 4620 ipsius
373 4534 536 4600 Wilhclmi
561 4535 622 4599 tuit
644 4535 737 4601 nohis
753 4533 917 4600 humiliter
933 4535 1147 4619 supplicatum
1165 4584 1172 4600 .
1192 4583 1199 4599 .
1218 4583 1225 4600 .
1249 4533 1341 4602 Nos.
1361 4580 1368 4595 .
1387 4582 1394 4598 .
1411 4533 1597 4600 discretioni

260 4648 371 4708 vectre
400 4691 460 4706 ...
487 4641 685 4724 mandamus,
711 4643 937 4725 quatinus...
965 4641 1070 4710 dictos
1095 4643 1317 4708 canonicatum
1342 4647 1375 4706 et
1399 4639 1595 4726 prehendam

262 4749 398 4818 ecclesie
428 4747 506 4814 dicti
535 4750 720 4815 monasterii
750 4749 933 4815 Numiensis
961 4798 1021 4814 ...
1046 4748 1152 4815 cidem
1176 4748 1347 4816 Wilhelmo
1371 4749 1423 4815 vel
1446 4767 1594 4834 procura·
