<?xml version="1.0" encoding="UTF-8"?>
<!DOCTYPE html PUBLIC "-//W3C//DTD XHTML 1.0 Transitional//EN"
    "http://www.w3.org/TR/xhtml1/DTD/xhtml1-transitional.dtd">
<html xmlns="http://www.w3.org/1999/xhtml" xml:lang="en" lang="en">
 <head>
  <title>
</title>
<meta http-equiv="Content-Type" content="text/html;charset=utf-8" />
  <meta name='ocr-system' content='tesseract 3.04.00' />
  <meta name='ocr-capabilities' content='ocr_page ocr_carea ocr_par ocr_line ocrx_word'/>
</head>
<body>
  <div class='ocr_page' id='page_1' title='image "./urkundenundrege00thimgoog_0122.png"; bbox 0 0 3642 5509; ppageno 0'>
   <div class='ocr_carea' id='block_1_1' title="bbox 717 416 1526 476">
    <p class='ocr_par' dir='ltr' id='par_1_1' title="bbox 717 416 1526 476">
     <span class='ocr_line' id='line_1_1' title="bbox 717 416 1526 476; baseline 0.004 -3"><span class='ocrx_word' id='word_1_1' title='bbox 717 418 788 475; x_wconf 76' lang='lat'>1327</span> <span class='ocrx_word' id='word_1_2' title='bbox 806 416 977 475; x_wconf 78' lang='lat' dir='ltr'><strong>November</strong></span> <span class='ocrx_word' id='word_1_3' title='bbox 995 416 1021 475; x_wconf 87' lang='grc'>9.</span> <span class='ocrx_word' id='word_1_4' title='bbox 1109 434 1115 445; x_wconf 93' lang='grc'><em>·</em></span> <span class='ocrx_word' id='word_1_5' title='bbox 1491 418 1526 476; x_wconf 86' lang='grc'>99</span> 
     </span>
    </p>
   </div>
   <div class='ocr_carea' id='block_1_2' title="bbox 187 596 1525 1206">
    <p class='ocr_par' dir='ltr' id='par_1_2' title="bbox 187 596 1525 1206">
     <span class='ocr_line' id='line_1_2' title="bbox 187 596 1525 687; baseline -0.001 -19"><span class='ocrx_word' id='word_1_6' title='bbox 187 601 402 687; x_wconf 86' lang='lat' dir='ltr'>supplicantis</span> <span class='ocrx_word' id='word_1_7' title='bbox 436 598 659 666; x_wconf 86' lang='lat' dir='ltr'>canonicatum</span> <span class='ocrx_word' id='word_1_8' title='bbox 692 599 772 665; x_wconf 92' lang='lat' dir='ltr'>eccl.</span> <span class='ocrx_word' id='word_1_9' title='bbox 797 599 1051 683; x_wconf 79' lang='lat' dir='ltr'>Argentiuenris‚</span> <span class='ocrx_word' id='word_1_10' title='bbox 1084 596 1280 683; x_wconf 82' lang='lat' dir='ltr'>prebendam</span> <span class='ocrx_word' id='word_1_11' title='bbox 1312 619 1387 666; x_wconf 88' lang='lat' dir='ltr'>vero</span> <span class='ocrx_word' id='word_1_12' title='bbox 1420 598 1525 666; x_wconf 91' lang='lat' dir='ltr'>eidem</span> 
     </span>
     <span class='ocr_line' id='line_1_3' title="bbox 187 706 1518 775; baseline -0.011 -2"><span class='ocrx_word' id='word_1_13' title='bbox 187 713 346 775; x_wconf 78' lang='lat' dir='ltr'>reservat.</span> <span class='ocrx_word' id='word_1_14' title='bbox 1516 706 1518 711; x_wconf 84' lang='lat'>&#39;</span> 
     </span>
     <span class='ocr_line' id='line_1_4' title="bbox 295 811 1525 897; baseline -0.001 -15"><span class='ocrx_word' id='word_1_15' title='bbox 295 815 458 882; x_wconf 76' lang='lat' dir='ltr'><strong>Nobilitas</strong></span> <span class='ocrx_word' id='word_1_16' title='bbox 481 815 620 897; x_wconf 85' lang='lat' dir='ltr'>generis,</span> <span class='ocrx_word' id='word_1_17' title='bbox 644 814 711 879; x_wconf 84' lang='lat' dir='ltr'>vite</span> <span class='ocrx_word' id='word_1_18' title='bbox 729 861 789 878; x_wconf 91' lang='lat'>...</span> <span class='ocrx_word' id='word_1_19' title='bbox 823 814 897 877; x_wconf 88' lang='lat' dir='ltr'>Dat.</span> <span class='ocrx_word' id='word_1_20' title='bbox 923 813 1017 879; x_wconf 86' lang='lat' dir='ltr'>Aviu.</span> <span class='ocrx_word' id='word_1_21' title='bbox 1043 812 1070 878; x_wconf 88' lang='lat' dir='ltr'>V</span> <span class='ocrx_word' id='word_1_22' title='bbox 1093 811 1166 878; x_wconf 88' lang='lat' dir='ltr'>idus</span> <span class='ocrx_word' id='word_1_23' title='bbox 1189 812 1371 880; x_wconf 87' lang='lat' dir='ltr'>novembris</span> <span class='ocrx_word' id='word_1_24' title='bbox 1395 835 1424 879; x_wconf 88' lang='lat' dir='ltr'>a.</span> <span class='ocrx_word' id='word_1_25' title='bbox 1449 814 1525 881; x_wconf 91' lang='lat' dir='ltr'>duo·</span> 
     </span>
     <span class='ocr_line' id='line_1_5' title="bbox 189 923 328 989; baseline -0.007 -1"><span class='ocrx_word' id='word_1_26' title='bbox 189 923 328 989; x_wconf 91' lang='lat' dir='ltr'>decimo.</span> 
     </span>
     <span class='ocr_line' id='line_1_6' title="bbox 296 1026 1524 1114; baseline 0.001 -19"><span class='ocrx_word' id='word_1_27' title='bbox 296 1032 335 1095; x_wconf 92' lang='lat' dir='ltr'>In</span> <span class='ocrx_word' id='word_1_28' title='bbox 359 1050 446 1095; x_wconf 84' lang='lat' dir='ltr'>em.</span> <span class='ocrx_word' id='word_1_29' title='bbox 470 1030 622 1114; x_wconf 90' lang='lat' dir='ltr'>episcopo</span> <span class='ocrx_word' id='word_1_30' title='bbox 640 1029 796 1113; x_wconf 83' lang='lat' dir='ltr'>Pragensi</span> <span class='ocrx_word' id='word_1_31' title='bbox 820 1034 853 1093; x_wconf 89' lang='lat' dir='ltr'>et</span> <span class='ocrx_word' id='word_1_32' title='bbox 877 1026 1106 1094; x_wconf 83' lang='lat' dir='ltr'>archidiacono</span> <span class='ocrx_word' id='word_1_33' title='bbox 1123 1028 1254 1093; x_wconf 79' lang='lat' dir='ltr'>Trever.</span> <span class='ocrx_word' id='word_1_34' title='bbox 1279 1048 1318 1093; x_wconf 87' lang='lat' dir='ltr'>ac</span> <span class='ocrx_word' id='word_1_35' title='bbox 1342 1030 1524 1114; x_wconf 90' lang='lat' dir='ltr'>primicerio</span> 
     </span>
     <span class='ocr_line' id='line_1_7' title="bbox 189 1136 567 1206; baseline -0.008 -3"><span class='ocrx_word' id='word_1_36' title='bbox 189 1137 324 1206; x_wconf 90' lang='lat' dir='ltr'>Virduu.</span> <span class='ocrx_word' id='word_1_37' title='bbox 348 1136 567 1203; x_wconf 89' lang='lat' dir='ltr'>ecclesiamm.</span> 
     </span>
    </p>
   </div>
   <div class='ocr_carea' id='block_1_3' title="bbox 340 1267 753 1351">
    <p class='ocr_par' dir='ltr' id='par_1_3' title="bbox 340 1267 753 1351">
     <span class='ocr_line' id='line_1_8' title="bbox 340 1267 753 1351; baseline -0.007 -27"><span class='ocrx_word' id='word_1_38' title='bbox 340 1270 412 1339; x_wconf 73' lang='lat' dir='ltr'>Req.</span> <span class='ocrx_word' id='word_1_39' title='bbox 431 1269 470 1322; x_wconf 84' lang='lat'>88</span> <span class='ocrx_word' id='word_1_40' title='bbox 487 1268 512 1339; x_wconf 83' lang='lat' dir='ltr'>f.</span> <span class='ocrx_word' id='word_1_41' title='bbox 531 1268 580 1321; x_wconf 71' lang='lat'>931</span> <span class='ocrx_word' id='word_1_42' title='bbox 598 1283 646 1351; x_wconf 76' lang='lat' dir='ltr'>ar.</span> <span class='ocrx_word' id='word_1_43' title='bbox 667 1267 753 1321; x_wconf 79' lang='lat'><strong>3245.</strong></span> 
     </span>
    </p>
   </div>
   <div class='ocr_carea' id='block_1_4' title="bbox 296 1531 987 1621">
    <p class='ocr_par' dir='ltr' id='par_1_4' title="bbox 296 1531 987 1621">
     <span class='ocr_line' id='line_1_9' title="bbox 296 1531 987 1621; baseline -0.003 -24"><span class='ocrx_word' id='word_1_44' title='bbox 296 1532 422 1597; x_wconf 76' lang='lat'><strong>133⁰.</strong></span> <span class='ocrx_word' id='word_1_45' title='bbox 448 1535 535 1598; x_wconf 81' lang='lat'><strong><em>1327</em></strong></span> <span class='ocrx_word' id='word_1_46' title='bbox 557 1533 743 1599; x_wconf 84' lang='lat' dir='ltr'><strong><em>November</em></strong></span> <span class='ocrx_word' id='word_1_47' title='bbox 764 1534 797 1599; x_wconf 89' lang='lat'>9.</span> <span class='ocrx_word' id='word_1_48' title='bbox 822 1531 987 1621; x_wconf 70' lang='lat' dir='ltr'>Anionem.</span> 
     </span>
    </p>
   </div>
   <div class='ocr_carea' id='block_1_5' title="bbox 186 1674 1526 2493">
    <p class='ocr_par' dir='ltr' id='par_1_5' title="bbox 186 1674 1526 2063">
     <span class='ocr_line' id='line_1_10' title="bbox 296 1674 1526 1759; baseline 0.006 -20"><span class='ocrx_word' id='word_1_49' title='bbox 296 1674 457 1741; x_wconf 88' lang='lat' dir='ltr'>Iohannes</span> <span class='ocrx_word' id='word_1_50' title='bbox 473 1676 572 1740; x_wconf 82' lang='lat' dir='ltr'>XXII</span> <span class='ocrx_word' id='word_1_51' title='bbox 597 1675 737 1742; x_wconf 90' lang='lat' dir='ltr'>Henrico</span> <span class='ocrx_word' id='word_1_52' title='bbox 761 1682 837 1742; x_wconf 91' lang='lat' dir='ltr'>nato</span> <span class='ocrx_word' id='word_1_53' title='bbox 860 1677 1006 1759; x_wconf 77' lang='lat' dir='ltr'>magistri</span> <span class='ocrx_word' id='word_1_54' title='bbox 1030 1675 1182 1743; x_wconf 85' lang='lat' dir='ltr'>Iohannis</span> <span class='ocrx_word' id='word_1_55' title='bbox 1202 1676 1279 1742; x_wconf 86' lang='lat' dir='ltr'>Coei</span> <span class='ocrx_word' id='word_1_56' title='bbox 1304 1678 1428 1744; x_wconf 80' lang='lat' dir='ltr'><strong>confert</strong></span> <span class='ocrx_word' id='word_1_57' title='bbox 1453 1700 1526 1746; x_wconf 90' lang='lat' dir='ltr'>cou-</span> 
     </span>
     <span class='ocr_line' id='line_1_11' title="bbox 187 1782 1523 1871; baseline 0.002 -23"><span class='ocrx_word' id='word_1_58' title='bbox 187 1782 386 1849; x_wconf 90' lang='lat' dir='ltr'>sideratioue</span> <span class='ocrx_word' id='word_1_59' title='bbox 409 1782 562 1849; x_wconf 79' lang='lat' dir='ltr'>Iohannis</span> <span class='ocrx_word' id='word_1_60' title='bbox 591 1784 679 1866; x_wconf 80' lang='lat' dir='ltr'>regis</span> <span class='ocrx_word' id='word_1_61' title='bbox 702 1783 834 1848; x_wconf 90' lang='lat' dir='ltr'>Boemie</span> <span class='ocrx_word' id='word_1_62' title='bbox 862 1804 921 1868; x_wconf 90' lang='lat' dir='ltr'>pro</span> <span class='ocrx_word' id='word_1_63' title='bbox 946 1803 985 1849; x_wconf 92' lang='lat' dir='ltr'>eo</span> <span class='ocrx_word' id='word_1_64' title='bbox 1010 1784 1125 1849; x_wconf 89' lang='lat' dir='ltr'>clerico</span> <span class='ocrx_word' id='word_1_65' title='bbox 1150 1784 1300 1849; x_wconf 79' lang='lat' dir='ltr'>familiari</span> <span class='ocrx_word' id='word_1_66' title='bbox 1324 1804 1381 1850; x_wconf 87' lang='lat' dir='ltr'>suo</span> <span class='ocrx_word' id='word_1_67' title='bbox 1405 1787 1523 1871; x_wconf 86' lang='lat' dir='ltr'>suppli·</span> 
     </span>
     <span class='ocr_line' id='line_1_12' title="bbox 187 1889 1523 1976; baseline 0.004 -22"><span class='ocrx_word' id='word_1_68' title='bbox 187 1889 295 1955; x_wconf 83' lang='lat' dir='ltr'>cautis</span> <span class='ocrx_word' id='word_1_69' title='bbox 310 1890 391 1955; x_wconf 90' lang='lat' dir='ltr'>eccl.</span> <span class='ocrx_word' id='word_1_70' title='bbox 407 1890 442 1956; x_wconf 89' lang='lat' dir='ltr'>S.</span> <span class='ocrx_word' id='word_1_71' title='bbox 458 1890 583 1955; x_wconf 82' lang='lat' dir='ltr'>Paulini</span> <span class='ocrx_word' id='word_1_72' title='bbox 600 1898 693 1955; x_wconf 86' lang='lat' dir='ltr'>extra</span> <span class='ocrx_word' id='word_1_73' title='bbox 708 1910 815 1956; x_wconf 89' lang='lat' dir='ltr'>muros</span> <span class='ocrx_word' id='word_1_74' title='bbox 830 1890 1045 1957; x_wconf 77' lang='lat' dir='ltr'>Treverenses</span> <span class='ocrx_word' id='word_1_75' title='bbox 1067 1891 1302 1973; x_wconf 88' lang='lat' dir='ltr'>canonicatum,</span> <span class='ocrx_word' id='word_1_76' title='bbox 1326 1892 1523 1976; x_wconf 89' lang='lat' dir='ltr'>prebendam</span> 
     </span>
     <span class='ocr_line' id='line_1_13' title="bbox 186 1992 1217 2063; baseline -0.003 0"><span class='ocrx_word' id='word_1_77' title='bbox 186 2017 267 2063; x_wconf 89' lang='lat' dir='ltr'>vero</span> <span class='ocrx_word' id='word_1_78' title='bbox 290 1996 396 2062; x_wconf 91' lang='lat' dir='ltr'>eidem</span> <span class='ocrx_word' id='word_1_79' title='bbox 419 2003 572 2062; x_wconf 89' lang='lat' dir='ltr'>reservat.</span> <span class='ocrx_word' id='word_1_80' title='bbox 1214 1992 1217 1997; x_wconf 82' lang='grc'><strong>’</strong></span> 
     </span>
    </p>

    <p class='ocr_par' dir='ltr' id='par_1_6' title="bbox 187 2102 1524 2278">
     <span class='ocr_line' id='line_1_14' title="bbox 297 2102 1524 2188; baseline 0.004 -20"><span class='ocrx_word' id='word_1_81' title='bbox 297 2102 478 2169; x_wconf 81' lang='lat' dir='ltr'>Laudabile</span> <span class='ocrx_word' id='word_1_82' title='bbox 502 2105 716 2170; x_wconf 86' lang='lat' dir='ltr'>testimouium</span> <span class='ocrx_word' id='word_1_83' title='bbox 740 2103 828 2188; x_wconf 91' lang='lat' dir='ltr'>quod</span> <span class='ocrx_word' id='word_1_84' title='bbox 858 2154 896 2169; x_wconf 91' lang='lat'>..</span> <span class='ocrx_word' id='word_1_85' title='bbox 921 2154 926 2169; x_wconf 92' lang='lat'><strong>.</strong></span> <span class='ocrx_word' id='word_1_86' title='bbox 976 2106 1050 2170; x_wconf 89' lang='lat' dir='ltr'>Dat.</span> <span class='ocrx_word' id='word_1_87' title='bbox 1075 2102 1170 2171; x_wconf 83' lang='lat' dir='ltr'>Avin.</span> <span class='ocrx_word' id='word_1_88' title='bbox 1196 2104 1223 2170; x_wconf 94' lang='lat' dir='ltr'>V</span> <span class='ocrx_word' id='word_1_89' title='bbox 1247 2104 1319 2171; x_wconf 91' lang='lat' dir='ltr'>idus</span> <span class='ocrx_word' id='word_1_90' title='bbox 1341 2108 1524 2173; x_wconf 78' lang='lat' dir='ltr'>novembris</span> 
     </span>
     <span class='ocr_line' id='line_1_15' title="bbox 187 2210 391 2278; baseline 0.015 -3"><span class='ocrx_word' id='word_1_91' title='bbox 187 2210 391 2278; x_wconf 92' lang='lat' dir='ltr'>duodecimo.</span> 
     </span>
    </p>

    <p class='ocr_par' dir='ltr' id='par_1_7' title="bbox 190 2319 1521 2493">
     <span class='ocr_line' id='line_1_16' title="bbox 277 2319 1521 2407; baseline 0.004 -25"><span class='ocrx_word' id='word_1_92' title='bbox 277 2320 317 2382; x_wconf 95' lang='lat' dir='ltr'>Iu</span> <span class='ocrx_word' id='word_1_93' title='bbox 339 2338 368 2383; x_wconf 90' lang='lat' dir='ltr'>e.</span> <span class='ocrx_word' id='word_1_94' title='bbox 390 2340 431 2383; x_wconf 92' lang='lat' dir='ltr'>m.</span> <span class='ocrx_word' id='word_1_95' title='bbox 457 2321 610 2405; x_wconf 87' lang='lat' dir='ltr'>episcopo</span> <span class='ocrx_word' id='word_1_96' title='bbox 633 2321 789 2403; x_wconf 79' lang='lat' dir='ltr'>Progensi</span> <span class='ocrx_word' id='word_1_97' title='bbox 814 2327 847 2385; x_wconf 92' lang='lat' dir='ltr'>et</span> <span class='ocrx_word' id='word_1_98' title='bbox 869 2319 1097 2385; x_wconf 87' lang='lat' dir='ltr'>archidiacono</span> <span class='ocrx_word' id='word_1_99' title='bbox 1121 2321 1253 2387; x_wconf 83' lang='lat' dir='ltr'>Trever.</span> <span class='ocrx_word' id='word_1_100' title='bbox 1278 2340 1317 2387; x_wconf 87' lang='lat' dir='ltr'>ac</span> <span class='ocrx_word' id='word_1_101' title='bbox 1340 2321 1521 2407; x_wconf 87' lang='lat' dir='ltr'>primicerio</span> 
     </span>
     <span class='ocr_line' id='line_1_17' title="bbox 190 2424 567 2493; baseline 0.005 -2"><span class='ocrx_word' id='word_1_102' title='bbox 190 2424 324 2492; x_wconf 89' lang='lat' dir='ltr'>Virdun.</span> <span class='ocrx_word' id='word_1_103' title='bbox 348 2427 567 2493; x_wconf 90' lang='lat' dir='ltr'>ecclesiarum.</span> 
     </span>
    </p>
   </div>
   <div class='ocr_carea' id='block_1_6' title="bbox 386 2569 794 2640">
    <p class='ocr_par' dir='ltr' id='par_1_8' title="bbox 386 2569 794 2640">
     <span class='ocr_line' id='line_1_18' title="bbox 386 2569 794 2640; baseline 0.005 -17"><span class='ocrx_word' id='word_1_104' title='bbox 386 2569 458 2639; x_wconf 64' lang='grc' dir='ltr'>κιρ.</span> <span class='ocrx_word' id='word_1_105' title='bbox 478 2569 557 2640; x_wconf 74' lang='lat' dir='ltr'>aas.</span> <span class='ocrx_word' id='word_1_106' title='bbox 577 2569 625 2623; x_wconf 78' lang='lat' dir='ltr'>eo</span> <span class='ocrx_word' id='word_1_107' title='bbox 642 2586 691 2625; x_wconf 71' lang='lat' dir='ltr'>ar.</span> <span class='ocrx_word' id='word_1_108' title='bbox 712 2571 794 2627; x_wconf 85' lang='lat'><strong>3190.</strong></span> 
     </span>
    </p>
   </div>
   <div class='ocr_carea' id='block_1_7' title="bbox 293 2842 999 2929">
    <p class='ocr_par' dir='ltr' id='par_1_9' title="bbox 293 2842 999 2929">
     <span class='ocr_line' id='line_1_19' title="bbox 293 2842 999 2929; baseline 0.004 -22"><span class='ocrx_word' id='word_1_109' title='bbox 293 2842 410 2908; x_wconf 77' lang='lat'><strong>1331.</strong></span> <span class='ocrx_word' id='word_1_110' title='bbox 446 2844 532 2908; x_wconf 75' lang='lat'><em>1327</em></span> <span class='ocrx_word' id='word_1_111' title='bbox 556 2842 744 2909; x_wconf 84' lang='lat' dir='ltr'>November</span> <span class='ocrx_word' id='word_1_112' title='bbox 766 2844 797 2908; x_wconf 92' lang='lat'>9.</span> <span class='ocrx_word' id='word_1_113' title='bbox 831 2842 999 2929; x_wconf 71' lang='lat' dir='ltr'>Aoiqaoo.</span> 
     </span>
    </p>
   </div>
   <div class='ocr_carea' id='block_1_8' title="bbox 185 2986 1521 3482">
    <p class='ocr_par' dir='ltr' id='par_1_10' title="bbox 185 2986 1521 3285">
     <span class='ocr_line' id='line_1_20' title="bbox 291 2986 1521 3073; baseline 0.003 -23"><span class='ocrx_word' id='word_1_114' title='bbox 291 2986 454 3051; x_wconf 89' lang='lat' dir='ltr'>lohannes</span> <span class='ocrx_word' id='word_1_115' title='bbox 479 2986 578 3051; x_wconf 87' lang='lat' dir='ltr'>XXII</span> <span class='ocrx_word' id='word_1_116' title='bbox 602 2986 755 3072; x_wconf 86' lang='lat' dir='ltr'>episcopo</span> <span class='ocrx_word' id='word_1_117' title='bbox 780 2987 935 3070; x_wconf 86' lang='lat' dir='ltr'>Tulleusi‚</span> <span class='ocrx_word' id='word_1_118' title='bbox 959 2994 1089 3073; x_wconf 88' lang='lat' dir='ltr'>petente</span> <span class='ocrx_word' id='word_1_119' title='bbox 1114 2986 1256 3052; x_wconf 90' lang='lat' dir='ltr'>Iohanne</span> <span class='ocrx_word' id='word_1_120' title='bbox 1280 3008 1356 3071; x_wconf 84' lang='lat' dir='ltr'>rege</span> <span class='ocrx_word' id='word_1_121' title='bbox 1382 2986 1521 3071; x_wconf 82' lang='lat' dir='ltr'>Boemie,</span> 
     </span>
     <span class='ocr_line' id='line_1_21' title="bbox 187 3091 1521 3179; baseline 0.002 -21"><span class='ocrx_word' id='word_1_122' title='bbox 187 3091 337 3159; x_wconf 83' lang='lat' dir='ltr'>concedit</span> <span class='ocrx_word' id='word_1_123' title='bbox 369 3094 558 3159; x_wconf 83' lang='lat' dir='ltr'>facultatem</span> <span class='ocrx_word' id='word_1_124' title='bbox 586 3092 786 3160; x_wconf 89' lang='lat' dir='ltr'>concedendi</span> <span class='ocrx_word' id='word_1_125' title='bbox 814 3094 1043 3160; x_wconf 83' lang='lat' dir='ltr'>tabellionatus</span> <span class='ocrx_word' id='word_1_126' title='bbox 1067 3094 1205 3159; x_wconf 89' lang='lat' dir='ltr'>officium</span> <span class='ocrx_word' id='word_1_127' title='bbox 1229 3092 1354 3159; x_wconf 90' lang='lat' dir='ltr'>duabus</span> <span class='ocrx_word' id='word_1_128' title='bbox 1378 3095 1521 3179; x_wconf 85' lang='lat' dir='ltr'>personis</span> 
     </span>
     <span class='ocr_line' id='line_1_22' title="bbox 185 3199 1434 3285; baseline 0 -20"><span class='ocrx_word' id='word_1_129' title='bbox 185 3199 325 3285; x_wconf 76' lang='lat' dir='ltr'>ydoneis</span> <span class='ocrx_word' id='word_1_130' title='bbox 348 3201 474 3268; x_wconf 91' lang='lat' dir='ltr'>clericis</span> <span class='ocrx_word' id='word_1_131' title='bbox 497 3222 561 3267; x_wconf 89' lang='lat' dir='ltr'>non</span> <span class='ocrx_word' id='word_1_132' title='bbox 584 3201 765 3284; x_wconf 85' lang='lat' dir='ltr'>coniugatis</span> <span class='ocrx_word' id='word_1_133' title='bbox 788 3221 848 3266; x_wconf 92' lang='lat' dir='ltr'>uec</span> <span class='ocrx_word' id='word_1_134' title='bbox 872 3202 905 3266; x_wconf 91' lang='lat' dir='ltr'>in</span> <span class='ocrx_word' id='word_1_135' title='bbox 929 3201 1030 3271; x_wconf 86' lang='lat' dir='ltr'>sacris</span> <span class='ocrx_word' id='word_1_136' title='bbox 1054 3200 1219 3267; x_wconf 77' lang='lat' dir='ltr'>ordinibus</span> <span class='ocrx_word' id='word_1_137' title='bbox 1243 3201 1434 3267; x_wconf 86' lang='lat' dir='ltr'>constitutis.</span> 
     </span>
    </p>

    <p class='ocr_par' dir='ltr' id='par_1_11' title="bbox 188 3305 1521 3482">
     <span class='ocr_line' id='line_1_23' title="bbox 292 3305 1521 3376; baseline -0.002 -3"><span class='ocrx_word' id='word_1_138' title='bbox 292 3308 418 3375; x_wconf 84' lang='lat' dir='ltr'>Eximio</span> <span class='ocrx_word' id='word_1_139' title='bbox 434 3308 616 3375; x_wconf 86' lang='lat' dir='ltr'>devotionis</span> <span class='ocrx_word' id='word_1_140' title='bbox 632 3307 769 3374; x_wconf 84' lang='lat' dir='ltr'>allectus</span> <span class='ocrx_word' id='word_1_141' title='bbox 780 3356 809 3374; x_wconf 91' lang='lat'>..</span> <span class='ocrx_word' id='word_1_142' title='bbox 825 3358 833 3374; x_wconf 97' lang='lat'><strong>.</strong></span> <span class='ocrx_word' id='word_1_143' title='bbox 857 3308 934 3376; x_wconf 86' lang='lat' dir='ltr'>Dat.</span> <span class='ocrx_word' id='word_1_144' title='bbox 952 3309 1045 3374; x_wconf 86' lang='lat' dir='ltr'>Ariu.</span> <span class='ocrx_word' id='word_1_145' title='bbox 1064 3308 1092 3373; x_wconf 87' lang='lat' dir='ltr'>V</span> <span class='ocrx_word' id='word_1_146' title='bbox 1109 3307 1182 3375; x_wconf 91' lang='lat' dir='ltr'>idus</span> <span class='ocrx_word' id='word_1_147' title='bbox 1198 3308 1379 3375; x_wconf 80' lang='lat' dir='ltr'>novembris</span> <span class='ocrx_word' id='word_1_148' title='bbox 1395 3330 1425 3374; x_wconf 91' lang='lat' dir='ltr'>a.</span> <span class='ocrx_word' id='word_1_149' title='bbox 1443 3305 1521 3371; x_wconf 91' lang='lat' dir='ltr'>duo·</span> 
     </span>
     <span class='ocr_line' id='line_1_24' title="bbox 188 3415 324 3482; baseline -0.022 0"><span class='ocrx_word' id='word_1_150' title='bbox 188 3415 324 3482; x_wconf 89' lang='lat' dir='ltr'>decimo.</span> 
     </span>
    </p>
   </div>
   <div class='ocr_carea' id='block_1_9' title="bbox 336 3539 867 3612">
    <p class='ocr_par' dir='ltr' id='par_1_12' title="bbox 336 3539 867 3612">
     <span class='ocr_line' id='line_1_25' title="bbox 336 3539 867 3612; baseline 0 -17"><span class='ocrx_word' id='word_1_151' title='bbox 336 3540 410 3611; x_wconf 74' lang='lat' dir='ltr'>Req.</span> <span class='ocrx_word' id='word_1_152' title='bbox 429 3543 466 3596; x_wconf 80' lang='lat'>85</span> <span class='ocrx_word' id='word_1_153' title='bbox 483 3541 508 3612; x_wconf 79' lang='lat' dir='ltr'>f.</span> <span class='ocrx_word' id='word_1_154' title='bbox 528 3540 596 3595; x_wconf 64' lang='lat'>3641</span> <span class='ocrx_word' id='word_1_155' title='bbox 614 3557 662 3596; x_wconf 79' lang='lat' dir='ltr'>ur.</span> <span class='ocrx_word' id='word_1_156' title='bbox 682 3540 740 3596; x_wconf 85' lang='lat'>999</span> <span class='ocrx_word' id='word_1_157' title='bbox 759 3539 867 3611; x_wconf 83' lang='lat'>(1039).</span> 
     </span>
    </p>
   </div>
   <div class='ocr_carea' id='block_1_10' title="bbox 295 3830 1017 3917">
    <p class='ocr_par' dir='ltr' id='par_1_13' title="bbox 295 3830 1017 3917">
     <span class='ocr_line' id='line_1_26' title="bbox 295 3830 1017 3917; baseline 0 -19"><span class='ocrx_word' id='word_1_158' title='bbox 295 3830 416 3899; x_wconf 72' lang='lat'><strong>1⁸32.</strong></span> <span class='ocrx_word' id='word_1_159' title='bbox 443 3833 530 3899; x_wconf 82' lang='lat'><strong><em>1327</em></strong></span> <span class='ocrx_word' id='word_1_160' title='bbox 556 3832 745 3899; x_wconf 81' lang='lat' dir='ltr'>November</span> <span class='ocrx_word' id='word_1_161' title='bbox 769 3834 822 3898; x_wconf 78' lang='lat'>26.</span> <span class='ocrx_word' id='word_1_162' title='bbox 850 3830 1017 3917; x_wconf 71' lang='lat' dir='ltr'>Autonoe.</span> 
     </span>
    </p>
   </div>
   <div class='ocr_carea' id='block_1_11' title="bbox 186 3972 1522 4693">
    <p class='ocr_par' dir='ltr' id='par_1_14' title="bbox 186 3972 1521 4169">
     <span class='ocr_line' id='line_1_27' title="bbox 292 3972 1521 4059; baseline 0 -19"><span class='ocrx_word' id='word_1_163' title='bbox 292 3974 452 4043; x_wconf 83' lang='lat' dir='ltr'>Iohannes</span> <span class='ocrx_word' id='word_1_164' title='bbox 473 3976 574 4041; x_wconf 84' lang='lat' dir='ltr'>XXII</span> <span class='ocrx_word' id='word_1_165' title='bbox 608 3974 730 4041; x_wconf 89' lang='lat' dir='ltr'>Matbie</span> <span class='ocrx_word' id='word_1_166' title='bbox 764 3982 840 4042; x_wconf 84' lang='lat' dir='ltr'>nato</span> <span class='ocrx_word' id='word_1_167' title='bbox 876 3974 1037 4059; x_wconf 89' lang='lat' dir='ltr'>quondam</span> <span class='ocrx_word' id='word_1_168' title='bbox 1073 3972 1204 4042; x_wconf 89' lang='lat' dir='ltr'>Heurici</span> <span class='ocrx_word' id='word_1_169' title='bbox 1241 3972 1321 4040; x_wconf 90' lang='lat' dir='ltr'>dicti</span> <span class='ocrx_word' id='word_1_170' title='bbox 1355 3972 1521 4041; x_wconf 85' lang='lat' dir='ltr'>Overstolz</span> 
     </span>
     <span class='ocr_line' id='line_1_28' title="bbox 186 4080 1520 4169; baseline -0.001 -19"><span class='ocrx_word' id='word_1_171' title='bbox 186 4084 266 4150; x_wconf 88' lang='lat' dir='ltr'>eccl.</span> <span class='ocrx_word' id='word_1_172' title='bbox 283 4084 319 4149; x_wconf 88' lang='lat' dir='ltr'>S.</span> <span class='ocrx_word' id='word_1_173' title='bbox 334 4084 506 4150; x_wconf 87' lang='lat' dir='ltr'>Kuniberti</span> <span class='ocrx_word' id='word_1_174' title='bbox 522 4084 633 4150; x_wconf 83' lang='lat' dir='ltr'>Colou.</span> <span class='ocrx_word' id='word_1_175' title='bbox 658 4084 893 4166; x_wconf 87' lang='lat' dir='ltr'>canonicatum,</span> <span class='ocrx_word' id='word_1_176' title='bbox 917 4080 1116 4169; x_wconf 84' lang='lat' dir='ltr'>prebendam</span> <span class='ocrx_word' id='word_1_177' title='bbox 1137 4102 1213 4148; x_wconf 89' lang='lat' dir='ltr'>vero</span> <span class='ocrx_word' id='word_1_178' title='bbox 1237 4080 1343 4147; x_wconf 90' lang='lat' dir='ltr'>eidem</span> <span class='ocrx_word' id='word_1_179' title='bbox 1366 4089 1520 4149; x_wconf 88' lang='lat' dir='ltr'>reservat.</span> 
     </span>
    </p>

    <p class='ocr_par' dir='ltr' id='par_1_15' title="bbox 186 4187 1521 4368">
     <span class='ocr_line' id='line_1_29' title="bbox 294 4187 1521 4277; baseline -0.003 -18"><span class='ocrx_word' id='word_1_180' title='bbox 294 4192 515 4277; x_wconf 80' lang='lat' dir='ltr'>Suffragantia</span> <span class='ocrx_word' id='word_1_181' title='bbox 538 4191 597 4257; x_wconf 93' lang='lat' dir='ltr'>tibi</span> <span class='ocrx_word' id='word_1_182' title='bbox 621 4192 811 4260; x_wconf 86' lang='lat' dir='ltr'>merita...</span> <span class='ocrx_word' id='word_1_183' title='bbox 847 4191 923 4256; x_wconf 90' lang='lat' dir='ltr'>Dat.</span> <span class='ocrx_word' id='word_1_184' title='bbox 949 4190 1045 4255; x_wconf 83' lang='lat' dir='ltr'>Aviu.</span> <span class='ocrx_word' id='word_1_185' title='bbox 1062 4190 1108 4254; x_wconf 92' lang='lat' dir='ltr'>Vl</span> <span class='ocrx_word' id='word_1_186' title='bbox 1125 4189 1170 4255; x_wconf 89' lang='lat' dir='ltr'>kl.</span> <span class='ocrx_word' id='word_1_187' title='bbox 1187 4187 1368 4255; x_wconf 84' lang='lat' dir='ltr'>decembris</span> <span class='ocrx_word' id='word_1_188' title='bbox 1392 4209 1421 4253; x_wconf 92' lang='lat' dir='ltr'>a.</span> <span class='ocrx_word' id='word_1_189' title='bbox 1446 4188 1521 4255; x_wconf 93' lang='lat' dir='ltr'>duo·</span> 
     </span>
     <span class='ocr_line' id='line_1_30' title="bbox 186 4300 322 4368; baseline -0.022 0"><span class='ocrx_word' id='word_1_190' title='bbox 186 4300 322 4368; x_wconf 89' lang='lat' dir='ltr'>decimo.</span> 
     </span>
    </p>

    <p class='ocr_par' dir='ltr' id='par_1_16' title="bbox 187 4404 1522 4693">
     <span class='ocr_line' id='line_1_31' title="bbox 292 4404 1522 4493; baseline -0.002 -20"><span class='ocrx_word' id='word_1_191' title='bbox 292 4409 330 4474; x_wconf 92' lang='lat' dir='ltr'>Iu</span> <span class='ocrx_word' id='word_1_192' title='bbox 353 4429 381 4475; x_wconf 90' lang='lat' dir='ltr'>e.</span> <span class='ocrx_word' id='word_1_193' title='bbox 408 4430 449 4475; x_wconf 90' lang='lat' dir='ltr'>m.</span> <span class='ocrx_word' id='word_1_194' title='bbox 482 4408 515 4474; x_wconf 89' lang='lat' dir='ltr'>S.</span> <span class='ocrx_word' id='word_1_195' title='bbox 546 4407 677 4493; x_wconf 83' lang='lat' dir='ltr'>Georgii</span> <span class='ocrx_word' id='word_1_196' title='bbox 702 4415 735 4473; x_wconf 84' lang='lat' dir='ltr'>et</span> <span class='ocrx_word' id='word_1_197' title='bbox 758 4407 792 4473; x_wconf 92' lang='lat' dir='ltr'>S.</span> <span class='ocrx_word' id='word_1_198' title='bbox 820 4406 968 4473; x_wconf 85' lang='lat' dir='ltr'>Severini</span> <span class='ocrx_word' id='word_1_199' title='bbox 992 4406 1102 4475; x_wconf 81' lang='lat' dir='ltr'>Oolou.</span> <span class='ocrx_word' id='word_1_200' title='bbox 1136 4404 1270 4473; x_wconf 86' lang='lat' dir='ltr'>decanis</span> <span class='ocrx_word' id='word_1_201' title='bbox 1299 4426 1339 4472; x_wconf 90' lang='lat' dir='ltr'>ac</span> <span class='ocrx_word' id='word_1_202' title='bbox 1368 4406 1522 4489; x_wconf 84' lang='lat' dir='ltr'>magistro</span> 
     </span>
     <span class='ocr_line' id='line_1_32' title="bbox 187 4514 1521 4599; baseline -0.005 -13"><span class='ocrx_word' id='word_1_203' title='bbox 187 4517 323 4586; x_wconf 83' lang='lat' dir='ltr'>Nicolao</span> <span class='ocrx_word' id='word_1_204' title='bbox 347 4516 388 4582; x_wconf 92' lang='lat' dir='ltr'>de</span> <span class='ocrx_word' id='word_1_205' title='bbox 412 4517 538 4582; x_wconf 73' lang='lat' dir='ltr'>l&#39;ractis</span> <span class='ocrx_word' id='word_1_206' title='bbox 562 4517 716 4582; x_wconf 88' lang='lat' dir='ltr'>canonico</span> <span class='ocrx_word' id='word_1_207' title='bbox 742 4516 943 4581; x_wconf 85' lang='lat' dir='ltr'>Patraceusis</span> <span class='ocrx_word' id='word_1_208' title='bbox 967 4514 1046 4580; x_wconf 90' lang='lat' dir='ltr'>eccl.</span> <span class='ocrx_word' id='word_1_209' title='bbox 1070 4514 1246 4580; x_wconf 81' lang='lat' dir='ltr'>litterarum</span> <span class='ocrx_word' id='word_1_210' title='bbox 1271 4514 1521 4599; x_wconf 87' lang='lat' dir='ltr'>apostolicarum</span> 
     </span>
     <span class='ocr_line' id='line_1_33' title="bbox 187 4626 372 4693; baseline -0.016 0"><span class='ocrx_word' id='word_1_211' title='bbox 187 4626 372 4693; x_wconf 79' lang='lat' dir='ltr'>correctori.</span> 
     </span>
    </p>
   </div>
   <div class='ocr_carea' id='block_1_12' title="bbox 346 4749 763 4823">
    <p class='ocr_par' dir='ltr' id='par_1_17' title="bbox 346 4749 763 4823">
     <span class='ocr_line' id='line_1_34' title="bbox 346 4749 763 4823; baseline -0.005 -18"><span class='ocrx_word' id='word_1_212' title='bbox 346 4750 421 4822; x_wconf 72' lang='lat' dir='ltr'>aeq.</span> <span class='ocrx_word' id='word_1_213' title='bbox 440 4752 479 4805; x_wconf 84' lang='lat' dir='ltr'>ao</span> <span class='ocrx_word' id='word_1_214' title='bbox 496 4749 521 4823; x_wconf 80' lang='lat' dir='ltr'>f.</span> <span class='ocrx_word' id='word_1_215' title='bbox 541 4752 661 4805; x_wconf 80' lang='lat' dir='ltr'>181ar.</span> <span class='ocrx_word' id='word_1_216' title='bbox 682 4751 763 4804; x_wconf 73' lang='lat'><strong>1481.</strong></span> 
     </span>
    </p>
   </div>
   <div class='ocr_carea' id='block_1_13' title="bbox 0 0 1826 5509">
    <p class='ocr_par' dir='ltr' id='par_1_18' title="bbox 0 0 1826 5509">
     <span class='ocr_line' id='line_1_35' title="bbox 0 0 1826 5509; baseline 0 0"><span class='ocrx_word' id='word_1_217' title='bbox 0 0 1826 5509; x_wconf 95' lang='lat' dir='ltr'> </span> 
     </span>
    </p>
   </div>
  </div>
 </body>
</html>
