3642 5509
754 446 824 503 1327
842 447 962 504 danuar
979 447 1022 503 24.
1536 443 1554 498 9

219 627 418 713 mandamus,
449 629 599 713 quatinus
622 677 680 694 ...
705 627 824 695 dictam
854 627 1089 714 preposituram
1112 629 1329 698 xanctensem
1349 678 1356 694 .
1375 677 1382 694 .
1402 627 1553 714 prefato

221 736 357 803 Iohanni
376 787 383 802 .
401 785 410 802 .
429 785 437 802 .
454 737 601 803 conferre
625 741 657 803 et
680 735 847 820 assignare
871 737 1059 802 curetis...
1084 757 1147 802 non
1171 736 1423 803 obstantibus..
1442 785 1450 801 .
1467 735 1554 820 quod

218 844 325 911 dictus
348 844 508 912 Iohannes
531 843 573 910 de
597 845 822 929 Wirnemburg
845 845 876 909 in
901 844 1092 927 Coloniensi,
1121 844 1294 926 Bunnensi,
1318 843 1353 909 S.
1376 843 1497 911 Florini
1521 845 1553 909 in

219 951 421 1019 Continentia
444 959 477 1018 et
492 951 669 1038 Ilugarden
687 1001 694 1017 .
713 1002 720 1016 .
739 1001 746 1017 .
764 953 973 1018 canonicatus
996 958 1029 1017 et
1051 950 1234 1037 prebendas
1251 1001 1259 1017 .
1277 1000 1284 1016 .
1302 999 1310 1017 .
1327 971 1367 1016 ae
1390 950 1423 1015 in
1439 949 1552 1018 eadem

218 1058 399 1127 Coloniensi
423 1059 501 1126 eccl.
527 1059 664 1144 quedam
688 1059 896 1145 prestimonia
919 1058 1061 1125 noscitur
1086 1057 1231 1126 oblinere
1256 1106 1263 1122 .
1288 1105 1295 1122 .
1321 1108 1328 1124 .
1358 1058 1432 1125 Dat.
1456 1057 1551 1127 Avin.

218 1166 316 1232 VIIII
339 1167 385 1232 kl.
408 1167 562 1234 februarii
587 1189 607 1233 a
630 1165 813 1233 undecimo.

367 1309 440 1381 aeq.
459 1309 498 1366 aa
515 1307 539 1380 f.
559 1308 626 1367 aaa
644 1324 693 1366 nr.
712 1308 776 1364 919.

325 1593 440 1659 1124.
466 1595 553 1659 1327
576 1595 717 1660 Jaoaar
736 1595 790 1660 24.
815 1591 982 1680 Aoipaoa.

323 1734 482 1801 Iohannes
505 1735 604 1801 XXII
634 1735 769 1801 Iohanni
794 1735 835 1802 de
859 1735 1095 1821 Virnemburgh
1124 1734 1279 1804 canonico
1310 1735 1492 1803 Coloniensi
1520 1742 1552 1802 et

218 1842 386 1928 capellano
419 1842 540 1929 papali,
574 1861 667 1926 quem
702 1842 885 1908 habilitavit
915 1849 948 1908 et
970 1845 1002 1908 in
1026 1844 1187 1928 integrum
1211 1843 1361 1918 restituit,
1391 1841 1552 1925 coneedit,

218 1947 303 2031 quod
326 1950 559 2035 preposituram
584 1949 790 2035 Carpenscm‚
824 1950 1025 2036 capplariam
1050 1950 1185 2016 ecclesie
1201 1949 1402 2016 Coloniensis
1425 1955 1458 2016 et
1480 1971 1552 2036 par-

217 2055 390 2122 rochialem
423 2057 594 2123 ecclesiam
626 2055 667 2122 de
701 2056 800 2140 Cisse,
835 2063 990 2124 vacantes
1013 2077 1054 2124 ex
1084 2056 1185 2142 ipsius
1212 2078 1298 2143 pape
1326 2057 1553 2124 constitutione

218 2162 337 2229 dudum
374 2163 472 2247 edita,
507 2183 632 2230 necnon
666 2165 900 2250 preposituram
936 2164 1074 2230 ecclesie
1097 2164 1292 2230 Xanctensis
1322 2163 1433 2231 Colon.
1468 2163 1553 2230 dioc.

219 2289 325 2336 curam
358 2271 534 2338 animarum
570 2269 752 2354 habentem,
787 2270 829 2337 de
863 2291 928 2355 qua
951 2278 1089 2338 vacante
1122 2270 1227 2338 eidem
1259 2268 1357 2338 hodie
1388 2271 1550 2357 provideri

218 2377 394 2461 mandavit,
419 2398 520 2463 usque
543 2377 586 2444 ad
610 2379 788 2465 apostolice
810 2377 898 2444 sedis
923 2379 1158 2465 beneplacitum
1174 2378 1262 2445 licite
1278 2379 1416 2445 retinere
1432 2379 1550 2446 valeat.

325 2485 538 2553 Attendentes
561 2484 767 2553 condiciones
790 2492 823 2552 ct
846 2487 985 2552 merita.
1015 2535 1023 2551 .
1052 2535 1059 2552 .
1093 2485 1168 2552 Dat.
1196 2487 1292 2552 Acin.
1316 2486 1413 2552 VIIII
1436 2485 1481 2551 kl.
1505 2485 1550 2552 fe·

220 2591 339 2659 bruarii
363 2615 393 2660 a.
417 2593 598 2662 undecimo.

326 2701 364 2766 In
387 2722 416 2768 e.
440 2721 481 2766 m.
516 2700 550 2767 S.
577 2700 785 2769 Pantaleonis
808 2701 918 2768 Colon.
943 2707 976 2768 et
1000 2700 1041 2768 dc
1064 2700 1155 2768 Lacu
1179 2701 1310 2767 Trever.
1336 2700 1419 2767 dioc.
1443 2719 1551 2766 mona-

220 2807 384 2874 steriomm
411 2808 583 2875 abbatibus
606 2829 646 2875 ac
669 2810 833 2894 preposito
857 2809 994 2876 ecclesie
1017 2808 1050 2876 S.
1068 2809 1216 2877 Severini
1240 2807 1448 2876 ColonIensis.

378 2951 451 3023 ch.
471 2951 510 3007 82
526 2950 552 3023 f.
571 2949 639 3006 33⁷¹
657 2967 704 3008 nr.
723 2951 780 3008 859
786 2967 800 3020 ,·
826 2952 878 3009 Ra.
898 2953 1001 3009 801a.
1021 2955 1046 3007 1.

323 3222 439 3290 1125.
465 3227 552 3290 1327
575 3227 716 3292 ,Ianuar
738 3227 792 3295 24.
827 3223 993 3312 Aoipaoa.

324 3365 484 3433 Iohannes
509 3367 609 3433 XXII
642 3368 777 3433 Iohanni
807 3367 848 3434 de
877 3367 1079 3453 Virneuburg
1111 3368 1266 3433 canonico
1290 3363 1472 3433 Coloniensi
1500 3386 1552 3431 ca·

218 3471 347 3557 poliano
372 3474 482 3559 papali
506 3473 662 3557 indulget,
688 3476 770 3541 utin
794 3475 897 3541 altera
922 3473 1138 3557 ecclesiarum,
1163 3475 1195 3539 in
1219 3473 1334 3557 quibus
1357 3472 1553 3540 benefieatus

217 3579 326 3646 existit
358 3581 570 3665 personaliter
601 3581 772 3649 residendo
797 3580 849 3648 vel
873 3580 960 3667 apud
984 3579 1093 3647 sedem
1126 3582 1337 3667 apostolicam
1366 3586 1422 3646 aut
1444 3579 1552 3645 studio

218 3687 407 3769 litterarum,
441 3688 494 3753 ubi
528 3688 607 3754 illud
635 3690 786 3774 generale
810 3691 929 3773 vigeat,
963 3688 1162 3754 immorando
1186 3689 1254 3754 sive
1278 3686 1476 3754 Coloniensis
1499 3707 1552 3754 ec-

217 3794 313 3860 clesie
346 3794 508 3878 obsequiis
541 3795 717 3862 insistendo
751 3797 876 3862 fructus
905 3794 1051 3861 redditus
1075 3802 1107 3861 et
1130 3801 1304 3882 proventus
1327 3793 1553 3860 beneficiorum

215 3921 354 3982 auorum,
380 3921 443 3984 que
465 3922 549 3968 nunc
573 3902 697 3969 obtinet
721 3903 772 3969 rel
796 3903 1002 3988 imposterum
1027 3902 1172 3969 obtinere
1195 3902 1373 3986 continget,
1404 3900 1552 3968 etiamsi

216 4027 323 4074 eorum
357 4007 467 4091 aliqua
500 4007 676 4094 dignitates
700 4011 751 4076 vel
782 4017 970 4096 personatus
993 4029 1049 4075 seu
1073 4008 1179 4075 officia
1202 4010 1344 4075 exIstant
1367 4007 1419 4073 vel
1442 4027 1551 4074 curam

216 4114 357 4180 habeant
379 4117 567 4194 animarum,
600 4137 701 4201 usque
729 4116 772 4182 ad
800 4115 971 4182 triennIum
1004 4116 1140 4199 integre,
1174 4114 1370 4199 quotidianis
1403 4113 1553 4182 distribu-

215 4221 356 4288 tionibus
380 4222 549 4288 dumtaxat
572 4221 729 4309 exceptis,
755 4225 924 4309 percipere
948 4222 1065 4289 valeat.

325 4329 449 4396 Meritis
472 4336 526 4396 tue
550 4329 731 4397 devoIIonis
748 4381 755 4397 .
774 4379 806 4396 ..
851 4330 928 4395 Dat.
953 4331 1046 4396 Avin.
1074 4329 1170 4395 VIIII
1193 4329 1238 4398 kl.
1263 4329 1417 4395 februarii
1443 4349 1473 4394 a.
1497 4350 1551 4395 un·

216 4436 352 4503 decimo.

322 4546 359 4611 In
384 4567 411 4612 e.
437 4569 478 4613 m.
502 4547 535 4614 S.
561 4547 768 4616 Pantaleonis
792 4555 824 4615 et
847 4549 881 4616 S.
899 4547 1029 4614 Martini
1051 4547 1162 4616 Colon.
1186 4568 1225 4614 ac
1241 4548 1422 4616 Tuiciensis
1441 4542 1552 4613 Colon.

216 4652 300 4719 dioc.
324 4657 589 4721 monasteriorum
615 4656 797 4724 abbatibus.

376 4797 450 4868 Rep.
469 4797 508 4852 82
524 4797 548 4868 f.
569 4799 628 4852 337
650 4813 697 4852 nr.
716 4798 780 4852 856.
