<?xml version="1.0" encoding="UTF-8"?>
<!DOCTYPE html PUBLIC "-//W3C//DTD XHTML 1.0 Transitional//EN"
    "http://www.w3.org/TR/xhtml1/DTD/xhtml1-transitional.dtd">
<html xmlns="http://www.w3.org/1999/xhtml" xml:lang="en" lang="en">
 <head>
  <title>
</title>
<meta http-equiv="Content-Type" content="text/html;charset=utf-8" />
  <meta name='ocr-system' content='tesseract 3.04.00' />
  <meta name='ocr-capabilities' content='ocr_page ocr_carea ocr_par ocr_line ocrx_word'/>
</head>
<body>
  <div class='ocr_page' id='page_1' title='image "./urkundenundrege00thimgoog_0467.png"; bbox 0 0 3642 5509; ppageno 0'>
   <div class='ocr_carea' id='block_1_1' title="bbox 262 427 1052 499">
    <p class='ocr_par' dir='ltr' id='par_1_1' title="bbox 262 427 1052 499">
     <span class='ocr_line' id='line_1_1' title="bbox 262 427 1052 499; baseline -0.005 -15"><span class='ocrx_word' id='word_1_1' title='bbox 262 429 315 484; x_wconf 77' lang='lat'>438</span> <span class='ocrx_word' id='word_1_2' title='bbox 819 429 887 481; x_wconf 74' lang='lat'>1332</span> <span class='ocrx_word' id='word_1_3' title='bbox 906 427 991 499; x_wconf 86' lang='lat' dir='ltr'>April</span> <span class='ocrx_word' id='word_1_4' title='bbox 1013 429 1052 483; x_wconf 86' lang='lat'>13.</span> 
     </span>
    </p>
   </div>
   <div class='ocr_carea' id='block_1_2' title="bbox 264 606 1597 697">
    <p class='ocr_par' dir='ltr' id='par_1_2' title="bbox 264 606 1597 697">
     <span class='ocr_line' id='line_1_2' title="bbox 264 606 1597 697; baseline -0.005 -19"><span class='ocrx_word' id='word_1_5' title='bbox 264 613 457 679; x_wconf 75' lang='lat' dir='ltr'>ecclesiast</span> <span class='ocrx_word' id='word_1_6' title='bbox 482 633 516 678; x_wconf 89' lang='lat' dir='ltr'>sc</span> <span class='ocrx_word' id='word_1_7' title='bbox 540 633 597 697; x_wconf 89' lang='lat' dir='ltr'>per</span> <span class='ocrx_word' id='word_1_8' title='bbox 621 617 860 697; x_wconf 85' lang='lat' dir='ltr'>procuratorem</span> <span class='ocrx_word' id='word_1_9' title='bbox 885 631 976 676; x_wconf 88' lang='lat' dir='ltr'>suum</span> <span class='ocrx_word' id='word_1_10' title='bbox 1001 609 1154 676; x_wconf 88' lang='lat' dir='ltr'>videlicet</span> <span class='ocrx_word' id='word_1_11' title='bbox 1177 607 1340 674; x_wconf 82' lang='lat' dir='ltr'>donrinum</span> <span class='ocrx_word' id='word_1_12' title='bbox 1361 606 1597 673; x_wconf 82' lang='lat' dir='ltr'>Theodericum</span> 
     </span>
    </p>
   </div>
   <div class='ocr_carea' id='block_1_3' title="bbox 264 713 1598 1238">
    <p class='ocr_par' dir='ltr' id='par_1_3' title="bbox 264 713 1598 1238">
     <span class='ocr_line' id='line_1_3' title="bbox 265 713 1598 787; baseline -0.005 -2"><span class='ocrx_word' id='word_1_13' title='bbox 265 721 306 787; x_wconf 92' lang='lat' dir='ltr'>de</span> <span class='ocrx_word' id='word_1_14' title='bbox 330 722 467 786; x_wconf 86' lang='lat' dir='ltr'>Xanctis</span> <span class='ocrx_word' id='word_1_15' title='bbox 500 721 687 786; x_wconf 87' lang='lat' dir='ltr'>canonicum</span> <span class='ocrx_word' id='word_1_16' title='bbox 721 720 825 786; x_wconf 89' lang='lat' dir='ltr'>saneti</span> <span class='ocrx_word' id='word_1_17' title='bbox 850 718 1006 784; x_wconf 87' lang='lat' dir='ltr'>Gereonis</span> <span class='ocrx_word' id='word_1_18' title='bbox 1030 717 1228 784; x_wconf 83' lang='lat' dir='ltr'>Coloniensis</span> <span class='ocrx_word' id='word_1_19' title='bbox 1251 716 1292 782; x_wconf 90' lang='lat' dir='ltr'>ad</span> <span class='ocrx_word' id='word_1_20' title='bbox 1327 714 1514 782; x_wconf 86' lang='lat' dir='ltr'>solvendum</span> <span class='ocrx_word' id='word_1_21' title='bbox 1545 713 1598 780; x_wconf 92' lang='lat' dir='ltr'>do·</span> 
     </span>
     <span class='ocr_line' id='line_1_4' title="bbox 264 823 1597 914; baseline -0.006 -20"><span class='ocrx_word' id='word_1_22' title='bbox 264 829 341 894; x_wconf 91' lang='lat' dir='ltr'>mini</span> <span class='ocrx_word' id='word_1_23' title='bbox 365 849 450 914; x_wconf 90' lang='lat' dir='ltr'>pape</span> <span class='ocrx_word' id='word_1_24' title='bbox 481 848 606 893; x_wconf 90' lang='lat' dir='ltr'>camere</span> <span class='ocrx_word' id='word_1_25' title='bbox 636 833 807 893; x_wconf 83' lang='lat' dir='ltr'>sexcentas</span> <span class='ocrx_word' id='word_1_26' title='bbox 836 825 985 891; x_wconf 76' lang='lat' dir='ltr'>marchas</span> <span class='ocrx_word' id='word_1_27' title='bbox 1015 825 1140 909; x_wconf 82' lang='lat' dir='ltr'><strong>argenti</strong></span> <span class='ocrx_word' id='word_1_28' title='bbox 1163 823 1350 908; x_wconf 89' lang='lat' dir='ltr'>-singulis</span> <span class='ocrx_word' id='word_1_29' title='bbox 1378 823 1517 888; x_wconf 89' lang='lat' dir='ltr'>marchis</span> <span class='ocrx_word' id='word_1_30' title='bbox 1540 843 1597 908; x_wconf 90' lang='lat' dir='ltr'>pro</span> 
     </span>
     <span class='ocr_line' id='line_1_5' title="bbox 264 932 1598 1021; baseline -0.007 -18"><span class='ocrx_word' id='word_1_31' title='bbox 264 943 402 1021; x_wconf 87' lang='lat' dir='ltr'>quatuor</span> <span class='ocrx_word' id='word_1_32' title='bbox 428 936 557 1001; x_wconf 87' lang='lat' dir='ltr'>florenis</span> <span class='ocrx_word' id='word_1_33' title='bbox 588 936 780 1020; x_wconf 87' lang='lat' dir='ltr'>computatis</span> <span class='ocrx_word' id='word_1_34' title='bbox 805 971 849 980; x_wconf 91' lang='lat'><em>-</em></span> <span class='ocrx_word' id='word_1_35' title='bbox 875 935 1088 1018; x_wconf 81' lang='lat' dir='ltr'>obligaverat,</span> <span class='ocrx_word' id='word_1_36' title='bbox 1123 939 1217 1017; x_wconf 88' lang='lat' dir='ltr'>prout</span> <span class='ocrx_word' id='word_1_37' title='bbox 1248 938 1375 996; x_wconf 89' lang='lat' dir='ltr'>constat</span> <span class='ocrx_word' id='word_1_38' title='bbox 1403 951 1461 1015; x_wconf 90' lang='lat' dir='ltr'>per</span> <span class='ocrx_word' id='word_1_39' title='bbox 1485 932 1598 995; x_wconf 90' lang='lat' dir='ltr'>instru-</span> 
     </span>
     <span class='ocr_line' id='line_1_6' title="bbox 264 1039 1598 1127; baseline -0.006 -17"><span class='ocrx_word' id='word_1_40' title='bbox 264 1052 405 1110; x_wconf 83' lang='lat' dir='ltr'>mentum</span> <span class='ocrx_word' id='word_1_41' title='bbox 441 1045 561 1109; x_wconf 81' lang='lat' dir='ltr'>factum</span> <span class='ocrx_word' id='word_1_42' title='bbox 597 1065 690 1108; x_wconf 89' lang='lat' dir='ltr'>manu</span> <span class='ocrx_word' id='word_1_43' title='bbox 727 1043 872 1127; x_wconf 81' lang='lat' dir='ltr'>magistri</span> <span class='ocrx_word' id='word_1_44' title='bbox 896 1041 1030 1108; x_wconf 84' lang='lat' dir='ltr'>Arrraldi</span> <span class='ocrx_word' id='word_1_45' title='bbox 1066 1040 1219 1106; x_wconf 88' lang='lat' dir='ltr'>landonis</span> <span class='ocrx_word' id='word_1_46' title='bbox 1257 1041 1382 1122; x_wconf 88' lang='lat' dir='ltr'>notarii,</span> <span class='ocrx_word' id='word_1_47' title='bbox 1419 1039 1598 1122; x_wconf 80' lang='lat' dir='ltr'>assignavit</span> 
     </span>
     <span class='ocr_line' id='line_1_7' title="bbox 265 1146 1594 1238; baseline -0.007 -19"><span class='ocrx_word' id='word_1_48' title='bbox 265 1174 391 1220; x_wconf 88' lang='lat' dir='ltr'>camere</span> <span class='ocrx_word' id='word_1_49' title='bbox 415 1152 456 1218; x_wconf 89' lang='lat' dir='ltr'>de</span> <span class='ocrx_word' id='word_1_50' title='bbox 480 1151 568 1217; x_wconf 86' lang='lat' dir='ltr'>dieta</span> <span class='ocrx_word' id='word_1_51' title='bbox 591 1173 649 1238; x_wconf 90' lang='lat' dir='ltr'>per·</span> <span class='ocrx_word' id='word_1_52' title='bbox 673 1150 793 1217; x_wconf 86' lang='lat' dir='ltr'>dictam</span> <span class='ocrx_word' id='word_1_53' title='bbox 818 1157 1056 1236; x_wconf 87' lang='lat' dir='ltr'>procuratorem</span> <span class='ocrx_word' id='word_1_54' title='bbox 1073 1147 1139 1214; x_wconf 64' lang='grc' dir='ltr'>111Ο</span> <span class='ocrx_word' id='word_1_55' title='bbox 1155 1147 1223 1215; x_wconf 90' lang='lat' dir='ltr'>flor.</span> <span class='ocrx_word' id='word_1_56' title='bbox 1240 1149 1310 1214; x_wconf 89' lang='lat' dir='ltr'>auri</span> <span class='ocrx_word' id='word_1_57' title='bbox 1334 1146 1594 1229; x_wconf 86' lang='lat' dir='ltr'>dePedemonto,</span> 
     </span>
    </p>
   </div>
   <div class='ocr_carea' id='block_1_4' title="bbox 264 1256 1267 1457">
    <p class='ocr_par' dir='ltr' id='par_1_4' title="bbox 264 1256 1267 1457">
     <span class='ocr_line' id='line_1_8' title="bbox 264 1256 1267 1341; baseline -0.006 -15"><span class='ocrx_word' id='word_1_58' title='bbox 264 1262 410 1328; x_wconf 82' lang='lat' dir='ltr'>valentes</span> <span class='ocrx_word' id='word_1_59' title='bbox 434 1259 612 1326; x_wconf 72' lang='lat' dir='ltr'>vcnxxrl</span> <span class='ocrx_word' id='word_1_60' title='bbox 635 1259 704 1326; x_wconf 90' lang='lat' dir='ltr'>flor.</span> <span class='ocrx_word' id='word_1_61' title='bbox 729 1259 799 1326; x_wconf 86' lang='lat' dir='ltr'>auri</span> <span class='ocrx_word' id='word_1_62' title='bbox 822 1259 864 1326; x_wconf 76' lang='lat' dir='ltr'>(le</span> <span class='ocrx_word' id='word_1_63' title='bbox 886 1258 1034 1325; x_wconf 86' lang='lat' dir='ltr'>florentia</span> <span class='ocrx_word' id='word_1_64' title='bbox 1057 1258 1072 1323; x_wconf 94' lang='lat' dir='ltr'>l</span> <span class='ocrx_word' id='word_1_65' title='bbox 1089 1260 1110 1341; x_wconf 81' lang='grc' dir='ltr'><em>β</em></span> <span class='ocrx_word' id='word_1_66' title='bbox 1128 1256 1159 1322; x_wconf 88' lang='grc' dir='ltr'>Χ</span> <span class='ocrx_word' id='word_1_67' title='bbox 1177 1258 1222 1322; x_wconf 72' lang='lat' dir='ltr'>ul.</span> <span class='ocrx_word' id='word_1_68' title='bbox 1238 1305 1244 1320; x_wconf 91' lang='lat'><em>.</em></span> <span class='ocrx_word' id='word_1_69' title='bbox 1260 1305 1267 1320; x_wconf 94' lang='lat'>.</span> 
     </span>
     <span class='ocr_line' id='line_1_9' title="bbox 426 1383 850 1457; baseline -0.007 -15"><span class='ocrx_word' id='word_1_70' title='bbox 426 1387 502 1442; x_wconf 82' lang='lat' dir='ltr'>latr.</span> <span class='ocrx_word' id='word_1_71' title='bbox 521 1389 549 1442; x_wconf 86' lang='lat' dir='ltr'>et</span> <span class='ocrx_word' id='word_1_72' title='bbox 566 1383 684 1443; x_wconf 80' lang='lat' dir='ltr'>Eaeitua</span> <span class='ocrx_word' id='word_1_73' title='bbox 702 1385 783 1457; x_wconf 68' lang='lat'><em>421⁴.</em></span> <span class='ocrx_word' id='word_1_74' title='bbox 805 1387 850 1440; x_wconf 82' lang='lat'>56.</span> 
     </span>
    </p>
   </div>
   <div class='ocr_carea' id='block_1_5' title="bbox 374 1657 1009 1746">
    <p class='ocr_par' dir='ltr' id='par_1_5' title="bbox 374 1657 1009 1746">
     <span class='ocr_line' id='line_1_10' title="bbox 374 1657 1009 1746; baseline -0.008 -19"><span class='ocrx_word' id='word_1_75' title='bbox 374 1661 499 1727; x_wconf 73' lang='lat'>21⁰8.</span> <span class='ocrx_word' id='word_1_76' title='bbox 526 1664 613 1726; x_wconf 83' lang='lat'><em>1332</em></span> <span class='ocrx_word' id='word_1_77' title='bbox 636 1659 739 1746; x_wconf 77' lang='lat' dir='ltr'>April</span> <span class='ocrx_word' id='word_1_78' title='bbox 764 1662 814 1724; x_wconf 81' lang='lat'>13.</span> <span class='ocrx_word' id='word_1_79' title='bbox 843 1657 1009 1744; x_wconf 80' lang='lat' dir='ltr'>Avipooc.</span> 
     </span>
    </p>
   </div>
   <div class='ocr_carea' id='block_1_6' title="bbox 266 1797 1600 2748">
    <p class='ocr_par' dir='ltr' id='par_1_6' title="bbox 266 1797 1600 2315">
     <span class='ocr_line' id='line_1_11' title="bbox 372 1797 1600 1884; baseline -0.007 -15"><span class='ocrx_word' id='word_1_80' title='bbox 372 1804 531 1870; x_wconf 88' lang='lat' dir='ltr'>lohannes</span> <span class='ocrx_word' id='word_1_81' title='bbox 555 1803 654 1868; x_wconf 88' lang='lat' dir='ltr'>XXII</span> <span class='ocrx_word' id='word_1_82' title='bbox 685 1803 888 1870; x_wconf 84' lang='lat' dir='ltr'>Ghiselberto</span> <span class='ocrx_word' id='word_1_83' title='bbox 913 1800 954 1866; x_wconf 88' lang='lat' dir='ltr'>dc</span> <span class='ocrx_word' id='word_1_84' title='bbox 979 1799 1208 1884; x_wconf 87' lang='lat' dir='ltr'>Everdinghen</span> <span class='ocrx_word' id='word_1_85' title='bbox 1239 1799 1365 1866; x_wconf 76' lang='lat' dir='ltr'>confert</span> <span class='ocrx_word' id='word_1_86' title='bbox 1389 1798 1526 1865; x_wconf 87' lang='lat' dir='ltr'>ecclesie</span> <span class='ocrx_word' id='word_1_87' title='bbox 1550 1797 1600 1862; x_wconf 84' lang='lat' dir='ltr'>El·</span> 
     </span>
     <span class='ocr_line' id='line_1_12' title="bbox 266 1905 1600 1996; baseline -0.006 -16"><span class='ocrx_word' id='word_1_88' title='bbox 266 1913 383 1980; x_wconf 82' lang='lat' dir='ltr'>atensis</span> <span class='ocrx_word' id='word_1_89' title='bbox 406 1913 548 1978; x_wconf 85' lang='lat' dir='ltr'>Traieet.</span> <span class='ocrx_word' id='word_1_90' title='bbox 573 1910 656 1977; x_wconf 87' lang='lat' dir='ltr'>dioc.</span> <span class='ocrx_word' id='word_1_91' title='bbox 681 1911 926 1996; x_wconf 86' lang='lat' dir='ltr'>preposituram,</span> <span class='ocrx_word' id='word_1_92' title='bbox 957 1914 1124 1993; x_wconf 86' lang='lat' dir='ltr'>postquam</span> <span class='ocrx_word' id='word_1_93' title='bbox 1157 1913 1189 1972; x_wconf 89' lang='lat' dir='ltr'>et</span> <span class='ocrx_word' id='word_1_94' title='bbox 1213 1906 1376 1992; x_wconf 87' lang='lat' dir='ltr'>predictus</span> <span class='ocrx_word' id='word_1_95' title='bbox 1401 1905 1600 1972; x_wconf 84' lang='lat' dir='ltr'>Giselbertus</span> 
     </span>
     <span class='ocr_line' id='line_1_13' title="bbox 266 2013 1600 2098; baseline -0.005 -13"><span class='ocrx_word' id='word_1_96' title='bbox 266 2027 342 2086; x_wconf 86' lang='lat' dir='ltr'>tune</span> <span class='ocrx_word' id='word_1_97' title='bbox 375 2019 517 2086; x_wconf 88' lang='lat' dir='ltr'>eiusdem</span> <span class='ocrx_word' id='word_1_98' title='bbox 551 2019 630 2084; x_wconf 87' lang='lat' dir='ltr'>ecel.</span> <span class='ocrx_word' id='word_1_99' title='bbox 664 2017 807 2083; x_wconf 88' lang='lat' dir='ltr'>decanus</span> <span class='ocrx_word' id='word_1_100' title='bbox 840 2015 1033 2082; x_wconf 88' lang='lat' dir='ltr'>decanatum</span> <span class='ocrx_word' id='word_1_101' title='bbox 1058 2021 1090 2081; x_wconf 91' lang='lat' dir='ltr'>et</span> <span class='ocrx_word' id='word_1_102' title='bbox 1115 2015 1272 2080; x_wconf 89' lang='lat' dir='ltr'>Henricus</span> <span class='ocrx_word' id='word_1_103' title='bbox 1301 2014 1341 2080; x_wconf 82' lang='lat' dir='ltr'>(le</span> <span class='ocrx_word' id='word_1_104' title='bbox 1366 2013 1491 2098; x_wconf 86' lang='lat' dir='ltr'>Intfays</span> <span class='ocrx_word' id='word_1_105' title='bbox 1524 2019 1600 2079; x_wconf 89' lang='lat' dir='ltr'>tunc</span> 
     </span>
     <span class='ocr_line' id='line_1_14' title="bbox 266 2121 1600 2213; baseline -0.004 -20"><span class='ocrx_word' id='word_1_106' title='bbox 266 2129 447 2213; x_wconf 88' lang='lat' dir='ltr'>prepositus</span> <span class='ocrx_word' id='word_1_107' title='bbox 464 2125 605 2191; x_wconf 83' lang='lat' dir='ltr'>eiusdem</span> <span class='ocrx_word' id='word_1_108' title='bbox 623 2125 759 2190; x_wconf 86' lang='lat' dir='ltr'>ecclesie</span> <span class='ocrx_word' id='word_1_109' title='bbox 776 2123 1008 2210; x_wconf 85' lang='lat' dir='ltr'>preposituram</span> <span class='ocrx_word' id='word_1_110' title='bbox 1026 2121 1270 2208; x_wconf 89' lang='lat' dir='ltr'>permutationis</span> <span class='ocrx_word' id='word_1_111' title='bbox 1287 2141 1385 2188; x_wconf 88' lang='lat' dir='ltr'>causa</span> <span class='ocrx_word' id='word_1_112' title='bbox 1405 2123 1437 2186; x_wconf 93' lang='lat' dir='ltr'>in</span> <span class='ocrx_word' id='word_1_113' title='bbox 1455 2121 1600 2187; x_wconf 88' lang='lat' dir='ltr'>manibus</span> 
     </span>
     <span class='ocr_line' id='line_1_15' title="bbox 266 2229 1555 2315; baseline -0.005 -16"><span class='ocrx_word' id='word_1_114' title='bbox 266 2234 388 2300; x_wconf 81' lang='lat' dir='ltr'>Mathai</span> <span class='ocrx_word' id='word_1_115' title='bbox 412 2235 460 2299; x_wconf 91' lang='lat' dir='ltr'>tit.</span> <span class='ocrx_word' id='word_1_116' title='bbox 485 2233 544 2299; x_wconf 91' lang='lat' dir='ltr'>SS.</span> <span class='ocrx_word' id='word_1_117' title='bbox 562 2233 714 2298; x_wconf 89' lang='lat' dir='ltr'>Iohannis</span> <span class='ocrx_word' id='word_1_118' title='bbox 738 2240 771 2297; x_wconf 90' lang='lat' dir='ltr'>et</span> <span class='ocrx_word' id='word_1_119' title='bbox 793 2231 885 2296; x_wconf 92' lang='lat' dir='ltr'>Pauli</span> <span class='ocrx_word' id='word_1_120' title='bbox 910 2230 1080 2315; x_wconf 86' lang='lat' dir='ltr'>presbiteri</span> <span class='ocrx_word' id='word_1_121' title='bbox 1106 2229 1279 2294; x_wconf 87' lang='lat' dir='ltr'>cardinalis</span> <span class='ocrx_word' id='word_1_122' title='bbox 1303 2231 1555 2312; x_wconf 87' lang='lat' dir='ltr'>resignaverunt.</span> 
     </span>
    </p>

    <p class='ocr_par' dir='ltr' id='par_1_7' title="bbox 267 2335 1599 2516">
     <span class='ocr_line' id='line_1_16' title="bbox 374 2335 1599 2427; baseline -0.005 -21"><span class='ocrx_word' id='word_1_123' title='bbox 374 2341 561 2427; x_wconf 83' lang='lat' dir='ltr'>Apostoliee</span> <span class='ocrx_word' id='word_1_124' title='bbox 593 2340 678 2406; x_wconf 87' lang='lat' dir='ltr'>sedis</span> <span class='ocrx_word' id='word_1_125' title='bbox 712 2341 946 2425; x_wconf 85' lang='lat' dir='ltr'>circumspecta</span> <span class='ocrx_word' id='word_1_126' title='bbox 976 2387 982 2402; x_wconf 92' lang='lat'>.</span> <span class='ocrx_word' id='word_1_127' title='bbox 1013 2387 1020 2402; x_wconf 91' lang='lat'><strong>.</strong></span> <span class='ocrx_word' id='word_1_128' title='bbox 1050 2387 1057 2402; x_wconf 91' lang='lat'><strong>.</strong></span> <span class='ocrx_word' id='word_1_129' title='bbox 1117 2338 1190 2402; x_wconf 88' lang='lat' dir='ltr'>Dat.</span> <span class='ocrx_word' id='word_1_130' title='bbox 1216 2337 1309 2401; x_wconf 85' lang='lat' dir='ltr'>Avin.</span> <span class='ocrx_word' id='word_1_131' title='bbox 1339 2335 1411 2402; x_wconf 88' lang='lat' dir='ltr'>idus</span> <span class='ocrx_word' id='word_1_132' title='bbox 1435 2335 1546 2421; x_wconf 86' lang='lat' dir='ltr'>aprilis</span> <span class='ocrx_word' id='word_1_133' title='bbox 1570 2357 1599 2401; x_wconf 92' lang='lat' dir='ltr'>a.</span> 
     </span>
     <span class='ocr_line' id='line_1_17' title="bbox 267 2449 497 2516; baseline -0.013 0"><span class='ocrx_word' id='word_1_134' title='bbox 267 2449 497 2516; x_wconf 86' lang='lat' dir='ltr'>sextodecimo.</span> 
     </span>
    </p>

    <p class='ocr_par' dir='ltr' id='par_1_8' title="bbox 268 2551 1600 2748">
     <span class='ocr_line' id='line_1_18' title="bbox 372 2551 1600 2641; baseline -0.003 -21"><span class='ocrx_word' id='word_1_135' title='bbox 372 2556 410 2621; x_wconf 95' lang='lat' dir='ltr'>ln</span> <span class='ocrx_word' id='word_1_136' title='bbox 433 2576 461 2622; x_wconf 89' lang='lat' dir='ltr'>e.</span> <span class='ocrx_word' id='word_1_137' title='bbox 482 2577 524 2620; x_wconf 94' lang='lat' dir='ltr'>m.</span> <span class='ocrx_word' id='word_1_138' title='bbox 549 2554 701 2641; x_wconf 91' lang='lat' dir='ltr'>episeopo</span> <span class='ocrx_word' id='word_1_139' title='bbox 725 2554 882 2620; x_wconf 87' lang='lat' dir='ltr'>Verdeusi</span> <span class='ocrx_word' id='word_1_140' title='bbox 906 2560 939 2620; x_wconf 90' lang='lat' dir='ltr'>et</span> <span class='ocrx_word' id='word_1_141' title='bbox 963 2553 1207 2619; x_wconf 88' lang='lat' dir='ltr'>Davantriensis</span> <span class='ocrx_word' id='word_1_142' title='bbox 1231 2553 1371 2618; x_wconf 87' lang='lat' dir='ltr'>Traieet.</span> <span class='ocrx_word' id='word_1_143' title='bbox 1397 2551 1480 2617; x_wconf 89' lang='lat' dir='ltr'>dioc.</span> <span class='ocrx_word' id='word_1_144' title='bbox 1505 2572 1543 2617; x_wconf 88' lang='lat' dir='ltr'>ac</span> <span class='ocrx_word' id='word_1_145' title='bbox 1567 2551 1600 2616; x_wconf 88' lang='lat' dir='ltr'>S.</span> 
     </span>
     <span class='ocr_line' id='line_1_19' title="bbox 268 2662 1024 2748; baseline -0.007 -19"><span class='ocrx_word' id='word_1_146' title='bbox 268 2663 420 2730; x_wconf 84' lang='lat' dir='ltr'>Iohannis</span> <span class='ocrx_word' id='word_1_147' title='bbox 444 2665 584 2728; x_wconf 88' lang='lat' dir='ltr'>Traiect.</span> <span class='ocrx_word' id='word_1_148' title='bbox 609 2662 782 2748; x_wconf 89' lang='lat' dir='ltr'>prepositis</span> <span class='ocrx_word' id='word_1_149' title='bbox 806 2662 1024 2728; x_wconf 86' lang='lat' dir='ltr'>eeclesiarum.</span> 
     </span>
    </p>
   </div>
   <div class='ocr_carea' id='block_1_7' title="bbox 435 2788 734 2857">
    <p class='ocr_par' dir='ltr' id='par_1_9' title="bbox 435 2788 734 2857">
     <span class='ocr_line' id='line_1_20' title="bbox 435 2788 734 2857; baseline -0.01 -15"><span class='ocrx_word' id='word_1_150' title='bbox 435 2788 507 2857; x_wconf 78' lang='lat' dir='ltr'>Rep.</span> <span class='ocrx_word' id='word_1_151' title='bbox 529 2789 584 2842; x_wconf 86' lang='lat'>103</span> <span class='ocrx_word' id='word_1_152' title='bbox 601 2803 649 2840; x_wconf 81' lang='lat' dir='ltr'>ar.</span> <span class='ocrx_word' id='word_1_153' title='bbox 669 2788 734 2841; x_wconf 82' lang='lat'><strong><em>367.</em></strong></span> 
     </span>
    </p>
   </div>
   <div class='ocr_carea' id='block_1_8' title="bbox 375 3071 1006 3159">
    <p class='ocr_par' dir='ltr' id='par_1_10' title="bbox 375 3071 1006 3159">
     <span class='ocr_line' id='line_1_21' title="bbox 375 3071 1006 3159; baseline -0.01 -19"><span class='ocrx_word' id='word_1_154' title='bbox 375 3074 499 3141; x_wconf 71' lang='lat' dir='ltr'>aloa.</span> <span class='ocrx_word' id='word_1_155' title='bbox 526 3076 612 3138; x_wconf 82' lang='lat'><em>1332</em></span> <span class='ocrx_word' id='word_1_156' title='bbox 636 3072 739 3159; x_wconf 83' lang='lat' dir='ltr'>April</span> <span class='ocrx_word' id='word_1_157' title='bbox 762 3075 815 3137; x_wconf 85' lang='lat'>20.</span> <span class='ocrx_word' id='word_1_158' title='bbox 840 3071 1006 3158; x_wconf 76' lang='lat' dir='ltr'>Avipaoa.</span> 
     </span>
    </p>
   </div>
   <div class='ocr_carea' id='block_1_9' title="bbox 268 3213 1603 4249">
    <p class='ocr_par' dir='ltr' id='par_1_11' title="bbox 268 3213 1603 3838">
     <span class='ocr_line' id='line_1_22' title="bbox 375 3213 1603 3300; baseline -0.004 -17"><span class='ocrx_word' id='word_1_159' title='bbox 375 3216 534 3283; x_wconf 88' lang='lat' dir='ltr'>lohannes</span> <span class='ocrx_word' id='word_1_160' title='bbox 558 3216 656 3281; x_wconf 86' lang='lat' dir='ltr'>XXII</span> <span class='ocrx_word' id='word_1_161' title='bbox 691 3216 788 3280; x_wconf 88' lang='lat' dir='ltr'>Petro</span> <span class='ocrx_word' id='word_1_162' title='bbox 812 3214 900 3280; x_wconf 89' lang='lat' dir='ltr'>Petri</span> <span class='ocrx_word' id='word_1_163' title='bbox 925 3213 966 3279; x_wconf 88' lang='lat' dir='ltr'>de</span> <span class='ocrx_word' id='word_1_164' title='bbox 989 3214 1154 3300; x_wconf 85' lang='lat' dir='ltr'>Meystorp</span> <span class='ocrx_word' id='word_1_165' title='bbox 1185 3215 1311 3280; x_wconf 83' lang='lat' dir='ltr'>confert</span> <span class='ocrx_word' id='word_1_166' title='bbox 1338 3215 1473 3280; x_wconf 87' lang='lat' dir='ltr'>ecclesie</span> <span class='ocrx_word' id='word_1_167' title='bbox 1497 3235 1603 3280; x_wconf 92' lang='lat' dir='ltr'>mona-</span> 
     </span>
     <span class='ocr_line' id='line_1_23' title="bbox 268 3320 1603 3408; baseline -0.003 -18"><span class='ocrx_word' id='word_1_168' title='bbox 268 3325 357 3390; x_wconf 83' lang='lat' dir='ltr'>sterii</span> <span class='ocrx_word' id='word_1_169' title='bbox 382 3324 413 3388; x_wconf 91' lang='lat' dir='ltr'>in</span> <span class='ocrx_word' id='word_1_170' title='bbox 431 3324 530 3389; x_wconf 87' lang='lat' dir='ltr'>Villre</span> <span class='ocrx_word' id='word_1_171' title='bbox 554 3322 621 3387; x_wconf 89' lang='lat' dir='ltr'>ord.</span> <span class='ocrx_word' id='word_1_172' title='bbox 647 3323 680 3388; x_wconf 86' lang='lat' dir='ltr'>S.</span> <span class='ocrx_word' id='word_1_173' title='bbox 699 3320 819 3387; x_wconf 74' lang='lat' dir='ltr'>Benecl.</span> <span class='ocrx_word' id='word_1_174' title='bbox 844 3321 955 3387; x_wconf 81' lang='lat' dir='ltr'>Golon.</span> <span class='ocrx_word' id='word_1_175' title='bbox 980 3321 1075 3396; x_wconf 71' lang='lat' dir='ltr'>dioc„</span> <span class='ocrx_word' id='word_1_176' title='bbox 1100 3321 1132 3386; x_wconf 88' lang='lat' dir='ltr'>in</span> <span class='ocrx_word' id='word_1_177' title='bbox 1157 3341 1221 3404; x_wconf 88' lang='lat' dir='ltr'>qua</span> <span class='ocrx_word' id='word_1_178' title='bbox 1245 3321 1374 3403; x_wconf 88' lang='lat' dir='ltr'>quidem</span> <span class='ocrx_word' id='word_1_179' title='bbox 1399 3323 1476 3388; x_wconf 87' lang='lat' dir='ltr'>eccl.</span> <span class='ocrx_word' id='word_1_180' title='bbox 1497 3329 1603 3408; x_wconf 88' lang='lat' dir='ltr'>preter</span> 
     </span>
     <span class='ocr_line' id='line_1_24' title="bbox 269 3428 1602 3512; baseline -0.004 -15"><span class='ocrx_word' id='word_1_181' title='bbox 269 3437 459 3497; x_wconf 86' lang='lat' dir='ltr'>conventum</span> <span class='ocrx_word' id='word_1_182' title='bbox 493 3431 676 3496; x_wconf 89' lang='lat' dir='ltr'>monialium</span> <span class='ocrx_word' id='word_1_183' title='bbox 710 3435 817 3495; x_wconf 88' lang='lat' dir='ltr'>certus</span> <span class='ocrx_word' id='word_1_184' title='bbox 850 3430 1075 3494; x_wconf 86' lang='lat' dir='ltr'>canonicorum</span> <span class='ocrx_word' id='word_1_185' title='bbox 1105 3429 1296 3494; x_wconf 82' lang='lat' dir='ltr'>secularium</span> <span class='ocrx_word' id='word_1_186' title='bbox 1320 3428 1501 3512; x_wconf 83' lang='lat' dir='ltr'>prebendas</span> <span class='ocrx_word' id='word_1_187' title='bbox 1525 3429 1602 3493; x_wconf 91' lang='lat' dir='ltr'>inibi</span> 
     </span>
     <span class='ocr_line' id='line_1_25' title="bbox 269 3534 1601 3620; baseline -0.002 -17"><span class='ocrx_word' id='word_1_188' title='bbox 269 3538 481 3604; x_wconf 90' lang='lat' dir='ltr'>obtinentium</span> <span class='ocrx_word' id='word_1_189' title='bbox 505 3557 654 3602; x_wconf 88' lang='lat' dir='ltr'>numerus</span> <span class='ocrx_word' id='word_1_190' title='bbox 678 3537 798 3619; x_wconf 86' lang='lat' dir='ltr'>existit,</span> <span class='ocrx_word' id='word_1_191' title='bbox 833 3537 1068 3618; x_wconf 83' lang='lat' dir='ltr'>canonicatum,</span> <span class='ocrx_word' id='word_1_192' title='bbox 1105 3534 1302 3620; x_wconf 90' lang='lat' dir='ltr'>prebendam</span> <span class='ocrx_word' id='word_1_193' title='bbox 1326 3557 1403 3602; x_wconf 90' lang='lat' dir='ltr'>vero</span> <span class='ocrx_word' id='word_1_194' title='bbox 1427 3535 1530 3601; x_wconf 90' lang='lat' dir='ltr'>eidem</span> <span class='ocrx_word' id='word_1_195' title='bbox 1554 3554 1601 3600; x_wconf 91' lang='lat' dir='ltr'>re·</span> 
     </span>
     <span class='ocr_line' id='line_1_26' title="bbox 269 3642 1602 3729; baseline -0.004 -16"><span class='ocrx_word' id='word_1_196' title='bbox 269 3653 387 3729; x_wconf 86' lang='lat' dir='ltr'>servat,</span> <span class='ocrx_word' id='word_1_197' title='bbox 421 3667 483 3711; x_wconf 92' lang='lat' dir='ltr'>non</span> <span class='ocrx_word' id='word_1_198' title='bbox 517 3646 665 3711; x_wconf 88' lang='lat' dir='ltr'>obstante</span> <span class='ocrx_word' id='word_1_199' title='bbox 698 3643 784 3726; x_wconf 89' lang='lat' dir='ltr'>quod</span> <span class='ocrx_word' id='word_1_200' title='bbox 819 3645 1042 3710; x_wconf 85' lang='lat' dir='ltr'>canonicatum</span> <span class='ocrx_word' id='word_1_201' title='bbox 1080 3643 1158 3710; x_wconf 83' lang='lat' dir='ltr'>eccl.</span> <span class='ocrx_word' id='word_1_202' title='bbox 1184 3643 1217 3709; x_wconf 90' lang='lat' dir='ltr'>S.</span> <span class='ocrx_word' id='word_1_203' title='bbox 1242 3642 1372 3709; x_wconf 90' lang='lat' dir='ltr'>Andree</span> <span class='ocrx_word' id='word_1_204' title='bbox 1400 3643 1511 3708; x_wconf 79' lang='lat' dir='ltr'>Gelon.</span> <span class='ocrx_word' id='word_1_205' title='bbox 1544 3643 1602 3708; x_wconf 92' lang='lat' dir='ltr'>sub</span> 
     </span>
     <span class='ocr_line' id='line_1_27' title="bbox 270 3750 839 3838; baseline -0.005 -20"><span class='ocrx_word' id='word_1_206' title='bbox 270 3752 496 3838; x_wconf 77' lang='lat' dir='ltr'>expectatione</span> <span class='ocrx_word' id='word_1_207' title='bbox 521 3750 682 3835; x_wconf 88' lang='lat' dir='ltr'>prebende</span> <span class='ocrx_word' id='word_1_208' title='bbox 706 3753 839 3816; x_wconf 90' lang='lat' dir='ltr'>obtinet.</span> 
     </span>
    </p>

    <p class='ocr_par' dir='ltr' id='par_1_12' title="bbox 270 3859 1602 4034">
     <span class='ocr_line' id='line_1_28' title="bbox 377 3859 1602 3944; baseline -0.002 -17"><span class='ocrx_word' id='word_1_209' title='bbox 377 3860 597 3944; x_wconf 85' lang='lat' dir='ltr'>Suffragantia</span> <span class='ocrx_word' id='word_1_210' title='bbox 621 3860 678 3925; x_wconf 92' lang='lat' dir='ltr'>tibi</span> <span class='ocrx_word' id='word_1_211' title='bbox 704 3859 819 3924; x_wconf 87' lang='lat' dir='ltr'>merita</span> <span class='ocrx_word' id='word_1_212' title='bbox 846 3908 904 3924; x_wconf 91' lang='lat'>...</span> <span class='ocrx_word' id='word_1_213' title='bbox 953 3860 1029 3925; x_wconf 89' lang='lat' dir='ltr'>Dat.</span> <span class='ocrx_word' id='word_1_214' title='bbox 1054 3860 1151 3926; x_wconf 85' lang='lat' dir='ltr'>Avin.</span> <span class='ocrx_word' id='word_1_215' title='bbox 1175 3859 1240 3925; x_wconf 87' lang='lat' dir='ltr'>Xll</span> <span class='ocrx_word' id='word_1_216' title='bbox 1272 3860 1317 3925; x_wconf 89' lang='lat' dir='ltr'>kl.</span> <span class='ocrx_word' id='word_1_217' title='bbox 1341 3861 1417 3926; x_wconf 87' lang='lat' dir='ltr'>maii</span> <span class='ocrx_word' id='word_1_218' title='bbox 1442 3881 1470 3924; x_wconf 91' lang='lat' dir='ltr'>a.</span> <span class='ocrx_word' id='word_1_219' title='bbox 1496 3866 1602 3926; x_wconf 84' lang='lat' dir='ltr'>sexto·</span> 
     </span>
     <span class='ocr_line' id='line_1_29' title="bbox 270 3968 406 4034; baseline -0.007 -1"><span class='ocrx_word' id='word_1_220' title='bbox 270 3968 406 4034; x_wconf 87' lang='lat' dir='ltr'>decimo.</span> 
     </span>
    </p>

    <p class='ocr_par' dir='ltr' id='par_1_13' title="bbox 271 4073 1602 4249">
     <span class='ocr_line' id='line_1_30' title="bbox 377 4073 1602 4160; baseline -0.001 -21"><span class='ocrx_word' id='word_1_221' title='bbox 377 4075 414 4139; x_wconf 94' lang='lat' dir='ltr'>ln</span> <span class='ocrx_word' id='word_1_222' title='bbox 431 4095 458 4140; x_wconf 90' lang='lat' dir='ltr'>e.</span> <span class='ocrx_word' id='word_1_223' title='bbox 476 4095 517 4139; x_wconf 90' lang='lat' dir='ltr'>m.</span> <span class='ocrx_word' id='word_1_224' title='bbox 542 4075 652 4140; x_wconf 89' lang='lat' dir='ltr'>abbati</span> <span class='ocrx_word' id='word_1_225' title='bbox 671 4077 854 4141; x_wconf 88' lang='lat' dir='ltr'>monasterii</span> <span class='ocrx_word' id='word_1_226' title='bbox 872 4075 1087 4160; x_wconf 88' lang='lat' dir='ltr'>Sybergcnsis</span> <span class='ocrx_word' id='word_1_227' title='bbox 1105 4082 1137 4141; x_wconf 90' lang='lat' dir='ltr'>et</span> <span class='ocrx_word' id='word_1_228' title='bbox 1153 4074 1277 4142; x_wconf 88' lang='lat' dir='ltr'>decano</span> <span class='ocrx_word' id='word_1_229' title='bbox 1295 4075 1473 4141; x_wconf 83' lang='lat' dir='ltr'>Bonnensia</span> <span class='ocrx_word' id='word_1_230' title='bbox 1491 4073 1602 4140; x_wconf 82' lang='lat' dir='ltr'>Oolon.</span> 
     </span>
     <span class='ocr_line' id='line_1_31' title="bbox 271 4181 1035 4249; baseline 0.001 -3"><span class='ocrx_word' id='word_1_231' title='bbox 271 4181 354 4248; x_wconf 84' lang='lat' dir='ltr'>dioc.</span> <span class='ocrx_word' id='word_1_232' title='bbox 380 4188 412 4247; x_wconf 90' lang='lat' dir='ltr'>et</span> <span class='ocrx_word' id='word_1_233' title='bbox 435 4182 606 4248; x_wconf 87' lang='lat' dir='ltr'>scolastico</span> <span class='ocrx_word' id='word_1_234' title='bbox 630 4183 792 4249; x_wconf 84' lang='lat' dir='ltr'>Tullensis</span> <span class='ocrx_word' id='word_1_235' title='bbox 816 4182 1035 4248; x_wconf 88' lang='lat' dir='ltr'>eeclesiarum.</span> 
     </span>
    </p>
   </div>
   <div class='ocr_carea' id='block_1_10' title="bbox 420 4306 720 4376">
    <p class='ocr_par' dir='ltr' id='par_1_14' title="bbox 420 4306 720 4376">
     <span class='ocr_line' id='line_1_32' title="bbox 420 4306 720 4376; baseline -0.01 -15"><span class='ocrx_word' id='word_1_236' title='bbox 420 4306 492 4376; x_wconf 74' lang='grc'><strong>1109.</strong></span> <span class='ocrx_word' id='word_1_237' title='bbox 511 4308 567 4361; x_wconf 86' lang='grc'>103</span> <span class='ocrx_word' id='word_1_238' title='bbox 585 4322 632 4359; x_wconf 79' lang='lat' dir='ltr'>aar.</span> <span class='ocrx_word' id='word_1_239' title='bbox 653 4307 720 4360; x_wconf 88' lang='lat'><strong><em>589.</em></strong></span> 
     </span>
    </p>
   </div>
   <div class='ocr_carea' id='block_1_11' title="bbox 377 4571 1019 4658">
    <p class='ocr_par' dir='ltr' id='par_1_15' title="bbox 377 4571 1019 4658">
     <span class='ocr_line' id='line_1_33' title="bbox 377 4571 1019 4658; baseline -0.002 -21"><span class='ocrx_word' id='word_1_240' title='bbox 377 4571 490 4637; x_wconf 73' lang='lat'>211⁰.</span> <span class='ocrx_word' id='word_1_241' title='bbox 530 4575 615 4638; x_wconf 83' lang='lat'><em>1332</em></span> <span class='ocrx_word' id='word_1_242' title='bbox 640 4571 742 4658; x_wconf 79' lang='lat' dir='ltr'>April</span> <span class='ocrx_word' id='word_1_243' title='bbox 764 4575 817 4637; x_wconf 80' lang='lat'>20.</span> <span class='ocrx_word' id='word_1_244' title='bbox 854 4571 1019 4658; x_wconf 80' lang='lat' dir='ltr'>Aoipaoa.</span> 
     </span>
    </p>
   </div>
   <div class='ocr_carea' id='block_1_12' title="bbox 271 4697 1604 4874">
    <p class='ocr_par' dir='ltr' id='par_1_16' title="bbox 271 4697 1604 4874">
     <span class='ocr_line' id='line_1_34' title="bbox 377 4697 1601 4783; baseline -0.001 -20"><span class='ocrx_word' id='word_1_245' title='bbox 377 4698 536 4765; x_wconf 88' lang='lat' dir='ltr'>lohannes</span> <span class='ocrx_word' id='word_1_246' title='bbox 556 4699 655 4764; x_wconf 89' lang='lat' dir='ltr'>XXll</span> <span class='ocrx_word' id='word_1_247' title='bbox 679 4697 720 4763; x_wconf 79' lang='lat' dir='ltr'>tle</span> <span class='ocrx_word' id='word_1_248' title='bbox 744 4699 777 4765; x_wconf 91' lang='lat' dir='ltr'>S.</span> <span class='ocrx_word' id='word_1_249' title='bbox 802 4697 934 4764; x_wconf 86' lang='lat' dir='ltr'>Andrea</span> <span class='ocrx_word' id='word_1_250' title='bbox 958 4700 1045 4763; x_wconf 90' lang='lat' dir='ltr'>etin</span> <span class='ocrx_word' id='word_1_251' title='bbox 1071 4698 1293 4783; x_wconf 88' lang='lat' dir='ltr'>Heysterbach</span> <span class='ocrx_word' id='word_1_252' title='bbox 1318 4699 1545 4764; x_wconf 85' lang='lat' dir='ltr'>Arinionensis</span> <span class='ocrx_word' id='word_1_253' title='bbox 1570 4705 1601 4763; x_wconf 93' lang='lat' dir='ltr'>et</span> 
     </span>
     <span class='ocr_line' id='line_1_35' title="bbox 271 4804 1604 4874; baseline -0.002 -2"><span class='ocrx_word' id='word_1_254' title='bbox 271 4805 381 4873; x_wconf 82' lang='lat' dir='ltr'>Colon.</span> <span class='ocrx_word' id='word_1_255' title='bbox 415 4806 499 4872; x_wconf 88' lang='lat' dir='ltr'>dioc.</span> <span class='ocrx_word' id='word_1_256' title='bbox 535 4807 798 4872; x_wconf 85' lang='lat' dir='ltr'>monasteriorum</span> <span class='ocrx_word' id='word_1_257' title='bbox 832 4807 1004 4873; x_wconf 89' lang='lat' dir='ltr'>abbatibus</span> <span class='ocrx_word' id='word_1_258' title='bbox 1036 4826 1076 4872; x_wconf 91' lang='lat' dir='ltr'>ac</span> <span class='ocrx_word' id='word_1_259' title='bbox 1107 4807 1278 4874; x_wconf 85' lang='lat' dir='ltr'>scolastico</span> <span class='ocrx_word' id='word_1_260' title='bbox 1311 4807 1391 4873; x_wconf 89' lang='lat' dir='ltr'>eecl.</span> <span class='ocrx_word' id='word_1_261' title='bbox 1420 4805 1453 4872; x_wconf 88' lang='lat' dir='ltr'>S.</span> <span class='ocrx_word' id='word_1_262' title='bbox 1476 4804 1604 4872; x_wconf 86' lang='lat' dir='ltr'>Andree</span> 
     </span>
    </p>
   </div>
   <div class='ocr_carea' id='block_1_13' title="bbox 0 0 1837 5509">
    <p class='ocr_par' dir='ltr' id='par_1_17' title="bbox 0 0 1837 5509">
     <span class='ocr_line' id='line_1_36' title="bbox 0 0 1837 5509; baseline 0 0"><span class='ocrx_word' id='word_1_263' title='bbox 0 0 1837 5509; x_wconf 95' lang='lat' dir='ltr'> </span> 
     </span>
    </p>
   </div>
  </div>
 </body>
</html>
