3642 5509
791 461 859 518 1331
879 461 1016 518 Febrnar
1036 463 1077 518 16.
1520 461 1573 518 393

236 641 420 727 pluralitate
456 641 680 708 beneficiorum
716 641 757 708 de
790 643 879 709 facto
913 643 1015 708 tenuit
1050 643 1160 726 sicque
1194 643 1322 728 prefate
1354 644 1572 729 parrochiales

237 750 394 834 premisso
410 748 517 832 modo,
542 769 604 832 qno
620 769 678 834 per
693 748 830 815 eundem
848 749 1126 836 archiepiscopum
1144 750 1288 816 Gerardo
1306 751 1421 817 collate
1434 751 1571 832 fuerunt,

236 856 372 922 forsitan
387 878 451 923 non
467 864 633 939 vacarunt,
658 877 744 942 papa
759 863 890 942 petente
905 856 1050 924 Gerardo
1074 857 1123 944 ad
1134 857 1306 924 tollendam
1329 858 1571 942 ambiguitatem

239 963 372 1030 mandat
395 964 560 1050 predictis,
584 971 621 1030 ut
643 963 772 1031 easdem
797 964 952 1030 ecclesias
976 964 1120 1032 Gerardo
1145 965 1200 1047 (de
1223 967 1319 1046 nouo)
1344 965 1520 1031 conferant.

342 1071 523 1139 Laudabile
547 1073 775 1156 testimoninm,
800 1071 886 1158 quod
905 1123 913 1139 .
933 1121 965 1141 ..
1013 1073 1088 1142 Dat.
1114 1074 1208 1142 Avin.
1234 1073 1316 1142 XIII
1341 1073 1385 1140 kl.
1411 1074 1516 1142 martii
1541 1095 1570 1140 a.

237 1179 485 1266 quintodecimo.

395 1306 468 1378 Rep.
488 1305 528 1360 99
544 1305 569 1378 f.
588 1306 627 1363 66
643 1321 692 1361 ur.
710 1304 794 1364 1126.

341 1635 477 1701 2008.
505 1636 841 1701 1331Feoroor16.
869 1633 1035 1722 Aoipaoo.

343 1779 505 1846 Iohannes
528 1779 627 1844 XXII
653 1777 788 1845 Iohanni
813 1778 901 1844 dicto
935 1778 976 1844 de
1001 1779 1113 1844 Bnnna
1135 1777 1260 1843 decano
1290 1777 1368 1842 eccl.
1393 1777 1570 1843 Bunnensis

236 1887 345 1953 Coton.
371 1886 466 1971 dioc,
491 1889 542 1953 cni
565 1908 651 1973 papa
683 1886 894 1972 iampridem
920 1885 960 1952 de
984 1887 1143 1952 decanatu
1169 1885 1346 1952 Brrnnensis
1370 1893 1402 1951 et
1426 1884 1568 1951 eiusdem

237 1995 415 2060 Bonnensis
447 2001 480 2060 et
503 1995 562 2061 SS.
588 1994 812 2079 Apostolorum
837 1995 946 2060 Goion.
977 2001 1009 2060 et
1041 1995 1074 2058 in
1098 1993 1292 2076 Deitkirgen
1324 2013 1364 2058 ac
1396 1993 1570 2078 Reysensis

236 2102 432 2168 Xanctensis
461 2109 494 2167 et
517 2101 741 2185 Hugardensis
765 2102 1007 2167 canonicatibus
1040 2108 1072 2166 et
1095 2100 1267 2186 prebendis
1290 2121 1329 2166 ac
1353 2099 1411 2168 SS.
1437 2101 1569 2185 Aposto-

236 2209 337 2274 lornm
371 2216 404 2274 et
426 2208 665 2294 Deitlxirgensis
699 2209 906 2274 ecclesiarum
930 2207 1148 2293 predictarum
1173 2207 1389 2290 thesaurariis,
1426 2227 1487 2290 qne
1510 2227 1570 2272 nec

236 2316 411 2400 dignitates
434 2335 495 2381 nec
517 2323 707 2400 personatus
731 2314 788 2381 sed
812 2315 970 2401 simplicia
994 2315 1099 2381 officia
1121 2316 1190 2381 sine
1219 2336 1295 2380 cura
1319 2316 1469 2390 existunt,
1499 2333 1570 2379 cum

235 2424 369 2489 annexis
392 2422 490 2489 etde
513 2422 637 2488 ferculo
661 2421 804 2488 ciusdem
828 2422 1025 2490 Xanctcnsis
1048 2443 1171 2489 necnon
1201 2421 1242 2488 de
1271 2421 1375 2488 officio
1406 2421 1570 2487 cellerarie

236 2528 324 2595 dicte
341 2530 519 2596 Bnnnensis
536 2529 743 2594 ecclesiarum
768 2550 808 2595 ac
831 2528 872 2594 de
895 2549 959 2594 nna
975 2529 1101 2596 decima
1123 2530 1154 2594 in
1172 2528 1374 2614 Dottendorp
1399 2535 1430 2594 et
1447 2527 1571 2595 duabus

237 2639 380 2703 curtibus
403 2638 435 2702 in
458 2637 665 2722 Lnnersdorp
689 2643 722 2702 et
745 2638 776 2701 in
801 2637 979 2720 Datinvelt,
1015 2658 1076 2720 quc
1100 2638 1308 2723 prestimonia
1336 2641 1569 2721 nuncupantur,

237 2743 347 2810 Goion.
371 2751 404 2810 et
419 2743 521 2810 Leod.
546 2744 630 2810 dioc.
646 2743 835 2830 providerat
858 2764 897 2810 ac
913 2745 1149 2830 preposituram
1173 2744 1260 2810 dicte
1276 2743 1413 2810 ecclesie
1429 2743 1569 2829 Reysen·

236 2853 280 2918 sis
303 2850 584 2917 commendaverat
608 2852 723 2934 cuique
756 2852 819 2915 iam
852 2871 917 2916 una
950 2853 1021 2918 vice
1053 2850 1240 2932 indulserat,
1276 2857 1311 2916 ut
1335 2849 1505 2916 residendo
1537 2849 1571 2914 in

236 2959 343 3041 aliquo
376 2957 602 3025 beneficiorum
635 2978 762 3024 suornm
794 2957 920 3024 fructus
952 2958 1098 3041 aliorum,
1135 2977 1197 3040 qne
1230 2957 1396 3024 obtinebat
1431 2956 1481 3022 vel
1515 2956 1571 3020 im·

124 3069 133 3080 '
235 3072 397 3151 posterum
414 3064 598 3148 obtinuerit,
622 3066 757 3150 integre,
782 3064 970 3133 cottidianis
985 3064 1219 3132 distributionis
1235 3065 1404 3130 dumtaxat
1427 3065 1571 3149 exceptis

235 3173 401 3258 percipere
424 3173 533 3239 valeat
557 3191 614 3257 per
634 3171 815 3255 triennium,
840 3172 926 3255 quod
950 3173 983 3238 in
1006 3171 1094 3239 brevi
1119 3172 1217 3239 dehet
1241 3172 1399 3257 expirare,
1424 3169 1570 3254 indulget

236 3278 320 3345 idem
344 3299 402 3365 per
425 3279 559 3345 alterum
582 3279 754 3345 blennium.

248 3404 253 3413 ·
342 3385 518 3453 Probitatis
540 3391 594 3453 tne
617 3387 752 3453 merita.
772 3436 804 3452 ..
854 3388 930 3453 Dat.
955 3387 1049 3453 Avin.
1067 3387 1166 3453 XIIII
1191 3387 1235 3451 kl.
1260 3385 1367 3452 martii
1392 3406 1420 3450 a.
1446 3385 1569 3469 quinto·

236 3492 371 3561 decimo.

342 3601 379 3667 In
403 3621 431 3666 c.
455 3623 497 3666 m.
522 3601 681 3667 Tullensis
704 3607 737 3667 et
759 3602 794 3668 S.
818 3601 963 3668 Severini
988 3623 1026 3671 ac
1050 3601 1083 3669 S.
1102 3602 1235 3687 Georgii
1255 3601 1365 3668 Oolon.
1391 3600 1569 3667 scolasticis

235 3708 453 3775 ecclesiarum.

393 3833 467 3903 Rep.
486 3832 525 3887 99
543 3833 568 3903 f.
587 3832 635 3887 67¹
652 3848 700 3888 rer.
720 3835 805 3889 1130.

338 4144 471 4211 zoob.
497 4147 584 4210 1331
608 4147 762 4212 Februar
786 4150 838 4212 16.
861 4145 1026 4234 Aoiprtorr.

341 4288 500 4354 Iohannes
522 4288 622 4354 XXII
657 4289 860 4357 Theoderico
895 4290 1058 4356 Ludekini
1096 4293 1160 4372 (ccl
1188 4291 1363 4371 Ludehim)
1398 4289 1439 4356 dc
1475 4290 1568 4356 Unna

234 4394 359 4461 confert
392 4396 471 4461 eccl.
502 4395 691 4463 Werdensis
723 4396 834 4463 Coton.
869 4397 953 4464 dioc.
988 4399 1226 4482 canonicatum,
1261 4396 1457 4483 prebendam
1491 4418 1567 4464 vero

234 4500 338 4567 eidem
372 4509 527 4585 reservat,
563 4523 626 4569 non
659 4506 808 4570 obstante
841 4504 926 4588 qnod
960 4507 1184 4571 canonicatum
1209 4514 1241 4571 et
1270 4504 1465 4592 prebendam
1495 4525 1566 4571 cnrn

233 4627 310 4674 cura
332 4609 365 4674 in
388 4610 468 4676 eccl.
493 4611 678 4676 monasterii
702 4611 840 4678 Hirreke
864 4611 952 4678 dicte
976 4611 1114 4679 diocesin
1137 4613 1271 4679 obtinet.

338 4715 519 4782 Laudabile
543 4719 757 4784 testimonium
782 4718 867 4802 qnod
885 4767 892 4782 .
912 4769 945 4784 ..
993 4721 1069 4785 Dat.
1087 4720 1181 4789 Avin.
1207 4721 1306 4786 Xllll
1331 4722 1375 4788 hl.
1401 4725 1506 4788 martii
1531 4745 1560 4788 a.

233 4822 481 4905 quintodecimo.
