3642 5509
721 475 791 530 1330
808 474 946 530 Februar
963 475 989 529 4.
1464 473 1518 532 305

181 653 313 723 densem
337 655 460 722 obtinet
484 656 575 721 etin
598 657 737 722 ecclesia
760 656 878 722 Montis
901 655 935 721 S.
954 655 1053 721 uarie
1077 657 1110 721 in
1134 657 1351 722 Frankinvort
1372 657 1516 741 Magunt.

181 763 265 831 dioc.
298 766 358 830 sub
392 763 619 849 expectatione
652 762 815 848 prebende
848 764 881 826 in
913 764 1101 828 canonicum
1131 770 1180 829 est
1205 770 1352 848 receptus
1376 771 1408 830 et
1432 765 1517 848 quod

180 871 370 936 heneficium
394 871 649 937 ecclesiasticum
683 890 754 935 cum
789 890 866 935 cura
900 870 952 935 vcl
987 869 1057 936 sine
1091 891 1166 935 cura
1199 870 1241 935 ad
1276 870 1517 957 dispositionem

182 979 336 1064 prepositi
360 977 439 1043 eccl.
463 977 607 1062 Magunt.
633 978 827 1043 auctoritate
850 977 1030 1062 apostolica
1054 984 1218 1062 expectat.

288 1085 509 1169 Suffragantia
532 1085 591 1149 tibi
615 1085 731 1150 merita
759 1134 766 1150 .
797 1134 804 1148 .
834 1131 842 1146 .
889 1084 1143 1149 [1111111111
1172 1105 1272 1150 nonas
1301 1085 1455 1150 februarii
1486 1107 1515 1150 a.

182 1191 435 1275 quartodecimo.

289 1300 326 1363 ln
350 1318 378 1363 e.
402 1319 442 1363 m.
480 1296 604 1367 decano
632 1299 667 1365 S.
693 1298 825 1381 Georgii
862 1296 974 1363 Oolon.
1008 1303 1039 1361 ct
1074 1297 1234 1363 'l'ullensis
1267 1317 1306 1362 ac
1339 1297 1518 1364 Bunnensis

182 1405 293 1470 (lolon.
318 1403 401 1471 dioc.
426 1405 605 1471 scolasticis
629 1405 845 1471 ecclesiarum.

343 1548 417 1617 ch.
436 1547 477 1601 93
491 1563 539 1601 ar.
558 1549 625 1601 633.

287 1809 413 1877 18411.
444 1812 532 1875 1330
555 1813 708 1876 Febr-aar
729 1813 762 1875 4.
784 1808 950 1896 11119111.

291 1951 450 2018 11111111
480 1953 579 2018 XXII
615 1953 750 2018 lohanni
782 1959 858 2019 nato
892 1952 1053 2035 quondam
1088 1952 1175 2018 Petri
1209 1953 1250 2019 de
1284 1953 1516 2039 Buckenhcym

185 2061 311 2126 confert
343 2060 421 2126 eccl.
458 2061 492 2126 S.
521 2059 670 2125 Arnualis
704 2060 781 2125 1111.
806 2059 902 2142 dioc,
938 2061 1173 2144 canonicatum,
1209 2060 1405 2146 prebendam
1439 2082 1515 2128 vcro

185 2166 290 2233 eidem
314 2173 468 2234 reservat.

292 2274 458 2339 Attributa
481 2273 540 2340 tibi
564 2273 756 2359 multiplicia
782 2322 790 2338 .
820 2322 827 2338 .
857 2324 865 2338 .
913 2273 987 2339 Dat.
1013 2273 1108 2339 Avin.
1133 2274 1164 2338 ΙΙ
1189 2295 1289 2342 nonas
1313 2275 1465 2342 februarii
1489 2297 1519 2341 1.

186 2380 437 2465 quartodecimo.

293 2489 330 2552 ln
354 2508 382 2553 c.
404 2509 445 2552 m.
476 2489 587 2554 abbati
616 2489 801 2554 monasterii
830 2489 862 2552 in
891 2487 1064 2554 Hornbach
1095 2495 1127 2554 et
1156 2488 1279 2554 decano
1303 2489 1337 2554 S.
1362 2488 1520 2575 Stephani

187 2595 417 2679 Sarburgensis
440 2595 519 2661 1111.
548 2595 632 2664 dioc.
662 2616 702 2661 ae
730 2596 849 2661 Iacobo
879 2593 921 2660 dc
952 2595 1075 2660 Mutina
1103 2595 1274 2662 scolastico
1303 2596 1387 2661 Tull.
1418 2597 1520 2662 ecclc·

187 2723 316 2768 suarum.

349 2828 422 2897 ch.
441 2827 478 2882 95
497 2843 545 2881 mr.
565 2828 628 2880 135.

298 3090 415 3159 1841.
447 3092 535 3156 1330
556 3090 711 3156 Februor
735 3093 787 3155 13.
811 3088 976 3177 Aoipaoa.

295 3232 467 3318 [lohannes
479 3231 590 3317 XXII]
607 3231 852 3318 archiepiscopo
869 3232 1092 3299 Ebredunensi
1108 3241 1141 3300 et
1158 3235 1321 3320 preposito
1337 3236 1522 3302 monasterii

189 3340 223 3406 S.
240 3340 344 3406 Marie
368 3347 460 3406 extra
482 3359 590 3406 muros
606 3340 797 3407 Nussienses
812 3339 922 3405 (lolon.
948 3339 1032 3406 dioc.
1057 3360 1114 3425 per
1137 3341 1333 3427 prepositum
1356 3340 1443 3406 soliti
1466 3362 1522 3426 gu-

189 3447 316 3513 bernari
340 3467 379 3513 ac
402 3446 525 3513 decano
549 3446 629 3512 eccl.
652 3446 906 3512 wormatiensis.

297 3553 442 3619 Dilectus
463 3553 546 3619 lilius
569 3552 790 3620 Theodericus
814 3552 855 3618 dc
878 3553 997 3620 Nussia
1021 3555 1194 3620 canonicus
1219 3555 1354 3621 ecclesie
1378 3555 1412 3622 S.
1436 3555 1523 3622 Gui-

191 3660 282 3726 donis
306 3660 466 3745 Spirensis
498 3662 532 3725 in
564 3668 674 3727 nostra
706 3661 873 3745 proposuit
905 3662 1066 3746 presentia
1100 3662 1304 3745 constitutus,
1337 3661 1423 3745 quod
1452 3663 1523 3748 ipso

190 3767 296 3834 studio
331 3766 432 3833 divini
466 3768 553 3850 iuris,
590 3766 753 3851 theologie
788 3765 941 3832 videlicet
975 3766 1151 3852 facultatis,
1187 3768 1272 3851 quod
1301 3768 1342 3834 de
1369 3769 1522 3836 mandato

190 3882 299 3941 nostro
323 3875 408 3961 apud
433 3874 543 3942 sedem
566 3875 777 3961 apostolicam
800 3876 932 3959 regitur,
965 3875 1029 3941 iam
1057 3895 1113 3961 pcr
1142 3895 1237 3941 unum
1261 3896 1377 3941 annum
1402 3882 1434 3941 et
1458 3897 1524 3942 am·

190 3982 274 4070 plius
296 3981 414 4049 institit
437 3991 470 4048 et
492 3983 621 4049 insistit.
668 3981 747 4049 Cum
771 3989 878 4048 autem
907 3982 949 4048 fc.
976 4002 1020 4047 re.
1045 3983 1203 4050 Honorius
1227 4003 1313 4068 papa
1337 3983 1386 4048 lll
1411 3983 1525 4069 prede·

192 4108 299 4157 cessor
331 4096 440 4156 noster
472 4089 601 4156 duxerit
633 4088 850 4172 statuendum,
885 4097 921 4155 ut
948 4088 1114 4156 studentes
1142 4091 1176 4154 in
1199 4089 1355 4155 facultate
1378 4089 1525 4174 predicta

191 4216 248 4283 per
280 4217 382 4263 annos
414 4197 553 4279 quinque
584 4197 764 4282 perciplant
793 4195 834 4262 de
857 4197 989 4262 licentia
1012 4196 1099 4262 dicte
1123 4196 1209 4262 sedis
1232 4203 1406 4282 proventus
1429 4197 1524 4263 bene·

191 4303 333 4370 ficiorum
356 4323 495 4386 suorum,
519 4324 581 4369 111
605 4304 755 4370 obstante
778 4303 887 4386 aliqua
911 4302 1142 4369 consuetudine
1159 4303 1210 4368 vel
1234 4309 1355 4369 statuto
1377 4323 1417 4368 11
1440 4310 1526 4389 post·

192 4410 319 4476 modum
343 4412 397 4496 pie
419 4412 572 4476 memorie
595 4410 801 4478 Innocentius
824 4431 911 4495 papa
928 4411 995 4475 IIII
1019 4409 1228 4495 predecessor
1244 4417 1352 4476 noster
1367 4411 1525 4493 statuerit,

191 4524 227 4584 ut
249 4516 388 4583 indicta
410 4517 566 4583 facultate
589 4516 756 4584 studentes
779 4537 879 4602 penes
902 4515 1014 4583 sedem
1030 4515 1166 4582 candem
1182 4517 1301 4584 talibus
1318 4519 1444 4583 omnino
1462 4520 1525 4604 pri·

191 4625 319 4709 vilegiis
351 4624 553 4691 libertatibus
581 4632 614 4690 et
642 4622 896 4690 immunitatibus
929 4621 1102 4708 gaudeant,
1140 4624 1254 4706 quihus
1287 4624 1431 4708 gaudent
1463 4633 1528 4692 stu-

192 4732 307 4798 dentes
329 4733 361 4797 in
386 4733 493 4814 scolis,
527 4732 581 4798 ubi
604 4731 757 4817 gencrale
779 4732 902 4816 regitur
932 4730 1083 4812 studium,
1119 4750 1158 4796 ac
1188 4730 1313 4814 integre
1346 4732 1527 4817 percipiant

193 4846 366 4926 proventus
390 4859 464 4905 suos
487 4837 725 4905 ecclesiasticos
747 4837 832 4904 sicut
855 4837 913 4921 illi,
937 4857 1019 4903 nos.
1048 4886 1055 4902 .
1083 4886 1090 4902 .
1116 4835 1301 4905 discretioni
1324 4845 1456 4904 vestre.
1484 4889 1490 4904 .
1520 4885 1528 4904 .

247 4979 333 5025 vudk
340 4979 468 5032 1111111111
481 4977 513 5024 11.
1333 4961 1369 5016 20
