3642 5509
244 439 297 500 ‘260
771 438 841 500 1329
860 439 982 516 August
999 441 1043 498 21.

351 644 472 711 1748.
510 645 596 709 1329
621 641 753 730 August
777 645 831 710 21.
866 642 1059 731 (Aoiquon.)

348 787 410 852 Die
432 787 514 851 XXI
539 787 656 852 mensis
681 787 809 868 angusti
833 789 874 866 (a.
893 786 1138 866 MCCCXXIX)
1164 785 1225 850 fuit
1247 783 1363 853 missus
1378 781 1579 870 Raybaudus

241 894 341 960 Olerii
375 894 563 959 domicellus
597 893 679 958 dioc.
714 894 875 976 Regensis
907 893 1078 957 familiaris
1108 894 1219 958 Poneii
1244 892 1285 978 de
1309 893 1457 976 Ungula¹
1481 892 1576 956 domi·

242 1003 315 1066 eelli
339 1000 458 1066 domini
482 1001 581 1066 nostri
612 998 698 1085 apud
724 999 889 1065 Coloniam
922 1020 994 1064 eum
1018 999 1134 1064 litterIs
1158 999 1344 1085 apostoIIeis
1367 1020 1425 1084 pro
1449 998 1578 1064 domino

241 1114 349 1172 nostro
378 1129 464 1192 papa
492 1107 624 1173 direolis
655 1108 752 1192 priori
777 1105 919 1172 Tlrolose
942 1114 975 1171 et
999 1127 1056 1191 pro
1081 1108 1230 1192 expensis
1253 1108 1320 1172 suis
1348 1105 1453 1171 eundo
1477 1113 1510 1172 et
1531 1127 1579 1171 re·

242 1213 370 1280 deundo
395 1213 543 1279 dedimus
567 1220 600 1280 et
623 1212 815 1279 tradidimus
838 1214 958 1278 sibi-
976 1213 1055 1277 pffl
1080 1212 1148 1278 flor.
1173 1215 1252 1277 auri.

403 1337 522 1393 rnrrorr.
543 1341 570 1394 er
589 1335 671 1392 nair.
692 1338 731 1392 os
749 1337 775 1407 f.
794 1339 839 1392 94.

348 1618 472 1687 1749.
502 1621 589 1684 1329
613 1617 745 1705 Adparet
767 1623 821 1684 23.
855 1617 1020 1704 Aoipaoa.

348 1763 507 1830 Iohannes
539 1763 638 1828 XXII
671 1761 852 1828 Coloniensi
884 1767 917 1827 et
946 1761 1135 1844 Maguntino
1163 1760 1417 1847 arehiepIsoopis
1444 1781 1484 1826 ae
1511 1761 1577 1845 epi-

245 1891 344 1957 seopo
368 1870 649 1954 Brundeburgensi
673 1868 815 1946 mandat,
847 1869 997 1952 quatinus
1027 1875 1198 1954 proeurent
1229 1875 1370 1935 tractare
1392 1869 1483 1953 pacis
1506 1887 1578 1933 oon-

241 1977 383 2044 eordiam
408 1980 490 2042 inter
514 1977 704 2043 Giseeonem
736 1975 776 2040 de
801 1975 950 2040 Ilalsatia
973 1977 1005 2055 (t)
1029 1976 1169 2041 electum
1194 1974 1511 2056 Halberstadeusem,
1537 1973 1579 2037 de

241 2087 331 2152 ouius
355 2105 493 2169 persona
517 2105 603 2169 papa
627 2082 815 2168 providerat
839 2082 920 2146 eoel.
938 2081 1218 2165 Halberstadensi,
1243 2089 1412 2167 postquam
1436 2080 1578 2147 eiusdem

241 2192 318 2257 eool.
343 2193 559 2277 provisionem
588 2211 627 2254 ea
651 2191 722 2255 viee
755 2211 842 2274 papa
874 2189 934 2254 sibi
965 2190 1153 2272 reservavit,
1187 2197 1220 2254 et
1250 2189 1416 2254 Albertum
1448 2189 1579 2254 fratrem

241 2298 368 2364 ottonis
402 2297 494 2363 duola
517 2297 781 2378 Brunsvvieensis,
817 2297 871 2378 qui
900 2316 959 2380 per
990 2296 1164 2381 capitulum
1189 2295 1333 2362 eiusdem
1357 2296 1446 2379 eoel,
1480 2302 1515 2360 ut
1538 2315 1579 2360 ex

215 2389 335 2491 'parte
359 2407 428 2470 eius
452 2405 615 2487 asseritur,
649 2404 875 2469 reservationis
898 2402 1044 2487 predicte
1068 2404 1195 2468 omnino
1219 2403 1350 2486 ignarus
1373 2404 1435 2468 fuit
1458 2403 1580 2469 electus

241 2515 273 2576 in
307 2514 493 2598 episcopum
518 2531 556 2576 ae
586 2531 643 2596 per
667 2512 719 2576 bo.
745 2530 805 2575 me.
842 2511 1013 2576 blattbiam
1046 2510 1323 2596 arehiepiscopum
1357 2511 1578 2595 blaguntinum

241 2619 488 2684 reservationem
505 2623 712 2683 memoratam
730 2618 886 2698 similiter,
912 2624 947 2681 ut
963 2617 1127 2696 asseritur,
1152 2619 1353 2701 ignorantem
1371 2617 1576 2683 confirmatus

243 2727 306 2790 ibit
328 2734 361 2792 et
385 2728 482 2791 etiam
507 2731 722 2791 consecratus.

347 2833 457 2919 Nuper
481 2833 543 2898 fuir
566 2833 822 2918 expositum...
854 2832 931 2898 Dat.
956 2833 1050 2898 Avin.
1075 2832 1107 2897 X
1131 2832 1175 2896 kl.
1200 2832 1392 2917 septembris
1415 2853 1444 2897 a.
1471 2833 1576 2897 tertio·

241 2939 377 3006 decimo.

400 3066 472 3135 Rep.
494 3066 546 3118 115
561 3079 611 3133 ps.
632 3064 651 3117 I
665 3063 691 3133 f.
710 3064 757 3118 90‘
776 3081 825 3118 nr.
844 3063 909 3118 512.

346 3323 470 3390 1750.
497 3325 583 3388 1329
607 3323 738 3410 Aequor
760 3326 813 3389 25.
843 3323 1008 3410 Auipnon.

345 3466 518 3551 [lebannes
542 3465 652 3550 XXII]
689 3464 933 3550 archiepiscopo
959 3466 1142 3531 Coloniensi
1166 3473 1198 3531 et
1216 3515 1224 3530 .
1243 3515 1250 3530 .
1270 3467 1434 3551 preposito
1459 3467 1576 3530 Bruns·

239 3573 378 3640 vicensis
403 3571 680 3638 Hildensoniensis
704 3571 788 3637 dioe.
808 3593 847 3637 ae
872 3574 995 3638 cantori
1019 3573 1053 3638 S.
1078 3572 1235 3658 Stephani
1261 3573 1448 3657 Maguntiue
1472 3571 1576 3637 eoele-

240 3683 370 3746 siarum.

346 3786 565 3852 Insinuatione
597 3805 699 3869 nuper
731 3787 916 3870 accepimus
949 3785 1136 3870 displieibili
1169 3786 1342 3852 admodum
1373 3793 1405 3851 et
1438 3787 1575 3870 ingrata,

241 3893 337 3978 quod,
362 3894 438 3958 lieet
462 3913 519 3958 nos
544 3891 664 3957 dudum
689 3891 825 3957 eoelesie
848 3893 1036 3974 Maguntine
1060 3898 1135 3959 tuno
1159 3895 1290 3959 vacanti
1315 3893 1356 3958 de
1380 3913 1575 3978 persona...

239 4002 370 4067 Henrioi
405 3999 640 4084 arebiepisoopi
675 3999 854 4084 blaguntini
889 3999 1073 4066 duxerimus
1187 3999 1431 4085 providendum,
1468 4008 1575 4065 tamen

239 4108 423 4174 Bertolinus
446 4107 640 4193 prepositus,
674 4107 833 4172 Iohannes
866 4106 1007 4174 deoanus
1038 4114 1070 4172 et
1100 4108 1242 4173 nonnulli
1267 4105 1414 4173 canonici
1439 4105 1576 4172 eoelesle

238 4217 394 4301 prelibato
419 4221 592 4280 memorato
617 4213 864 4299 archiepiscopo
889 4221 922 4279 et
946 4215 1121 4300 provisioni
1145 4221 1252 4280 nostre
1270 4263 1278 4279 .
1296 4264 1304 4279 .
1322 4263 1329 4280 .
1347 4234 1382 4280 se
1398 4213 1575 4279 temerariis

237 4323 376 4402 ausibus,
409 4321 613 4407 processibus
646 4320 800 4388 adversus
833 4321 915 4386 tales
944 4322 1137 4387 auctoritate
1161 4321 1341 4406 apostoliea
1373 4319 1503 4403 habitis,
1527 4319 1574 4385 di·

238 4449 348 4496 versas
371 4449 473 4514 penas
490 4435 521 4493 et
544 4426 721 4495 sententias
745 4428 982 4493 continentibus
999 4425 1148 4493 deductis
1163 4429 1196 4492 iu
1212 4433 1441 4513 contemptum,
1466 4426 1576 4511 damp-

239 4537 389 4603 nabiliter
413 4542 612 4621 opponentes
635 4535 787 4600 nonnulla
811 4537 895 4602 bona
919 4534 1024 4600 eidem
1049 4535 1186 4602 ecclesie
1207 4536 1339 4600 mobilia
1355 4541 1387 4600 et
1402 4534 1577 4599 immobilia

239 4642 418 4709 distrahere
442 4663 497 4707 seu
522 4642 663 4708 alienare
687 4661 726 4707 ao
750 4641 1050 4727 impignerare...
1075 4648 1337 4727 presumpserunt
1359 4639 1514 4706 haetenus
1537 4659 1575 4709 ac

340 4857 366 4926 1)
386 4859 509 4910 notatur
528 4856 651 4926 saepius
670 4855 702 4910 P.
723 4855 750 4910 d.
771 4855 806 4910 U.
826 4855 961 4912 inlibris
981 4856 1091 4910 introit.
1112 4861 1143 4911 et
1161 4857 1232 4911 exie.
1252 4855 1496 4928 precedentibus.
