3642 5509
742 468 811 524 1388
829 467 1007 540 September
1027 469 1069 524 14.
1547 473 1594 526 181

263 645 385 732 dulget,
413 655 448 713 ut
471 648 658 732 apostolicis
682 649 833 731 obsequis
859 649 909 713 vel
933 648 1112 714 litterarum
1136 649 1243 715 studio
1266 650 1298 713 in
1323 650 1404 733 loeo,
1440 653 1492 717 ubi
1516 651 1596 716 illud

262 753 412 836 generale
435 754 555 838 vigeat,
588 753 766 821 insistendo
799 761 855 819 aut
888 755 921 820 in
954 754 1060 837 aliquo
1090 755 1315 822 beneficiorum
1343 777 1470 824 snorum
1496 758 1597 824 ecole-

261 861 472 944 sIasticorurn,
510 881 571 944 que
606 881 690 926 nunc
724 861 849 927 obtinet
884 861 936 927 vel
972 863 1179 947 imposterum
1215 862 1390 946 obtinebit,
1426 862 1596 930 residendo

262 966 386 1032 fruetus
411 969 667 1052 canonicatuum,
701 967 937 1052 prebendarum
961 975 994 1034 et
1017 970 1150 1035 aliorum
1181 969 1416 1055 beneficIorum,
1449 971 1545 1036 etiam
1570 973 1597 1037 si

262 1075 370 1157 aliqua
393 1075 516 1141 illorum
542 1074 719 1160 dignitates
743 1082 933 1160 personatus
949 1076 1000 1141 vel
1025 1075 1134 1142 officia
1158 1077 1296 1142 existant
1321 1079 1418 1144 eleis
1442 1097 1519 1144 cura
1541 1080 1598 1143 im-

261 1181 382 1247 mineat
406 1182 592 1265 animarum,
617 1202 717 1265 usque
741 1180 783 1247 ad
806 1183 978 1248 triennium
1001 1184 1137 1266 integre,
1169 1183 1340 1251 cotidianis
1364 1183 1596 1251 distributioni·

262 1289 321 1354 bus
345 1286 512 1355 dumtaxat
537 1290 692 1375 exceptis,
717 1291 883 1375 percipere
908 1291 1025 1373 valeat,
1051 1290 1126 1373 quin
1151 1288 1302 1356 resideat.

367 1394 416 1461 Ad
442 1416 608 1482 personam
633 1403 746 1461 tuam.
776 1445 783 1460 .
813 1445 820 1461 .
869 1396 945 1462 Dat.
962 1396 1054 1462 Acin.
1076 1396 1105 1460 ll
1122 1416 1223 1464 nouas
1252 1398 1442 1483 septembris
1465 1419 1496 1465 a.
1521 1397 1598 1464 duo-

262 1501 398 1570 decimo.

371 1607 407 1670 ln
436 1626 464 1671 e.
491 1628 532 1671 m.
568 1605 723 1690 magistro
761 1605 927 1672 Bernardo
963 1606 1120 1693 Stephani
1158 1607 1358 1691 Figiacensis
1393 1606 1598 1674 caturcensis

262 1714 387 1779 notario
419 1721 527 1780 nostro
551 1719 584 1779 et
607 1712 746 1780 Jobanni
777 1713 818 1780 de
848 1712 1018 1799 Lescapon
1043 1713 1258 1780 NannetensIs
1290 1713 1526 1781 archidiaconis
1558 1735 1599 1780 ac

261 1819 385 1887 decano
409 1820 602 1887 xanctensis
626 1819 736 1887 Oolon.
762 1818 846 1886 dioc.
871 1820 1091 1888 eeclesiarum.

410 1945 482 2016 Req.
502 1945 540 1999 87
556 1942 580 2014 s.
599 1944 668 1998 363‘
686 1959 735 1998 nr.
755 1943 840 2000 2897.

368 2233 489 2303 luno.
527 2237 614 2302 1328
638 2236 831 2323 September
857 2235 906 2299 14.
944 2231 1112 2322 Aoipooa.

371 2380 528 2446 lohannes
556 2379 655 2445 XXII
690 2377 805 2445 Oarolo
829 2379 1043 2462 primogenito
1067 2378 1219 2445 lobannis
1252 2379 1338 2462 regis
1361 2377 1491 2445 BoemIe
1524 2398 1596 2444 con·

262 2485 350 2553 cedit
382 2487 572 2553 facultatem
606 2485 745 2553 babendi
779 2505 889 2552 seeum
924 2486 1026 2550 altare
1061 2487 1222 2572 portatile,
1255 2505 1351 2571 super
1375 2504 1437 2569 quo
1460 2487 1492 2550 in
1517 2484 1597 2551 locis

263 2595 412 2680 congruis
439 2601 472 2660 et
499 2593 641 2661 honestis
664 2594 767 2678 possit
790 2593 851 2659 sibi
888 2593 980 2658 uxori
1015 2600 1048 2658 et
1079 2592 1202 2659 familie
1229 2613 1287 2660 suc
1315 2613 1372 2678 per
1396 2592 1595 2678 capellanum

262 2703 423 2787 proprium
448 2701 498 2767 vel
523 2701 619 2766 alium
643 2699 804 2786 ydoneum
829 2699 941 2765 divina
964 2698 1074 2767 faeere
1097 2700 1263 2766 celebrari.

369 2809 496 2886 Quanto
520 2809 651 2874 maioris
674 2789 856 2874 devotionis
875 2856 882 2872 .
902 2856 935 2872 ..
983 2808 1057 2872 Dat.
1083 2807 1178 2890 Asin.
1195 2806 1308 2872 XVIII
1332 2806 1376 2872 kl.
1402 2807 1543 2873 octobris
1566 2827 1596 2872 a.

262 2914 493 2982 tertiodecimo.

421 3040 495 3110 Περ.
514 3041 552 3095 91
568 3039 592 3109 f.
613 3039 669 3095 124
687 3055 735 3094 ur.
755 3039 847 3104 2363,·
868 3039 921 3094 Ra.
941 3037 1024 3093 1079.

366 3345 485 3414 1547.
517 3348 605 3412 1328
628 3346 822 3432 September
847 3347 898 3412 14.
925 3344 1090 3433 Aoipaoo.

367 3489 526 3555 lebannes
554 3489 653 3554 XXII
689 3487 804 3555 Carolo
838 3489 1052 3575 primogenito
1086 3487 1239 3554 lobannis
1271 3491 1356 3574 regis
1390 3489 1520 3556 Boemie
1551 3491 1597 3555 iu·

262 3596 385 3681 dulget,
409 3603 445 3662 ut
461 3597 563 3682 possit
586 3595 647 3662 sibi
672 3597 763 3662 uxori
788 3602 820 3662 et
842 3595 966 3661 familie
989 3614 1047 3662 sue
1070 3597 1209 3679 mIssam,
1234 3602 1406 3679 antequam
1429 3595 1597 3664 illucescat

262 3704 343 3786 dies,
376 3705 464 3770 eirca
496 3710 604 3769 tamen
637 3703 783 3769 diurnam
808 3704 922 3786 lucem,
956 3722 1028 3769 cum
1053 3703 1191 3786 qualitas
1214 3705 1414 3787 negotiorum
1438 3723 1497 3790 pro
1521 3711 1598 3772 tem·

262 3831 340 3897 pore
362 3812 578 3896 ingruentium
601 3809 635 3877 id
660 3809 815 3895 exegerit,
840 3811 950 3876 faeere
973 3810 1140 3876 celebrari.

370 3919 560 3986 Deuotionis
588 3925 642 3983 tue
669 3918 819 4002 precibus
847 3968 853 3983 .
883 3969 889 3982 .
918 3967 925 3982 .
974 3917 1050 3981 Dat.
1075 3914 1168 3981 Asin.
1194 3916 1309 3982 XVIII
1331 3917 1377 3986 lxl.
1402 3917 1543 3985 octobris
1566 3939 1596 3984 a.

262 4025 495 4093 tertiodecimo.

423 4151 493 4220 Rep.
514 4149 551 4205 91
568 4147 590 4219 fl
613 4148 677 4203 1241
696 4163 744 4203 nr.
763 4147 856 4213 2384,·
883 4148 935 4203 Ile.
955 4146 1031 4202 1079
1048 4163 1078 4202 a.
1099 4151 1123 4202 1.

368 4469 491 4540 1548.
518 4471 606 4535 1328
621 4469 815 4555 September
839 4471 890 4537 14.
920 4466 1085 4556 Aoipaoa.

369 4612 527 4679 Iohannes
555 4611 654 4677 XXII
689 4611 803 4678 Carolo
837 4611 1050 4698 primogenito
1080 4612 1233 4679 lobannis
1265 4611 1353 4698 regis
1387 4609 1516 4679 Boemie
1549 4612 1596 4676 in·

261 4719 383 4804 dulget,
412 4729 447 4786 ut
476 4721 503 4785 si
527 4719 610 4785 sorte
634 4717 675 4785 ad
702 4719 774 4786 loca
797 4718 1017 4786 ecclesiastico
1041 4720 1208 4805 supposita
1231 4717 1402 4786 interdicto
1426 4737 1497 4784 eum
1522 4737 1596 4784 oon·

261 4826 371 4910 tigerit
394 4825 567 4909 declinare,
593 4827 694 4913 possit
714 4825 776 4894 sibi
793 4827 883 4892 uxori
900 4845 956 4892 sue
973 4833 1006 4892 et
1021 4825 1236 4894 tamillaribus
1257 4828 1324 4894 suis
1346 4844 1406 4913 per
1428 4825 1593 4911 proprium
