3642 5509
288 445 341 500 502
875 443 945 498 1336
964 442 1027 497 Juli
1045 442 1070 497 5.

288 623 438 708 quodque
473 623 628 710 predictis
667 625 813 689 omnibus
851 623 884 687 in
920 621 1208 688 considerationem
1243 620 1395 688 adductis
1428 641 1523 688 aures
1557 641 1619 686 non

289 738 472 816 poteramus
489 731 639 798 claudere
662 751 721 796 neo
745 731 916 813 iusticiam,
940 750 1037 814 super
1061 750 1124 812 qua
1140 728 1323 795 exhibenda
1345 729 1502 796 instanter
1521 730 1622 810 requi·

289 841 448 922 rebamur,
471 845 506 904 ut
523 838 728 924 premittitur,
752 840 873 920 absque
898 838 951 902 dei
966 837 1089 902 offensa
1112 847 1145 902 et
1169 836 1289 902 lesione
1309 837 1505 903 conscientie
1528 835 1621 900 dene

288 966 377 1030 gare,
402 953 508 1012 certos
531 947 564 1010 in
581 944 692 1011 eodem
718 945 905 1012 consistorio
931 951 1047 1010 exacta
1064 943 1298 1010 deliberatione
1322 963 1393 1008 cum
1416 944 1496 1028 ipsis
1518 943 1622 1008 fratri-

290 1055 348 1118 bus
370 1054 483 1139 previa
505 1072 673 1138 processus
696 1053 913 1119 ordinavimus
936 1052 1004 1117 lieri
1026 1072 1090 1117 non
1113 1052 1215 1118 solum
1235 1052 1388 1134 exigente
1411 1050 1539 1116 iusticia
1564 1049 1621 1116 sed

289 1168 435 1244 cogente.
471 1160 588 1242 Quare,
612 1160 656 1224 fili
682 1161 856 1241 carissime,
881 1160 908 1226 si
932 1160 973 1224 ab
991 1158 1171 1224 huiusmodi
1191 1159 1392 1244 processibus
1415 1165 1481 1223 tam
1501 1164 1623 1223 mature

289 1277 418 1351 tamque
453 1267 626 1333 solenniter
649 1268 681 1331 in
705 1267 902 1350 consistorio,
931 1272 967 1330 ut
990 1267 1194 1351 premittitur,
1228 1265 1384 1330 ordinatis
1412 1271 1620 1330 sacrosancta

287 1375 434 1440 Romana
466 1374 614 1457 eeclesia,
648 1375 786 1440 omnium
819 1364 921 1438 mate'r
954 1372 1095 1438 fidelium
1119 1381 1151 1437 et
1178 1373 1347 1456 magistra,
1379 1371 1428 1438 sic
1451 1372 1557 1437 viliter
1589 1378 1622 1436 et

288 1485 430 1566 graviter
452 1490 637 1549 remanente
661 1502 719 1567 per
735 1473 892 1566 prefatum
910 1481 1142 1546 Treverensem
1158 1479 1437 1565 archiepiscopum
1455 1479 1623 1563 vibipensa

289 1595 416 1672 tamque
433 1588 547 1673 grandi
564 1589 688 1654 notoria
712 1595 744 1653 et
761 1587 953 1654 scandaloso
975 1587 1092 1651 iniuria
1108 1588 1214 1670 rigore
1236 1586 1365 1654 iusticie
1385 1607 1447 1652 non
1463 1605 1622 1670 repressa,

289 1695 444 1761 desistere
467 1716 530 1761 non
546 1697 699 1778 valemus,
724 1695 913 1761 habeatnos
929 1695 1171 1779 circumspectis
1191 1693 1346 1778 predictis
1361 1694 1508 1759 omnihus
1531 1691 1622 1776 regia

290 1803 502 1888 providentia,
539 1823 600 1886 que
632 1803 793 1868 iusticiam
826 1801 933 1886 diligit
967 1821 1028 1866 nee
1061 1802 1271 1884 equanimiter
1307 1801 1442 1866 tolerare
1477 1799 1624 1885 predicte

289 1911 426 1976 ecclesie
442 1911 586 1976 Romane
610 1911 749 1975 offensas
772 1915 805 1975 et
828 1908 960 1974 iniurias
984 1909 1161 1991 consuevit,
1185 1928 1257 1972 cum
1281 1928 1320 1973 ea
1339 1908 1462 1973 offensa
1486 1914 1518 1971 tu
1535 1907 1623 1972 velut

289 2017 522 2084 benedictionis
546 2023 578 2083 et
602 2018 712 2100 gracie
735 2016 818 2082 filius
841 2035 983 2100 nequeas
1006 2037 1070 2082 non
1092 2013 1223 2098 offendi,
1248 2034 1418 2098 quesumus
1440 2021 1621 2080 excusatos.

291 2126 451 2190 Tenemus
467 2127 551 2190 enim
567 2125 709 2207 indubie,
734 2124 819 2208 qnod
843 2125 869 2190 si
893 2123 971 2190 facti
987 2125 1105 2189 veritas
1118 2132 1215 2188 antea
1238 2124 1295 2188 tihi
1313 2122 1480 2206 patefacta
1495 2121 1621 2201 fuisset,

288 2252 490 2314 nequaquam
507 2239 710 2298 emanassent
726 2253 746 2298 a
762 2238 794 2298 ie
810 2232 917 2297 littere
940 2232 1029 2315 regie
1044 2229 1240 2316 supradicte.
1277 2230 1405 2296 Utinam
1421 2238 1528 2294 antem
1551 2249 1622 2314 pre-

289 2338 376 2405 fatus
400 2339 674 2425 archiepiscopus,
707 2339 761 2422 qui
792 2359 849 2424 per
872 2337 1131 2424 predecessorem
1154 2342 1296 2403 nostrum
1321 2336 1511 2422 predictum,
1548 2335 1624 2401 dum

291 2449 424 2528 viveret,
455 2467 532 2533 sepe
556 2454 621 2512 tam
646 2446 816 2512 caritative
841 2465 935 2528 quam
959 2446 1120 2510 invective
1143 2445 1282 2510 monitus
1306 2445 1424 2526 extitit,
1458 2450 1625 2509 atatam

289 2556 469 2639 periculoso
494 2561 526 2620 et
548 2557 723 2640 pernitioso
748 2554 843 2619 devio
876 2553 977 2638 pedes
1009 2573 1084 2618 suos
1107 2553 1285 2618 retraheret
1315 2553 1450 2634 illosque
1483 2552 1515 2617 in
1539 2552 1624 2616 viam

290 2662 436 2726 veritatis
460 2670 493 2728 et
520 2661 649 2728 iusticie
678 2661 846 2728 reduceret
879 2680 1001 2744 sueque
1035 2660 1131 2725 saluti
1166 2666 1198 2724 et
1231 2660 1315 2724 fame
1349 2658 1554 2740 consulendo,
1590 2665 1625 2722 ut

290 2767 460 2854 prefertur,
485 2769 655 2834 salubriter
678 2767 859 2835 huiusmodi
883 2789 947 2833 non
964 2773 1151 2852 expectaret
1175 2767 1358 2851 processus!
1388 2767 1473 2833 Nam
1496 2766 1537 2831 de
1554 2766 1623 2850 ipso

292 2878 443 2941 miramur
467 2875 650 2958 admodum,
683 2875 769 2958 quod
793 2877 869 2940 licet
902 2877 935 2938 in
959 2883 1069 2940 nostra
1100 2880 1132 2938 et
1156 2872 1292 2938 lratmm
1315 2871 1531 2958 predictorum
1555 2892 1625 2957 pre·

292 2985 397 3048 sentia
420 2981 545 3068 pridem
578 3002 637 3068 per
660 2983 784 3067 aliquos
808 2981 991 3048 cardinales
1012 2982 1138 3047 nomine
1171 3001 1211 3046 ac
1234 2979 1277 3045 ad
1301 2979 1488 3045 instantiam
1510 2999 1624 3065 procu-

291 3092 404 3156 ratoris
420 3089 520 3175 ipsius
536 3089 770 3176 archiepiscopi
787 3088 940 3155 obtulerit
955 3089 989 3152 in
1004 3107 1100 3153 manu
1119 3095 1228 3153 nostra
1251 3087 1352 3152 libere
1367 3106 1402 3152 se
1419 3086 1622 3152 dimissurum

291 3197 602 3282 archiepiscopatum
617 3196 808 3282 predictum,
832 3215 918 3261 nune
936 3201 1044 3261 tamen
1060 3194 1188 3259 videtur
1203 3193 1345 3260 obtentis
1361 3194 1512 3278 precibus
1527 3194 1626 3278 regiis

290 3304 332 3369 ad
357 3305 550 3370 contrarium
574 3305 728 3389 aspirare.
775 3304 925 3370 Ceterum
950 3302 991 3368 de
1014 3302 1077 3367 illis
1102 3301 1186 3385 ligia,
1211 3300 1389 3384 dequibus
1412 3301 1445 3366 in
1469 3300 1625 3386 predictis

290 3411 405 3476 litteris
421 3412 519 3494 regiis
536 3413 655 3477 mentio
673 3411 860 3494 habebatur,
886 3409 1068 3490 verisimile,
1082 3407 1233 3491 quicquid
1251 3408 1321 3488 tibi,
1343 3407 1388 3471 tili
1408 3406 1624 3491 dilectissime,

290 3525 477 3601 suggestum
501 3519 618 3592 extitit,
642 3539 705 3583 non
728 3517 865 3600 videtur,
895 3537 967 3582 cum
990 3522 1183 3581 memoratus
1206 3515 1470 3599 archiepiscopus
1493 3514 1625 3597 Magnu-

291 3625 376 3691 tinus
400 3624 483 3690 adeo
506 3645 629 3710 pauper
653 3633 685 3690 et
709 3645 878 3711 oppressus
903 3627 1033 3705 existat,
1058 3622 1143 3705 quod
1167 3623 1233 3706 lige
1256 3622 1357 3706 ipsius
1381 3629 1414 3687 et
1437 3621 1626 3687 adherentia

291 3733 325 3797 in
349 3731 396 3798 eis
419 3733 565 3817 partibus
590 3751 701 3817 parum
730 3733 972 3817 appreciaretur
996 3737 1052 3795 aut
1078 3728 1188 3811 nichil,
1213 3729 1296 3794 etsi
1319 3731 1388 3815 ipse
1411 3750 1502 3796 suum
1525 3728 1626 3794 archi·

293 3838 515 3924 episcopatum
547 3839 692 3924 plenarie
724 3838 893 3922 obtineret,
931 3859 994 3904 non
1027 3835 1162 3903 auderet
1195 3855 1256 3901 nec
1290 3856 1349 3903 nos
1372 3836 1627 3921 permitteremus

292 3946 396 4015 eidem
432 3945 511 4010 talia
535 3951 647 4011 contra
678 3952 819 4011 nostrum
853 3953 886 4010 et
915 3951 1004 4010 tuum
1028 3943 1274 4028 beneplacitam,
1311 3945 1477 4028 presertim
1512 3943 1568 4009 ubi
1592 3950 1626 4008 tu

292 4072 490 4138 regnumque
508 4059 606 4136 tuum,
623 4073 755 4136 quorum
772 4053 907 4119 salutem
925 4059 958 4118 et
974 4059 1092 4117 statum
1104 4050 1244 4117 zelamus
1260 4070 1456 4135 prosperum,
1481 4056 1627 4134 tangere·

292 4161 379 4242 mini,
414 4157 654 4242 quomodolibet
678 4161 873 4244 attemptari.
920 4158 1040 4236 Quodsi
1075 4158 1186 4222 facere
1220 4164 1426 4242 presumeret,
1462 4157 1627 4243 oportunis

292 4266 443 4334 remediis
476 4286 572 4352 super
604 4266 666 4333 hoc
699 4266 924 4332 coherceretur
946 4286 966 4330 a
989 4265 1090 4330 nohis
1138 4264 1214 4329 Dat.
1238 4263 1326 4350 apud
1352 4264 1488 4329 Pontem
1511 4263 1627 4348 Sorgie

293 4375 521 4442 Arinionensis
544 4372 628 4440 dioc.
653 4375 703 4440 ΙΠ
726 4395 827 4440 nonas
850 4373 919 4439 iulii
942 4395 972 4438 a.
995 4370 1148 4439 secundo.

459 4535 533 4605 Bag.
553 4535 609 4588 131
629 4533 654 4603 f.
675 4535 715 4587 53
737 4550 785 4589 ar.
807 4535 882 4601 190;
910 4535 963 4589 Ra.
982 4532 1077 4600 1820;
1104 4529 1267 4602 Rayaalui
1285 4537 1322 4596 §§
1339 4531 1459 4586 57-58.
