3642 5509
246 411 300 470 382
772 409 843 470 lato
860 411 992 471 October
1008 407 1052 470 tl.

354 620 479 687 1985.
506 623 593 686 1330
616 623 757 687 October
780 624 834 687 27.
858 620 1025 707 Aoipooa.

353 764 513 829 Iohannes
530 764 628 828 XXII
654 763 788 829 Iohanni
812 763 853 829 de
870 765 1081 847 Vernenburg
1104 765 1267 848 preposito
1290 764 1369 828 ecel.
1386 761 1582 829 xanctensis

249 871 361 937 Oolon.
386 871 470 937 dioc.
497 871 663 956 capellano
692 870 780 937 sodis
803 872 989 957 apostolice,
1020 891 1090 937 curn
1121 890 1192 936 cum
1217 876 1364 956 oporteat
1387 871 1420 935 in
1444 871 1582 936 servitiis

247 978 357 1044 Gelon.
388 984 420 1043 et
448 979 592 1060 Magnnt.
628 978 941 1064 archiepiscoporum
978 979 1069 1062 quasi
1105 979 1255 1044 continue
1290 978 1437 1043 laborare
1464 982 1496 1043 et
1525 995 1582 1060 per

247 1084 393 1151 diversas
416 1091 526 1168 partes
549 1084 737 1166 discurrere,
772 1083 928 1169 indulget,
962 1092 997 1150 nt
1025 1087 1165 1170 ipsorum
1195 1084 1507 1169 archiepiscoporum
1531 1083 1582 1148 vel

247 1192 379 1256 alterius
407 1190 580 1256 eorundem
612 1191 775 1274 obsequiis
803 1190 980 1257 insistendo
1009 1197 1065 1256 aut
1089 1191 1121 1256 in
1147 1191 1254 1274 aliquo
1280 1191 1487 1258 ecclesiarum
1512 1189 1581 1256 sive

247 1299 399 1381 locorum,
424 1297 456 1362 in
482 1297 597 1381 quibus
620 1297 829 1364 beneficiatus
854 1299 976 1380 existit,
1006 1299 1218 1382 personaliter
1241 1296 1425 1381 residendo,
1458 1296 1582 1362 fructus

247 1405 473 1472 beneficiorum
508 1424 647 1488 suornm,
683 1405 842 1470 etiamsi
878 1404 1056 1488 dignitates
1080 1407 1130 1471 vel
1166 1412 1356 1490 personatus
1385 1410 1442 1470 aut
1477 1401 1583 1469 officia

248 1512 388 1578 existant
412 1517 445 1577 et
468 1531 576 1578 curam
599 1511 741 1577 habeant
765 1512 953 1593 animarum,
979 1531 1080 1595 usque
1103 1510 1145 1577 ad
1170 1511 1340 1577 trienninm
1364 1512 1500 1595 integre,
1532 1530 1582 1576 co-

248 1617 379 1686 tidianis
403 1617 681 1685 distributionibus
704 1616 875 1685 dumtaxat
899 1617 1056 1703 exceptis,
1080 1618 1247 1704 percipere
1271 1618 1389 1684 valeat.

355 1725 429 1792 Vite
453 1745 492 1791 ac
521 1744 643 1790 morum
672 1724 825 1792 honestas
854 1775 861 1791 .
891 1775 898 1790 .
928 1776 934 1789 .
981 1726 1056 1791 Dat.
1081 1726 1179 1791 Avin.
1204 1726 1250 1791 Vl
1273 1726 1319 1790 kl.
1343 1724 1526 1791 novembris
1551 1745 1581 1792 a.

248 1831 495 1915 quintodecimo.

354 1935 391 1999 In
415 1955 444 2000 c.
467 1955 507 1999 m.
542 1933 575 2003 S.
598 1934 746 2000 Severini
770 1941 804 2000 et
826 1934 860 2000 S.
883 1932 1012 2000 Andrec
1036 1934 1146 2001 Oolon.
1176 1933 1309 2001 decanis
1340 1954 1380 2000 ac
1409 1933 1582 2000 scolastico

248 2041 411 2108 [tullensis
434 2042 653 2108 ecclesiarum.

402 2165 475 2234 Rep.
498 2166 553 2219 100
571 2181 619 2219 nr.
638 2165 705 2220 243.

355 2453 480 2522 1986.
516 2457 603 2522 1330
625 2456 766 2522 October
788 2457 843 2521 27.
871 2454 1037 2542 Aoipoora.

355 2599 523 2664 Iohannes
546 2599 657 2664 XXII
682 2604 816 2683 petente
847 2599 998 2665 Iohanne
1029 2599 1070 2662 de
1094 2599 1279 2684 Vr'rrrebrrrp
1302 2599 1478 2684 preposito
1503 2596 1579 2662 eccl.

249 2705 449 2771 Xaacteoerb
478 2706 618 2791 deputat
647 2713 715 2771 tres
742 2706 880 2786 indices,
915 2705 973 2790 pat
996 2705 1043 2770 ad
1063 2706 1280 2790 prepositure
1305 2705 1506 2770 Xaacterreie
1528 2704 1583 2768 ica

248 2819 279 2877 et
296 2812 543 2898 proprietatem
571 2819 724 2878 revocent
753 2813 841 2877 bora
870 2819 901 2877 et
929 2812 1009 2876 tora
1032 2833 1054 2876 a
1083 2811 1244 2897 Philippo
1274 2811 1437 2877 Iobaroia
1459 2811 1583 2896 prede·

248 2939 376 2986 cereore
398 2919 522 2984 iniuste
546 2919 708 2986 alienata.

354 3061 526 3146 [Iohannes
550 3061 660 3146 XXII]
691 3061 724 3128 S.
749 3062 896 3129 Severini
924 3069 957 3127 et
979 3061 1013 3128 S.
1038 3061 1167 3128 Andree
1190 3081 1230 3127 ac
1253 3061 1287 3127 S.
1312 3061 1445 3144 Georgii
1470 3059 1580 3126 Goion.

248 3168 268 3233 d
355 3169 392 3234 ’.

272 3189 572 3344 ecam{eclesiarum
596 3278 692 3344 saluti
716 3283 777 3343 etc.
808 3325 814 3338 .
846 3325 853 3340 .
882 3325 889 3341 .
922 3275 1041 3342 Potitio
1064 3274 1223 3359 siqnidem
1255 3323 1261 3337 .
1292 3325 1299 3339 .
1329 3326 1336 3340 .
1366 3274 1517 3341 Iohannis
1541 3274 1582 3340 de

142 3377 148 3388 ’
248 3385 459 3469 Vemenburg
487 3384 640 3470 prepositi
672 3383 809 3450 ecclesie
831 3383 1028 3448 Xanctcnsis
1052 3382 1163 3448 Oolon.
1189 3381 1272 3448 dioc.
1298 3381 1458 3468 capellani
1480 3383 1581 3449 nostri

247 3492 340 3558 nobis
363 3491 509 3557 exlribita
534 3491 728 3573 continebat,
754 3489 839 3573 qnod
861 3487 1020 3573 quondam
1039 3488 1232 3575 Ph[ilippu]s
1248 3491 1430 3575 prepositus
1446 3488 1582 3555 ecclesie

248 3599 402 3683 predicto,
433 3596 575 3663 eiusdem
607 3595 759 3662 lobannis
788 3595 1007 3681 predecessor,
1037 3595 1204 3661 nonnullos
1232 3595 1377 3662 redditus
1401 3615 1515 3663 census
1538 3594 1582 3661 of-

248 3704 322 3770 ficia
354 3704 520 3770 libertates
552 3701 790 3768 iurisdictiones
814 3711 847 3768 et
870 3703 941 3768 iura
965 3723 1005 3768 ao
1027 3703 1180 3768 nonnulla
1204 3703 1268 3768 alia
1292 3703 1377 3769 bona
1406 3703 1583 3768 immobilia

249 3817 281 3876 et
313 3810 445 3876 mobilia
477 3807 520 3875 ad
552 3809 787 3894 preposituram
821 3829 910 3876 suam
945 3808 1032 3874 dicte
1056 3809 1294 3875 Xanctonensis
1327 3809 1464 3875 ecclesie
1493 3829 1582 3895 spec-

248 3918 375 3984 tantia.
395 3965 402 3982 .
420 3916 562 4002 capitulo
586 3914 729 3981 eiusdem
753 3914 891 3981 ecclesie
915 3921 948 3981 et
972 3915 1044 3981 aliis
1069 3915 1213 4001 personis
1242 3916 1458 4001 singularibus
1482 3916 1582 3982 eccle·

248 4023 387 4090 siasticis
411 4030 444 4089 et
467 4022 664 4089 secularibus
694 4024 824 4108 propria
853 4023 1034 4088 temeritate
1066 4021 1106 4088 de
1129 4022 1218 4088 facto
1242 4023 1402 4090 concessit
1425 4024 1458 4088 in
1483 4023 1583 4109 ipsius

248 4131 449 4218 prepositure
483 4130 636 4196 lesionem
671 4149 734 4194 non
770 4127 930 4195 modicam
966 4135 998 4194 et
1033 4129 1205 4215 iacturam,
1242 4130 1331 4196 cuius
1366 4131 1583 4197 concessionis

248 4244 399 4325 pretextu
428 4237 526 4303 multe
555 4245 587 4302 et
617 4236 746 4301 diverse
778 4255 914 4321 persone
945 4235 1124 4302 huiusmodi
1155 4235 1301 4302 redditus
1326 4257 1438 4303 census
1462 4237 1583 4302 etalio

248 4344 434 4430 supradicta
457 4343 603 4410 detinent
627 4349 787 4429 occupata
803 4349 836 4408 et
852 4341 993 4408 eiusdem
1018 4343 1218 4429 prepositure
1240 4350 1413 4428 proventus
1436 4343 1582 4409 redditus

248 4452 415 4518 libertates
432 4457 464 4516 et
479 4451 548 4516 iure
571 4457 645 4516 sunt
667 4470 725 4535 pro
742 4469 860 4533 magna
883 4455 976 4534 parte
1000 4450 1126 4515 actione
1151 4448 1332 4515 huiusmodi
1356 4449 1514 4517 diminuta
1529 4500 1537 4516 .
1551 4498 1582 4516 ..

249 4560 318 4628 Nos
341 4560 450 4641 itaque
473 4606 532 4622 ...
562 4556 748 4622 discretioni
772 4564 879 4622 vestre
896 4604 904 4620 .
924 4605 957 4620 ..
983 4555 1182 4632 mandamns,
1207 4558 1434 4639 quatinus...
1463 4558 1582 4644 simpli-

250 4668 331 4731 citer
354 4672 387 4730 ct
410 4663 451 4729 de
480 4665 575 4751 plano
608 4664 677 4729 sine
710 4663 846 4749 strepitu
877 4669 910 4727 et
939 4663 1041 4746 ligura
1073 4662 1183 4727 iudicii
1217 4683 1327 4729 omnes
1360 4665 1583 4731 concessiones

251 4772 462 4839 alienationes
486 4780 519 4837 et
543 4769 780 4836 infeudationes
804 4788 1073 4852 quorumcumque
1096 4767 1280 4835 reddituum
1305 4777 1364 4836 etc.
1395 4768 1437 4835 ad
1461 4769 1583 4839 dictam
