3642 5509
274 427 326 484 474
854 429 924 484 1334
941 430 1024 484 Mltrc
1043 429 1070 486 1.

275 607 364 673 dicta
393 628 450 694 per
473 609 598 692 aliquos
622 608 760 692 fuerant,
795 630 890 676 aures
920 629 982 675 non
1008 608 1293 675 accomodaremus
1317 608 1477 694 credulas,
1511 610 1614 675 huius·

274 715 361 780 modi
390 737 452 782 nou
487 718 668 783 curavimus
701 717 845 802 recipere
879 717 1102 783 iuramentum.
1157 716 1303 782 Eundem
1334 723 1442 782 autem
1465 718 1613 783 nuncium

275 822 316 888 ad
335 832 421 888 tuam
439 825 502 889 iam
520 824 577 890 diu
601 825 800 910 presenciam
825 823 931 890 redire
949 824 1108 890 volentem
1133 825 1231 890 certis
1255 825 1405 889 excausis
1428 825 1614 890 retinuimus

274 950 375 1014 usque
398 931 503 998 modo.
536 931 644 1010 Quare
667 952 788 997 moram
812 932 914 1017 ipsius
937 931 1060 998 habeas
1083 937 1282 998 excusatam.
1320 932 1493 998 Hortamur
1515 933 1614 1016 igitur

276 1037 512 1105 fraternitatem
537 1037 673 1106 eandem
698 1039 853 1106 attentius
878 1045 911 1104 et
933 1059 1095 1124 rogamus,
1120 1040 1270 1122 quatinus
1287 1039 1335 1105 sic
1352 1046 1409 1105 tua
1432 1041 1614 1107 constantia

274 1144 455 1212 devotionis
480 1153 512 1211 et
541 1145 616 1212 fidei
641 1167 720 1230 erga
743 1145 839 1213 deum
863 1167 901 1212 ac
925 1167 984 1213 nos
1008 1152 1041 1212 et
1065 1146 1236 1214 ecclesiam
1261 1146 1439 1213 Romanam
1463 1147 1613 1214 continue

275 1252 479 1338 fulgeat...
530 1255 647 1321 Datum
672 1275 769 1338 quere
793 1257 895 1336 (sict).

382 1361 420 1426 In
445 1381 472 1428 e.
497 1383 538 1427 m.
563 1361 723 1428 Willclmo
748 1363 857 1429 comiti
881 1362 1064 1430 Iuliacensi.

425 1489 497 1558 Req.
518 1489 571 1542 117
587 1503 633 1557 pa.
654 1487 729 1559 11f.
748 1486 817 1542 223¹
835 1503 883 1542 ar.
903 1488 978 1543 1127
985 1505 998 1556 ;
1030 1490 1082 1544 aa.
1101 1489 1185 1543 1638.

380 1707 505 1773 219⁰.
531 1708 741 1774 restaura
767 1709 796 1772 1.
825 1704 991 1794 Aoiqaoa.

385 1851 550 1916 Iohaaaea
579 1852 689 1915 XXII
717 1853 893 1937 Haqoaem
927 1851 1178 1916 lltcaatedaam
1211 1855 1243 1915 et
1275 1851 1460 1916 Iohannem
1492 1851 1612 1915 Masei·

274 1957 411 2024 diensem
435 1961 606 2043 episcopos
630 1958 771 2043 deputat
795 1959 842 2023 ad
866 1958 1053 2024 tollendam
1077 1959 1285 2024 discordiam
1307 1959 1397 2023 later
1420 1959 1613 2043 episcopam

274 2064 524 2150 capitulumque
548 2066 765 2131 Leodieasem
797 2071 896 2150 atqae
931 2067 1050 2132 dacem
1074 2066 1264 2132 Bradaatc'e
1293 2066 1335 2131 de
1363 2066 1448 2131 villa
1474 2065 1611 2131 Macati·

274 2174 384 2239 aiensi
408 2180 574 2239 ecoctam.

382 2298 542 2364 Iohannes
565 2298 663 2363 XXII
700 2299 829 2382 Hugoni
860 2299 1060 2367 Tricastrino
1092 2317 1132 2364 ac
1163 2297 1300 2364 Iohanni
1328 2297 1520 2364 Massiliensi
1548 2297 1613 2382 epi-

275 2407 382 2490 scopis
406 2406 583 2492 apostolice
607 2405 694 2472 sedis
716 2405 851 2471 nunciis.

383 2516 546 2580 luteusam
571 2513 766 2580 desiderium
789 2512 832 2579 ad
855 2514 946 2599 pacis
973 2563 1034 2581 ...
1068 2513 1148 2581 Oum
1174 2515 1361 2598 itaque...
1384 2514 1535 2596 antiquus
1557 2512 1613 2577 ille

276 2622 406 2687 humani
440 2623 567 2706 generis
599 2628 786 2706 persecutor
818 2621 989 2687 occasione
1023 2620 1190 2687 cuiusdam
1219 2619 1415 2688 venditionis
1443 2618 1532 2684 facte
1554 2637 1612 2705 per

277 2728 536 2814 ...adolphum
562 2729 747 2814 episcopum
771 2750 811 2795 ac
839 2779 846 2794 .
871 2779 878 2794 .
907 2731 1083 2817 capitulum
1106 2728 1288 2796 Leodiense
1312 2729 1353 2795 de
1376 2728 1454 2795 villa
1477 2727 1611 2792 Machli-

275 2837 376 2902 nicusi
393 2835 635 2903 Cameracensis
658 2835 797 2902 diocesis
814 2885 821 2900 .
839 2885 873 2901 ..
898 2836 1066 2903 Ludovico
1090 2837 1199 2903 comiti
1222 2834 1414 2902 Flandrensi
1437 2836 1522 2901 inter
1545 2834 1611 2920 epi-

275 2963 407 3028 scopum
425 2951 457 3010 et
473 2945 621 3009 comitem
645 2942 810 3030 predictos
833 2962 970 3026 suosque
994 2945 1148 3010 salitores
1166 2992 1173 3009 .
1192 2991 1199 3007 .
1218 2994 1225 3007 .
1243 2963 1283 3008 ex
1300 2962 1366 3007 una
1388 2948 1480 3026 parte
1504 2962 1543 3007 ac
1556 2992 1562 3003 .
1577 2989 1609 3006 ..

275 3050 450 3118 Iohannem
474 3050 588 3118 ducem
613 3051 803 3132 Brabancie,
836 3052 891 3135 qui
921 3057 1011 3116 certa
1040 3050 1111 3117 iura
1134 3052 1167 3116 in
1191 3050 1306 3117 eadem
1329 3049 1408 3116 villa
1431 3068 1466 3115 se
1489 3048 1610 3115 habere

276 3161 401 3242 asserit,
434 3179 558 3226 necnon
582 3165 614 3225 et
637 3158 787 3225 scabinos
810 3179 850 3224 ac
874 3178 1010 3224 comune
1033 3157 1175 3224 eiusdem
1200 3157 1287 3240 ville,
1321 3157 1378 3240 qui
1401 3162 1514 3223 contra
1537 3175 1610 3222 con-

276 3267 443 3332 ventiones
472 3267 554 3331 inter
582 3267 685 3351 ipsum
710 3265 899 3352 episcopum
923 3274 956 3332 et
978 3266 1129 3332 scabinos
1152 3272 1185 3331 et
1209 3284 1343 3330 comune
1367 3264 1442 3329 ville
1464 3262 1610 3349 predicte

277 3371 319 3439 de
343 3394 405 3438 non
424 3373 595 3439 alienando
612 3373 720 3439 villam
740 3372 874 3439 eandem
899 3393 939 3439 ac
955 3375 987 3438 in
1002 3373 1100 3438 alium
1124 3370 1350 3438 transferendo
1373 3371 1471 3437 initas
1494 3372 1610 3436 forma·

277 3500 339 3566 que
369 3500 431 3545 non
467 3486 596 3546 servata
625 3481 735 3547 debita
763 3483 796 3546 in
828 3483 969 3567 ipsorum
993 3480 1086 3546 ducis
1108 3487 1142 3545 et
1167 3481 1371 3546 scabinorum
1397 3498 1437 3545 ac
1467 3479 1609 3545 comunis

275 3587 398 3674 grande
431 3588 642 3673 preiudicium
675 3587 892 3655 venditionem
925 3587 1106 3654 huiusmodi
1139 3595 1287 3654 asserunt
1325 3591 1549 3671 attemptatam
1577 3591 1611 3650 et

276 3697 427 3782 episcopo
449 3704 482 3762 et
498 3697 615 3762 comite
639 3696 773 3783 prefatis
789 3717 830 3762 ex
846 3695 983 3763 adverso
1007 3696 1225 3763 asserentibus
1249 3695 1369 3761 dictam
1394 3693 1609 3760 venditionem

275 3805 359 3869 iuste
375 3823 414 3869 ac
430 3804 603 3871 observata
619 3805 722 3871 forma
746 3803 856 3870 debita
880 3825 951 3870 esse
968 3804 1101 3885 factam,
1125 3804 1293 3868 materiam
1309 3802 1418 3886 gravis
1434 3801 1610 3884 questionis

276 3909 412 3977 iniecita
446 3931 547 3996 usqne
576 3911 658 3977 adeo
687 3913 775 3996 ipsos
805 3931 1008 3977 commovens
1039 3908 1240 3991 dissidentes,
1275 3908 1359 3992 quod
1383 3909 1447 3972 iam
1471 3908 1514 3973 ad
1538 3928 1610 3973 con-

276 4038 404 4104 gressus
428 4019 560 4084 bellicos
583 4019 631 4084 sic
655 4017 804 4083 dicuntur
827 4025 936 4082 mutuo
960 4019 1155 4103 processisse
1179 4066 1239 4081 ...
1267 4037 1325 4082 nos
1345 4067 1351 4080 .
1370 4065 1377 4080 .
1397 4065 1404 4080 .
1427 4019 1608 4100 pensantes,

277 4125 363 4210 quod
386 4126 514 4210 prelata
543 4124 700 4191 dissensio
814 4125 985 4190 maltorum
1016 4123 1201 4189 discrimina
1228 4144 1337 4189 secum
1368 4122 1468 4189 trahit
1577 4127 1611 4186 et

276 4232 460 4320 specialiter
483 4233 728 4297 transmarinum
753 4233 938 4317 passagium
962 4252 1021 4316 per
1036 4252 1095 4297 nos
1112 4281 1119 4296 .
1138 4280 1145 4296 .
1164 4281 1172 4296 .
1190 4230 1233 4295 ad
1256 4229 1400 4296 sedulam
1424 4227 1609 4294 instantiam

278 4387 336 4405 ...
360 4338 502 4425 Philippi
527 4338 657 4405 illustris
686 4340 770 4422 regis
794 4339 931 4403 Francis
954 4336 1110 4403 indictum
1134 4387 1141 4402 .
1161 4386 1194 4403 ..
1221 4336 1350 4402 differre
1374 4356 1430 4402 seu
1454 4333 1610 4421 impedire

277 4447 383 4533 potius
417 4447 710 4511 comminatur...
736 4465 793 4510 vos
908 4443 1030 4510 adeas
1059 4451 1168 4530 partes
1196 4493 1257 4508 ...
1284 4443 1482 4539 providimus
1515 4442 1609 4508 desti·

277 4553 409 4620 nandos.
468 4553 627 4632 Quocirca
661 4551 857 4619 fraternitati
893 4559 999 4618 vestre
1027 4602 1035 4617 .
1066 4601 1073 4617 .
1101 4601 1108 4616 .
1145 4549 1346 4633 mandamus,
1381 4551 1532 4634 quatinus
1566 4547 1609 4614 ad

277 4670 386 4746 partes
408 4663 495 4747 ipsas
520 4681 575 4727 vos
599 4660 809 4746 personaliter
842 4660 1043 4726 conferentes
1073 4657 1267 4725 dissidentes
1295 4656 1459 4745 predictos
1486 4677 1610 4723 necnon

385 4813 414 4874 a)
433 4812 551 4866 iniescit
569 4809 604 4864 ia
621 4826 682 4881 req.
