3642 5509
811 463 1022 546 iaaoruner.
1515 461 1568 543 ast

231 665 335 740 status
358 677 392 738 et
414 672 592 737 iuramento
616 669 762 756 prestito,
798 668 883 752 quod
919 668 960 735 de
990 669 1080 736 curia
1107 689 1168 734 non
1198 666 1363 734 recederet
1386 667 1509 752 absque
1533 667 1568 731 ti-

233 780 341 846 centia
368 779 548 864 apostolice
571 777 669 859 sedis,
699 777 873 861 obligatus,
907 780 960 858 qui
985 776 1068 841 male
1096 775 1242 840 similiter
1271 775 1332 840 sibi
1356 773 1502 840 conscius
1526 774 1567 840 de

234 888 324 952 ouria
356 885 398 951 ad
431 887 536 971 ipsum
561 886 719 949 Bavarum
751 893 783 948 et
810 885 940 948 Petrum
966 882 1007 948 de
1031 882 1184 948 corbario
1217 902 1281 947 una
1313 902 1384 946 cum
1409 881 1566 947 Michaele

234 1001 267 1059 et
291 993 461 1060 Guillelmo
484 991 640 1078 predictis
663 1011 793 1076 gressus
816 1010 891 1056 suos
914 989 1060 1056 infelices
1083 989 1224 1073 dirigere
1249 995 1449 1054 curaverunt.
1486 989 1567 1053 Mar-

234 1101 339 1167 silinm
365 1120 491 1184 quoque
514 1098 556 1165 de
579 1097 692 1164 Padno
716 1098 984 1183 condempnatum
1009 1096 1050 1163 de
1074 1096 1179 1162 heresi
1211 1097 1243 1160 iu
1267 1116 1326 1161 sua
1349 1095 1568 1160 familiaritate

234 1208 380 1274 detinere
403 1207 567 1293 presumit.
600 1206 736 1271 Talibus
761 1217 810 1271 est
833 1205 972 1289 stipatus
997 1204 1198 1286 consiliariis,
1223 1204 1334 1268 talium
1359 1201 1503 1285 consilio,
1528 1223 1567 1268 ue

235 1314 396 1380 dicamus:
422 1313 593 1399 decipitur,
617 1313 823 1395 gubernatur.
871 1311 1005 1389 Qualem
1029 1312 1137 1393 itaque
1161 1317 1269 1395 posset
1293 1309 1334 1375 de
1358 1310 1414 1374 tali
1440 1309 1568 1374 homine

235 1421 355 1487 habere
387 1421 525 1487 ecclesia
556 1419 769 1485 defensorem.
817 1419 853 1483 Si
882 1419 965 1484 enim
997 1419 1029 1482 in
1059 1417 1149 1482 arido
1175 1417 1207 1481 id
1233 1424 1283 1483 est
1306 1417 1375 1482 siue
1398 1421 1484 1482 statu
1507 1418 1568 1481 nisi

235 1537 388 1613 usurpato
421 1534 487 1593 tam
521 1525 660 1592 crudelis
691 1526 753 1591 sibi
786 1533 973 1610 persecutor
1002 1523 1156 1608 extiterit,
1190 1524 1293 1606 qualis
1325 1531 1419 1608 putas
1452 1522 1568 1606 eidem,

236 1636 400 1718 existeret,
424 1636 451 1700 si
474 1635 508 1698 in
524 1633 631 1715 viridi,
656 1632 718 1698 hoc
741 1640 790 1699 est
814 1634 846 1697 in
870 1639 957 1697 statu
981 1630 1084 1696 solido
1108 1651 1143 1697 se
1167 1630 1302 1696 videret.
1348 1630 1472 1695 Rursus
1494 1650 1569 1712 qno-

235 1743 330 1809 modo
353 1743 413 1809 sub
436 1741 593 1825 regimine
616 1741 691 1805 talis
715 1741 850 1806 hominis
873 1746 983 1825 posset
1007 1737 1200 1804 christianus
1223 1737 1370 1823 populus,
1403 1757 1496 1819 quem
1520 1738 1568 1803 sic

236 1851 351 1915 afflixit
385 1851 579 1934 immaniter,
615 1848 780 1930 quiescere
815 1847 848 1912 in
884 1846 1123 1932 pulchritudine
1157 1846 1258 1931 pacis.
1316 1843 1475 1918 Profecto,
1512 1845 1567 1926 tili,

236 1959 334 2023 talem
367 1957 526 2022 hominem
559 1955 721 2020 dimittere
754 1957 787 2020 in
820 1955 921 2039 regali
953 1961 985 2020 et
1013 1953 1173 2038 imperiali
1207 1953 1362 2035 regimine
1391 1971 1453 2016 non
1484 1961 1568 2017 esset

237 2064 403 2131 consulere
419 2063 537 2148 populo
553 2062 610 2128 sed
626 2083 754 2145 nocere,
777 2082 840 2127 non
856 2069 1001 2146 prestare
1017 2063 1160 2144 regimen
1176 2060 1232 2126 sed
1250 2079 1368 2144 augere
1385 2058 1566 2124 discrimen.

238 2174 274 2238 Si
298 2172 381 2236 enim
406 2170 576 2254 integritas
599 2169 830 2255 presidentium
860 2169 947 2234 salus
974 2176 1023 2234 est
1050 2167 1259 2250 subditorum,
1293 2165 1446 2250 sequitur,
1483 2165 1568 2248 qnod

236 2278 431 2344 instabilitas
463 2285 496 2342 et
527 2276 700 2342 infidelitas
732 2277 888 2360 ipsorum,
922 2274 1048 2340 scilicet
1079 2273 1323 2358 presidentium,
1354 2272 1494 2357 perditio
1527 2274 1568 2338 sit

238 2406 357 2468 corum,
390 2385 514 2450 scilicet
543 2383 752 2449 subditorum.
797 2381 932 2460 Qualem
961 2389 1066 2467 putas,
1101 2381 1155 2464 lili,
1190 2401 1230 2446 ex
1254 2380 1437 2466 principatu
1461 2380 1567 2446 huius·

237 2492 334 2576 modi,
371 2511 465 2575 quem
498 2493 632 2558 extorsit
669 2490 786 2556 seditio
820 2499 852 2556 et
884 2491 1040 2556 ambitioa
1073 2490 1255 2574 occupavit,
1291 2487 1441 2570 subsequi
1474 2507 1568 2572 posse

235 2599 354 2666 finem?
392 2599 544 2665 Profecto
576 2598 699 2684 sperari
732 2618 797 2663 non
830 2604 937 2682 potest
969 2597 1189 2683 probabiliter,
1227 2594 1312 2678 quod
1343 2597 1426 2661 bono
1457 2596 1568 2680 peragi

236 2710 359 2793 possint
383 2709 481 2790 exitu,
506 2713 656 2789 quotam
680 2706 765 2771 malo
781 2713 813 2771 et
830 2725 980 2790 perverso
1004 2713 1077 2771 sunt
1099 2703 1258 2790 principio
1282 2703 1443 2769 inchoata.
1472 2699 1567 2790 Audi,

237 2815 315 2897 quid
339 2814 380 2880 de
403 2815 522 2880 talibus
545 2813 745 2899 principibus
768 2813 898 2898 sapiens
923 2813 1012 2878 dicit.
1059 2811 1292 2896 Regnantibus,
1324 2812 1437 2894 iuquit,
1462 2809 1569 2894 impiis

236 2924 326 2988 ruine
350 2921 510 2988 homiuum
534 2920 660 2987 scilicet
683 2921 927 3003 subsequuntur.
959 2920 1002 2984 Et
1017 2919 1109 2984 alibi:
1135 2919 1259 3002 Gemet,
1283 2919 1396 3001 inquit,
1421 2916 1568 3002 populns,

236 3049 308 3095 cum
332 3027 422 3113 impii
445 3029 638 3112 sumpserint
661 3028 885 3112 principatum.
933 3024 1085 3109 Attende,
1110 3025 1165 3109 fili,
1190 3031 1343 3108 quantum
1368 3032 1453 3090 esset
1476 3025 1568 3108 gregi

237 3137 397 3202 dominico
427 3136 486 3200 sub
521 3143 586 3200 tam
614 3134 737 3199 infideli
760 3134 907 3219 principe
930 3135 1040 3200 vivere
1064 3131 1311 3198 formidandum.
1361 3133 1459 3196 Teste
1483 3131 1567 3196 enim

236 3245 392 3329 sapiente,
422 3244 526 3326 qualis
549 3251 599 3309 est
621 3249 727 3308 rector
750 3242 902 3325 civitatis,
932 3242 1013 3306 tales
1041 3241 1165 3306 scilicet
1188 3245 1262 3305 sunt
1285 3239 1336 3305 vel
1360 3238 1490 3303 fuerunt
1513 3237 1568 3302 ha·

236 3352 378 3418 bitantes
400 3352 434 3415 in
457 3370 506 3416 ea.
553 3350 647 3415 Esset
671 3349 779 3432 itaque
803 3349 934 3413 nimium
958 3346 1206 3428 formidandum,
1232 3345 1317 3430 quod
1342 3347 1369 3412 si
1389 3351 1569 3410 remaneret

237 3459 270 3524 in
294 3458 418 3544 prefato
442 3456 607 3543 regimine,
632 3458 784 3523 multosa
807 3456 870 3521 fide
893 3455 1072 3522 retraheret
1096 3454 1256 3520 catholica
1280 3473 1400 3537 sueque
1424 3450 1568 3537 pertidie,

237 3565 324 3650 quod
356 3566 453 3650 absit,
485 3567 638 3651 plurimos
670 3572 875 3649 aggregaret.
923 3563 1049 3647 Adhuc,
1084 3563 1138 3646 fili,
1175 3567 1327 3645 quantum
1361 3563 1395 3626 in
1424 3559 1569 3645 principe

238 3672 382 3758 quolibet
405 3673 526 3739 ueritas
550 3673 739 3755 requiratur,
768 3679 824 3737 tua
850 3692 915 3736 non
943 3673 1070 3754 ignorat
1093 3669 1278 3756 prudentia3
1304 3675 1336 3735 et
1360 3674 1512 3751 quantum
1536 3667 1569 3731 in

238 3801 276 3847 eo
300 3781 421 3865 vigeat,
445 3786 478 3845 te
501 3779 682 3845 andivimus
706 3798 769 3843 non
792 3779 904 3844 latere.

344 3887 431 3953 Sane
454 3889 492 3971 si,
517 3906 579 3970 quc
602 3886 779 3952 offeruntur
801 3906 859 3971 pro
883 3893 975 3971 parte
1000 3884 1153 3970 [Bavari],
1178 3883 1222 3949 fili
1247 3883 1421 3961 carissime,
1446 3881 1571 3966 cogites

239 3996 421 4080 diligenter,
455 3996 597 4080 reperies
627 3995 748 4076 utique,
782 3993 867 4077 quod
891 3992 932 4060 de
957 4000 1004 4060 tot
1028 3998 1060 4059 et
1083 3993 1183 4058 tantis
1207 3991 1392 4058 excessibus
1415 4010 1473 4076 per
1497 4009 1569 4055 cum

239 4103 417 4170 commissis
441 4101 607 4167 emendam
633 4100 694 4167 deo
718 4109 752 4166 et
774 4102 911 4167 ecclesie
935 4101 1053 4167 nullam
1077 4099 1183 4165 offert.

345 4210 506 4296 Imprimis
538 4210 624 4275 enim
656 4210 789 4276 offertor
820 4230 879 4296 pro
911 4214 1004 4294 parte
1036 4228 1103 4286 sua,
1136 4206 1221 4293 quod
1250 4206 1321 4292 ipse
1347 4206 1494 4273 Bararus
1517 4203 1570 4270 de·

238 4325 337 4405 ponet
364 4338 455 4384 suum
485 4317 661 4383 hereticum
689 4319 886 4404 antipapam.
935 4317 1005 4382 Hoc
1033 4299 1139 4382 autem
1168 4335 1232 4380 non
1256 4320 1305 4380 est
1328 4313 1443 4380 offerre
1467 4333 1572 4380 emen·

239 4427 314 4492 dam
347 4427 487 4508 aliquam
520 4424 561 4491 de
594 4425 780 4491 commissis.
832 4424 940 4491 Primo
974 4425 1050 4508 quia
1082 4423 1180 4490 etiam
1213 4422 1240 4488 si
1269 4443 1365 4489 verus
1398 4423 1571 4507 imperator

239 4535 402 4614 existeret,
436 4531 523 4616 quod
551 4539 659 4598 tamen
690 4541 817 4600 constat
846 4553 919 4599 cum
949 4552 1012 4598 non
1036 4551 1117 4615 esse,
1151 4529 1309 4617 depositio
1334 4531 1408 4596 talis
1431 4530 1473 4594 ad
1498 4548 1570 4594 eum

239 4641 368 4708 minime
391 4641 576 4727 pertineret.
622 4641 771 4707 Secundo
801 4643 876 4725 quia
903 4641 1039 4728 ipsemet
1062 4640 1177 4706 Petrus
1205 4638 1248 4704 de
1271 4636 1425 4705 Corbario
1448 4641 1570 4704 reatum

339 4874 368 4953 a)
388 4874 520 4932 ambitus
540 4871 574 4932 io
593 4887 657 4952 rep.
