3642 5509
764 447 833 502 1333
853 446 972 502 Januar
990 447 1033 499 21.

330 669 451 739 2155.
478 673 565 734 1333
589 671 729 736 Jaaaar
752 673 805 733 21.
835 667 1001 754 Acipaou.

330 812 490 878 lohannes
521 811 621 876 XXII
658 811 819 876 Walramo
853 810 893 876 dc
927 810 1061 875 Treveri
1095 811 1219 874 confert
1252 810 1331 874 ecel.
1365 809 1399 874 S.
1430 810 1556 874 Paulini

224 940 324 1005 prope
349 939 455 984 muros
478 920 610 984 Treverz
636 919 870 1000 canonicatum,
902 917 1097 1002 prebendam
1124 937 1262 981 vercae
1290 916 1481 1000 dignitatem
1506 918 1557 982 vel

224 1032 427 1112 personatum
453 1046 509 1092 sen
534 1025 670 1091 officium
696 1046 767 1091 cum
793 1045 878 1107 cura,
904 1024 1077 1089 dummodo
1101 1023 1281 1089 huiusmodi
1307 1023 1449 1106 dignitas
1473 1026 1557 1109 prin-

224 1134 338 1218 cipalis
362 1135 395 1198 in
420 1133 532 1200 eadem
558 1135 637 1200 ecel.
662 1155 724 1198 non
751 1134 881 1214 existat,
905 1132 1010 1197 eidem
1035 1141 1189 1213 reservat,
1214 1152 1276 1194 non
1302 1131 1449 1196 obstante
1472 1132 1557 1214 quod

224 1243 445 1306 canonicatum
472 1249 504 1306 et
527 1241 722 1327 prebendam
747 1243 779 1305 in
805 1240 883 1305 eccl.
909 1240 1052 1324 Spirensi
1077 1241 1210 1306 obtinet.

127 1434 131 1443 Ι
330 1348 510 1414 Laudabile
534 1347 761 1431 testimonium,
786 1346 872 1431 quod
900 1397 907 1411 .
937 1397 944 1411 .
972 1396 979 1412 .
1027 1347 1102 1411 Dat.
1125 1347 1221 1411 Asin.
1246 1345 1311 1410 XII
1336 1345 1381 1411 kl.
1405 1346 1557 1412 februarii

224 1476 253 1521 a.
278 1454 551 1542 decimoseptimo.

332 1565 367 1628 ln
391 1584 419 1629 e.
446 1586 486 1629 m.
521 1565 631 1630 abbati
666 1565 851 1630 monasterii
875 1563 909 1628 S.
934 1563 1064 1627 Martini
1094 1581 1194 1647 prope
1225 1581 1332 1626 muros
1362 1562 1494 1626 Trever.
1525 1567 1558 1626 et

222 1668 346 1737 decano
371 1672 622 1754 Engolismerrsis
646 1693 684 1738 ac
708 1673 879 1738 scolastico
904 1671 1066 1765 Tullensis
1089 1669 1307 1735 ecclesiarum.

378 1799 451 1868 Ray.
471 1799 527 1852 104
545 1814 592 1852 ur.
612 1801 675 1853 341.

327 2056 450 2123 2156.
478 2061 564 2123 1333
588 2059 741 2124 Febraar
764 2061 817 2123 28.
843 2056 1008 2143 Aoipaoa.

330 2199 489 2266 lohannes
513 2200 612 2265 XXII
643 2200 814 2286 Reynaldo
845 2199 954 2265 comiti
979 2198 1136 2280 Gelrensi‚
1171 2197 1224 2279 qui
1249 2198 1281 2261 in
1305 2197 1497 2263 monasterio
1522 2198 1555 2264 S.

224 2305 318 2371 Clare
342 2306 523 2374 Coloniensi
548 2305 669 2373 ordinis
693 2305 835 2372 eiusdem
861 2305 942 2372 duas
972 2305 1069 2371 habet
1097 2325 1233 2386 sorores,
1269 2303 1485 2389 Philippinam
1510 2306 1556 2370 vi-

223 2412 342 2480 delicet
366 2421 397 2480 et
421 2414 602 2498 isabellam,
628 2415 783 2481 moniales
806 2415 906 2500 ipsius
930 2413 1124 2493 monasterii,
1149 2417 1182 2477 et
1199 2411 1350 2476 Alionore
1374 2413 1442 2479 eius
1463 2413 1556 2478 uxori

223 2520 382 2599 concedit,
418 2529 453 2588 ut
485 2541 540 2587 eas
572 2523 605 2586 in
639 2523 832 2588 monasterio
868 2521 1001 2587 visitare
1035 2520 1171 2606 possint,
1207 2518 1378 2584 dummodo
1414 2519 1458 2584 ibi
1493 2541 1556 2584 non

223 2626 393 2694 comedant
416 2649 476 2694 nec
500 2637 699 2715 pernoctent.

330 2736 520 2802 Deuotionis
548 2744 654 2803 vestre
683 2736 852 2804 sinceritas
881 2785 888 2801 .
919 2785 927 2800 .
958 2785 965 2797 .
1025 2735 1100 2800 Dat.
1129 2735 1225 2800 Avin.
1255 2735 1287 2798 11
1317 2733 1361 2798 ld.
1391 2735 1502 2800 marcii
1525 2756 1556 2800 a.

223 2840 497 2928 decimoseptimo.
885 2836 892 2862 ⁸

383 2986 456 3055 Ray.
485 2987 540 3041 105
560 3001 608 3040 nr.
628 2988 715 3052 1166,·
736 2987 787 3042 Ra.
809 2988 889 3040 1601.

329 3271 449 3338 2157.
486 3275 574 3338 1333
597 3272 697 3338 Mdrz
719 3273 750 3336 9.
777 3270 942 3359 Avipaoa.

330 3414 500 3498 [lohannes
525 3415 635 3500 XXII]
669 3416 853 3481 Hermanno
887 3415 975 3481 dicto
1010 3415 1174 3481 Blankard
1205 3413 1329 3480 decano
1358 3413 1494 3499 ecclesie
1518 3412 1554 3477 B.

222 3523 323 3587 Maris
349 3525 506 3605 Aquensis
529 3523 631 3590 Leod.
656 3522 741 3589 dioc.

329 3628 511 3696 Laudabile
535 3631 760 3716 testimonium,
791 3630 876 3714 quod
901 3680 960 3696 ...
996 3632 1082 3698 Sane
1100 3680 1108 3696 .
1126 3680 1160 3696 ..
1193 3631 1375 3696 Walramus
1399 3627 1555 3713 archiepi-

222 3757 338 3822 scopus
363 3737 473 3803 Goion.
499 3744 581 3803 et..
611 3738 794 3804 Willermus
819 3759 927 3806 comes
950 3739 1141 3806 iuliacensis
1164 3740 1233 3804 eins
1255 3737 1354 3802 irater
1377 3737 1470 3802 nobis
1493 3737 1555 3819 sig·

222 3844 352 3910 nificare
386 3852 546 3927 curarunt,
582 3843 668 3929 quod
692 3852 737 3926 tu,
773 3847 828 3928 qui
861 3845 1053 3912 decanatum
1087 3845 1167 3913 eccl.
1197 3847 1232 3910 Β.
1264 3845 1364 3911 Maris
1396 3845 1556 3928 Aquensis

221 3951 323 4016 Leod.
358 3951 441 4016 dioc.
477 3953 630 4018 canonice
665 3953 791 4019 obtines
825 3961 857 4018 et
890 3954 1091 4019 consiliarius
1115 3952 1350 4037 archiepiscopi
1375 3959 1407 4017 et
1430 3951 1555 4020 cancel-

222 4057 320 4125 larius
344 4058 469 4124 comitis
493 4057 708 4144 predictorum
733 4060 856 4142 existis,
892 4060 933 4125 ab
961 4061 1053 4125 annis
1080 4061 1200 4125 teneris
1223 4060 1385 4125 servivisti
1409 4060 1456 4125 eis
1479 4057 1554 4124 fide·

223 4165 294 4229 liter
323 4173 355 4230 et
383 4164 500 4232 devote
529 4173 561 4230 et
585 4164 674 4249 quod,
700 4167 761 4251 ipsi
794 4167 826 4230 in
862 4173 985 4233 tantum
1023 4175 1077 4232 tuo
1113 4167 1265 4250 obsequio
1301 4172 1432 4250 propter
1466 4172 1553 4230 tuam

223 4272 389 4357 probatam
416 4272 604 4339 fidelitatem
627 4271 774 4357 indigere
799 4281 982 4357 noscuntur,
1014 4274 1100 4356 quod
1123 4273 1212 4338 nulla
1235 4274 1382 4338 ratinoue
1405 4279 1459 4337 tuo
1483 4293 1553 4358 pos-

222 4385 296 4445 sunt
329 4399 438 4444 earere
467 4381 621 4462 obsequio
650 4381 822 4464 personali,
857 4387 889 4446 et
918 4380 1004 4463 qnod
1028 4380 1170 4446 decanus
1192 4381 1293 4466 ipsius
1316 4379 1463 4456 ecclesie,
1499 4381 1553 4462 qui

222 4493 271 4552 est
293 4507 352 4571 pro
376 4494 529 4571 tempore,
555 4506 593 4551 ex
610 4488 741 4553 statutis
764 4493 798 4552 et
822 4487 1105 4554 consuetudinibus
1129 4487 1270 4554 eiusdem
1295 4488 1433 4553 ecclesie
1455 4489 1552 4553 etiam

220 4594 398 4658 iuramento
422 4593 556 4659 firmatis
584 4599 711 4658 tenatur
734 4613 769 4660 se
794 4595 904 4660 iacere
928 4594 1013 4660 infra
1036 4615 1152 4660 annum
1177 4595 1219 4660 ad
1242 4595 1456 4661 sacerdotium
1481 4616 1551 4681 pro-

220 4701 353 4766 moveri.
400 4699 507 4778 Quare
531 4699 628 4766 iidem
659 4701 922 4787 archiepiscopus
946 4710 978 4766 et
1002 4722 1108 4768 eomes
1131 4703 1224 4769 nobis
1247 4700 1409 4768 humiliter
1432 4703 1552 4788 suppli·

221 4814 334 4873 carnut
351 4857 358 4871 .
378 4857 410 4872 ..
446 4809 513 4874 Nos
535 4809 634 4892 igitur
652 4858 659 4874 .
678 4857 711 4874 ..
736 4807 806 4891 tibi,
837 4809 902 4891 qui,
932 4817 967 4875 ut
990 4811 1151 4892 asseritur,
1176 4812 1209 4874 in
1233 4808 1463 4876 subdiaconum
1487 4811 1551 4875 iam
