3642 5509
719 437 789 495 1328
807 433 936 495 October
954 436 998 492 29.
1458 434 1510 492 189

175 617 276 684 tensis
292 615 401 684 Calon.
426 617 510 684 dioc.
535 620 769 702 canonicatum,
793 617 990 704 prebendam
1014 638 1091 683 vem
1115 626 1148 683 et
1171 618 1325 683 ferculum
1350 617 1455 683 eidem
1477 619 1510 683 in

176 723 290 791 eadem
316 726 394 791 cccl.
420 733 574 790 reservat.

284 831 464 898 Laudabile
489 834 715 917 testimonium,
740 831 900 916 quod...
935 833 1008 897 Dat.
1034 833 1128 897 Avin.
1152 833 1181 897 V
1204 832 1249 897 kl.
1273 834 1457 899 novembris
1479 855 1508 899 a.

178 938 412 1006 tertiodecimo.

284 1048 321 1112 In
346 1067 374 1112 e.
391 1069 432 1112 m.
458 1046 492 1114 S.
510 1048 597 1113 Petri
622 1046 840 1113 Traieetensis
865 1052 897 1111 et
922 1047 1164 1112 Daventriensis
1183 1046 1323 1112 Traiect.
1349 1047 1432 1113 dice.
1458 1046 1510 1112 de·

178 1155 268 1220 canis
292 1175 331 1220 ae
354 1155 524 1220 Ambrosio
548 1153 588 1221 de
612 1153 807 1240 Lamayrola
835 1153 991 1219 canonico
1014 1152 1263 1220 Mediolanensis
1291 1154 1510 1220 ecclesiarum.

330 1278 403 1372 cap.
422 1279 461 1333 ee
478 1279 503 1349 f.
521 1251 579 1333 sor
596 1294 644 1333 ar.
664 1281 724 1334 aaa.

283 1548 408 1616 lbos.
438 1549 524 1618 1328
547 1551 687 1619 October
703 1553 757 1617 29.
782 1550 976 1639 (Acipaoa.)

287 1691 456 1778 [Iohannes
486 1695 597 1780 XXll]
623 1695 726 1761 eidem
751 1694 902 1780 [Henrico
926 1694 1169 1778 archiepiscopo
1193 1692 1398 1777 Coloniensi}

287 1800 337 1867 Ex
361 1802 584 1887 multiplicium
614 1804 797 1868 meritorum
826 1803 1114 1886 obsequiorumque
1141 1799 1347 1884 gratitudine,
1378 1819 1441 1883 que
1464 1800 1512 1866 di-

180 1906 283 1973 lectus
305 1906 389 1974 filius
412 1907 602 1976 Eidenricus
635 1908 817 1995 prepositus
845 1909 983 1975 ecclesie
1006 1908 1040 1974 S.
1064 1907 1210 1973 Severini
1234 1907 1433 1974 Coloniensis
1462 1928 1513 1973 ca-

180 2013 326 2098 pellanus
349 2023 457 2082 noster
481 2018 572 2083 nobis
595 2024 628 2082 et
652 2017 791 2084 ecclesie
814 2015 999 2103 impendere
1022 2014 1144 2081 studuit
1170 2015 1334 2096 hactenus,
1359 2014 1443 2080 sicut
1458 2020 1513 2080 tua

181 2121 352 2206 prudentia
385 2142 448 2187 non
482 2125 621 2207 ignorat,
658 2123 791 2208 inducti,
828 2124 1062 2210 preposituram
1095 2122 1231 2191 ecclesie
1264 2121 1442 2188 Bonnensis
1474 2142 1514 2188 ac

181 2227 388 2296 obedienciae
411 2229 521 2296 Gelon.
546 2230 641 2314 dioc,
677 2251 756 2315 quas
789 2232 912 2297 obtinet
941 2230 1078 2296 dilectus
1106 2229 1189 2295 filius
1213 2229 1369 2295 Henricus
1393 2230 1514 2295 electus

181 2335 402 2420 Magantinus,
436 2337 649 2405 conferendas
685 2337 787 2404 eidem
823 2339 998 2423 preposito,
1035 2357 1105 2402 cum
1146 2355 1203 2422 per
1241 2337 1513 2401 consecrationem

182 2442 325 2509 eiusdem
349 2445 444 2510 electi
469 2447 667 2528 vacaverint,
696 2447 898 2532 dispositioni
926 2452 1034 2511 nostre
1058 2451 1091 2509 et
1113 2443 1199 2510 sedis
1223 2443 1400 2529 apostolico
1424 2443 1514 2508 duxi-

180 2568 250 2615 mus
273 2551 494 2634 reservandas,
534 2552 568 2617 id
599 2553 656 2618 tibi
689 2553 828 2618 existere
851 2559 980 2637 gratum
1004 2552 1136 2618 attentis
1160 2551 1323 2636 premissis
1354 2571 1394 2616 ac
1424 2551 1513 2618 obse·

181 2659 301 2739 quiosis
334 2659 515 2743 affectibus,
550 2661 664 2744 quibus
697 2662 801 2745 ipsum
835 2680 913 2743 erga
946 2667 979 2724 te
1002 2665 1128 2744 gratum
1154 2657 1211 2742 [se]
1236 2656 1442 2742 reddi[di]sse
1475 2678 1514 2722 ac

182 2764 318 2830 reddere
342 2767 491 2832 continue
520 2769 730 2852 percepimus,
755 2765 886 2832 indubie
909 2771 1135 2851 supponentes.
1184 2763 1344 2843 Quocirca
1367 2765 1514 2830 lratemi·

182 2877 280 2936 tatem
304 2879 391 2938 tuam
415 2875 569 2940 attentius
592 2873 811 2958 deprecamur,
837 2875 987 2957 quatinus
1003 2873 1035 2938 in
1052 2872 1225 2959 premissis,
1251 2891 1312 2954 que
1336 2872 1423 2936 circa
1446 2890 1515 2955 per-

182 3000 292 3045 sonam
317 2980 435 3064 prefati
460 2982 614 3066 prepositi
643 2981 786 3063 fecimus,
805 3029 812 3044 .
831 3031 837 3044 .
857 3031 864 3046 .
882 3001 940 3065 pro
964 2986 1073 3047 nostra
1096 2985 1128 3045 et
1153 2978 1294 3045 eiusdem
1319 2978 1405 3043 sedis
1428 2997 1516 3042 reve·

182 3087 286 3152 rentia
310 3089 522 3172 prosequaris.
570 3089 644 3154 Dat.
663 3088 712 3153 ΙΙΙ
736 3087 781 3152 kl.
805 3087 988 3154 novembris
1012 3108 1041 3152 a.
1067 3085 1300 3151 tertiodecimo.

345 3213 416 3282 Rep.
437 3213 490 3266 115
505 3228 553 3282 pe.
575 3213 652 3268 191‘
673 3229 717 3266 rar.
739 3214 801 3266 517.

294 3499 411 3568 1569.
444 3504 525 3568 1328
548 3504 688 3570 October
708 3505 762 3568 29.
791 3503 955 3590 Aoipaou.

292 3624 463 3709 [Iohannes
486 3627 598 3711 XXII]
621 3626 792 3693 Wilhelmo
816 3628 925 3692 comiti
950 3624 1131 3691 luliacensi.

293 3735 403 3818 Nuper
435 3732 572 3798 dilectus
604 3732 686 3800 filius
718 3734 876 3800 Henricus
906 3733 947 3798 de
972 3733 1093 3798 luliaco
1117 3731 1299 3816 prepositus
1323 3730 1458 3797 ecclesie
1482 3729 1516 3796 S.

184 3842 286 3907 llario
311 3849 342 3906 et
365 3841 485 3923 gradus
503 3841 702 3907 Coloniensis
725 3840 768 3907 ad
791 3847 932 3906 nostram
949 3840 1081 3905 veniens
1105 3839 1315 3922 presenciam,
1339 3837 1517 3905 nobilitatis

184 3958 240 4014 tue
274 3949 398 4014 litteras
430 3969 469 4014 ac
502 3947 663 4031 quoddam
699 3949 942 4014 instrumentum
978 3947 1140 4032 publicum
1176 3946 1310 4012 formam
1346 3945 1516 4010 iuramenti

185 4055 351 4122 fidelitatis
374 4076 432 4141 per
448 4063 490 4140 te,
515 4055 570 4138 fili,
595 4058 686 4123 nobis
702 4063 734 4122 et
751 4056 886 4122 ecclesie
902 4055 1047 4121 Romane
1070 4055 1196 4138 prestiti
1220 4053 1386 4121 continens
1408 4060 1516 4119 nostro

185 4164 378 4248 apostolatui
403 4165 621 4248 presentavit3
661 4165 775 4247 quibus
798 4164 938 4246 benigne
962 4183 1001 4228 ac
1025 4163 1089 4227 leta
1113 4182 1209 4227 manu
1233 4162 1370 4246 receptis
1394 4180 1517 4226 eorum-

185 4291 248 4356 que
275 4271 309 4354 (l)
333 4271 498 4338 tenoribus
521 4291 644 4337 necnon
670 4283 702 4336 et
727 4270 798 4355 hiis,
832 4291 894 4354 que
923 4269 1028 4335 dictus
1056 4270 1237 4354 prepositus
1266 4269 1324 4334 sub
1349 4269 1518 4334 commissa

184 4379 246 4445 sibi
271 4398 329 4464 per
351 4378 475 4444 litteras
500 4378 586 4464 ipsas
610 4377 775 4444 credentia
799 4384 864 4442 tam
894 4397 990 4462 super
1014 4378 1077 4442 tuis
1099 4374 1257 4440 fidelitate
1282 4395 1321 4441 ac
1345 4373 1517 4441 devotione

186 4535 246 4552 ...
275 4486 427 4552 scriosius
452 4485 526 4550 viva
549 4505 628 4550 voce
658 4505 754 4568 quam
784 4484 866 4567 aliis,
902 4503 965 4566 que
988 4483 1080 4548 nobis
1103 4502 1161 4567 pro
1186 4488 1277 4566 parte
1309 4487 1363 4547 tua
1392 4481 1518 4548 curavit

185 4613 357 4678 exponere,
381 4594 507 4678 plenius
523 4593 705 4676 intellectis,
731 4612 770 4657 ea
787 4592 874 4657 velut
890 4590 951 4657 deo
968 4611 1007 4656 ac
1023 4590 1116 4656 nobis
1132 4596 1266 4674 accepta
1284 4639 1291 4654 .
1313 4639 1320 4654 .
1338 4639 1346 4655 .
1368 4589 1518 4655 uberibus

185 4701 407 4786 prosequimur
431 4700 612 4766 actionibus
635 4701 823 4784 gratiarum,
848 4697 983 4764 candem
1007 4697 1205 4763 nobilitatem
1223 4703 1309 4762 tuam
1329 4746 1336 4764 .
1355 4744 1362 4758 .
1381 4745 1388 4761 .
1405 4695 1516 4761 exhor-

185 4815 302 4892 tantes,
337 4809 485 4892 quatinus
517 4807 548 4872 in
578 4807 697 4873 eisdem
729 4807 883 4876 fidelitate
913 4826 952 4871 ac
976 4805 1146 4870 devotione
1175 4855 1182 4868 .
1213 4854 1220 4868 .
1250 4854 1257 4869 .
1286 4802 1518 4869 invariabiliter
