3642 5509
727 458 796 516 1336
814 457 952 513 Febrnar
970 455 1013 511 22.
1447 532 1451 537 ἢ
1489 454 1543 509 495

316 641 353 706 in
377 661 405 706 e.
430 663 470 706 m.
506 639 631 706 decano
659 647 692 704 et
719 637 890 704 scolastico
920 638 953 703 S.
976 637 1107 720 Georgii
1132 636 1243 702 Gelon.
1274 657 1313 701 ac
1337 636 1478 718 Rogerio
1502 636 1543 702 de

208 748 348 833 Tagesio
372 749 528 814 canonico
553 747 703 813 Rivensis
728 745 947 812 ecclesiarum.

371 873 443 943 Req.
462 872 516 926 121
535 889 582 926 ar.
601 872 666 926 272.

315 1132 443 1199 2249.
470 1133 557 1197 1336
585 1133 738 1197 Febraar
763 1133 816 1195 22.
845 1128 1010 1215 Auipaoa.

315 1275 510 1341 Benedictus
534 1275 603 1340 XII
632 1275 810 1339 Buuneusis
834 1273 945 1339 Goion.
970 1272 1053 1339 dioc.
1079 1281 1112 1338 et
1136 1272 1169 1338 S.
1194 1272 1329 1357 Georgii
1354 1273 1464 1340 Gelon.
1489 1273 1542 1338 de·

210 1385 298 1450 canis
327 1404 370 1470 aq
396 1383 566 1449 scolastico
596 1381 737 1448 eiusdem
770 1381 803 1447 S.
829 1381 960 1465 Georgii
992 1381 1070 1446 eccl.
1100 1380 1242 1456 mandat,
1276 1381 1425 1462 quatinus
1450 1381 1543 1445 Alve-

209 1491 328 1556 rardim
352 1498 460 1556 natam
479 1490 631 1555 Iohannis
647 1488 726 1554 dicti
744 1491 886 1573 Weynez
903 1487 944 1552 de
962 1487 1187 1572 Mariuguagin
1205 1489 1344 1573 puellam
1368 1487 1541 1552 litteratam

208 1600 318 1665 Gelon.
344 1598 427 1663 dioc.
454 1599 633 1683 cupientem
658 1597 690 1661 in
714 1599 909 1662 monasterio
934 1597 966 1659 in
992 1595 1117 1680 Deykir
1140 1594 1209 1660 ord.
1233 1596 1267 1660 S.
1285 1595 1406 1660 Bened.
1432 1596 1542 1661 Colon.

208 1707 303 1789 dioc,
336 1708 368 1770 in
403 1727 465 1789 quo
501 1713 607 1771 certus
640 1705 823 1770 monialium
854 1723 1004 1769 numerus
1034 1723 1104 1768 esse
1134 1703 1250 1768 dicitur
1274 1703 1447 1785 institutus,
1480 1724 1543 1769 una

209 1834 278 1880 eum
315 1814 479 1878 abbatissa
513 1822 545 1877 et
579 1821 737 1878 conventu
771 1812 899 1876 domino
934 1811 1092 1891 famulari,
1127 1812 1153 1876 si
1183 1812 1224 1876 sit
1247 1811 1376 1896 ydonea
1400 1819 1432 1876 et
1456 1812 1543 1875 aliud

209 1923 398 1987 canonicum
423 1941 485 1986 non
510 1921 657 1996 obsistat,
691 1921 815 1985 iaciant
839 1920 870 1984 in
895 1919 984 1984 dicto
1009 1919 1211 1992 monasterio,
1246 1919 1272 1982 si
1302 1918 1430 2002 quade
1455 1918 1542 1985 dicto

208 2049 338 2094 numero
356 2029 447 2094 deest
463 2027 503 2093 ad
522 2047 653 2113 presens
670 2027 720 2092 vel
737 2047 830 2110 quarn
849 2027 984 2112 primum
1002 2025 1151 2108 defuerit,
1177 2027 1276 2112 recipi
1292 2026 1325 2090 in
1341 2027 1541 2093 monacham.

315 2135 511 2201 Prudentum
537 2136 695 2218 virginum
726 2135 809 2200 votis
839 2184 846 2199 .
878 2183 884 2198 .
914 2182 920 2195 .
971 2133 1045 2199 Dat.
1070 2135 1165 2199 Asin.
1192 2133 1355 2199 1111111.
1381 2135 1486 2199 martii
1512 2157 1541 2200 a.

209 2243 361 2311 secundo.

369 2360 443 2430 Ray.
462 2359 517 2414 121
536 2375 583 2413 aar.
604 2359 677 2426 250;
696 2359 748 2413 Ra.
763 2359 844 2412 1777.

312 2648 440 2716 2250.
467 2651 554 2714 1336
577 2650 730 2714 Fabruur
753 2651 806 2711 22.
829 2645 994 2732 Auipaoa.

315 2790 509 2857 Benedictus
533 2791 599 2855 XII
633 2792 811 2857 Bonnensis
835 2791 945 2856 Golon.
971 2789 1056 2854 dioc.
1081 2795 1113 2852 et
1137 2788 1170 2856 S.
1196 2787 1327 2872 Georgii
1352 2789 1464 2856 Gelon.
1488 2791 1542 2856 de·

207 2901 296 2966 canis
320 2920 358 2964 ac
382 2898 552 2964 scolastico
577 2897 719 2963 eiusdem
736 2899 770 2964 S.
788 2899 918 2982 Georgii
944 2898 1022 2962 eccl.
1046 2894 1187 2978 mandat,
1212 2898 1361 2979 quatinus
1377 2898 1541 2963 Mabiliam

208 3007 248 3072 de
268 3007 475 3092 prenbrext
500 3005 637 3091 puellam
662 3005 838 3070 litteratam
856 3004 967 3070 Calon.
986 3003 1069 3070 dioc.
1087 3004 1267 3088 cupientem
1292 3004 1324 3068 in
1348 3007 1541 3070 monasterio

206 3117 237 3180 in
273 3113 417 3198 Rindorp
451 3113 519 3178 ord.
557 3112 590 3177 S.
628 3111 747 3177 Beued.
785 3113 896 3177 Goion.
927 3111 1022 3192 dioc„
1059 3111 1092 3175 in
1125 3131 1187 3194 qno
1221 3119 1326 3176 certus
1359 3112 1540 3177 monialium

207 3240 355 3286 numerus
379 3241 449 3286 esse
473 3220 592 3286 dicitur
615 3220 791 3302 institutus,
816 3240 879 3284 una
904 3238 975 3284 cum
1000 3219 1165 3284 abbatissa
1181 3226 1214 3282 et
1230 3225 1389 3284 conventu
1413 3218 1540 3284 domino

208 3329 367 3412 famulari,
402 3329 429 3392 si
453 3328 494 3393 sit
517 3326 645 3411 ydoneo
670 3335 702 3391 et
730 3325 817 3392 aliud
852 3328 1041 3390 canonicum
1073 3346 1136 3390 non
1169 3326 1315 3407 obsistat,
1352 3325 1474 3390 faciant
1509 3327 1542 3390 in

208 3437 294 3502 dicto
319 3436 521 3516 monasterio,
551 3436 577 3499 si
609 3454 673 3517 qua
703 3433 743 3499 de
768 3432 855 3500 dicto
879 3453 1010 3498 numero
1034 3432 1124 3498 deest
1147 3431 1190 3497 ad
1214 3452 1346 3517 presens
1371 3432 1421 3497 vel
1446 3453 1540 3514 quam

209 3546 344 3630 primum
369 3542 518 3625 defuerit,
542 3543 644 3626 recipi
667 3543 700 3606 in
725 3541 925 3607 monacham.

315 3650 512 3716 Prudentum
543 3651 701 3734 virginum
732 3651 816 3715 votis
842 3699 849 3714 .
880 3699 887 3714 .
916 3698 924 3715 .
970 3652 1046 3715 Dat.
1070 3649 1165 3716 Avin.
1191 3648 1540 3716 V1111k1.martiia.

209 3759 362 3826 secundo.

358 3884 432 3954 Rep.
454 3885 506 3938 121
523 3898 571 3938 nr.
591 3883 649 3938 251
656 3905 665 3948 ,·
687 3883 738 3939 Ra.
760 3886 831 3939 1339
848 3899 879 3939 a.
899 3887 925 3938 1.

313 4147 434 4217 2251.
464 4151 551 4214 1336
574 4149 727 4215 Fabraar
750 4151 801 4213 22.
828 4147 994 4236 Avipaoa.

317 4292 512 4359 Benedictus
536 4293 602 4357 XII
636 4291 815 4357 Bonnensis
838 4293 949 4359 Goion.
974 4292 1058 4359 dioc.
1083 4300 1115 4357 et
1139 4293 1172 4359 S.
1198 4292 1329 4377 Georgii
1354 4293 1464 4360 Oolon.
1489 4293 1543 4359 de·
1605 4336 1608 4341 <

211 4403 300 4468 canis
324 4408 356 4466 et
380 4401 550 4467 scolastico
574 4398 717 4465 eiusdem
741 4401 774 4467 S.
800 4398 933 4484 Georgii
965 4402 1044 4468 eccl.
1079 4399 1221 4484 mandat,
1255 4403 1405 4484 quatinus
1434 4403 1541 4467 Merti-

211 4508 321 4573 hildim
347 4508 515 4573 Cristinem
540 4506 658 4571 dictam
683 4506 844 4571 Warluria
868 4505 909 4572 de
934 4507 1046 4572 Bonna
1070 4508 1209 4592 pucilam
1233 4509 1406 4574 litteratam
1432 4508 1541 4575 Goion.

211 4615 294 4681 dioc.
319 4616 500 4700 cupientem
524 4616 556 4678 in
581 4614 772 4679 monasterio
791 4613 892 4680 Vallis
916 4613 949 4679 S.
967 4615 1067 4680 Marie
1091 4614 1159 4680 ord.
1185 4615 1218 4681 S.
1237 4617 1408 4700 Augustini
1431 4616 1540 4681 Goion.

211 4723 307 4806 dioc,
341 4724 374 4788 in
406 4742 469 4806 quo
503 4728 609 4788 certus
641 4721 824 4786 monialium
857 4741 1007 4788 numerus
1030 4741 1101 4788 esse
1130 4721 1247 4788 dicitur
1276 4723 1444 4807 institutis,
1479 4745 1543 4790 una

212 4853 282 4901 oum
316 4831 481 4898 abbatissa
504 4837 537 4898 et
565 4837 724 4896 conventu
757 4827 885 4896 domino
919 4829 1077 4916 famulari,
1111 4833 1138 4898 si
1171 4833 1214 4898 sit
1244 4831 1374 4918 ydonea
1398 4839 1430 4899 et
1453 4832 1542 4899 aliud
