3642 5509
733 454 802 510 1³27
821 455 940 511 Januar
959 454 1002 509 24.
1518 454 1535 510 t

203 632 245 700 ad
277 635 448 701 trienninm
481 635 649 722 percipere
673 635 773 700 libere
797 655 918 720 posses,
952 634 1124 702 cotidianis
1147 633 1424 701 distributionibus
1447 633 1536 700 dum·

203 745 294 807 taxat
318 742 464 827 exceptis
485 792 493 805 .
517 793 524 808 .
549 792 556 808 .
590 748 622 809 et
646 742 732 826 quod
756 743 882 808 interim
907 749 951 828 tn,
976 745 1030 826 qui
1054 743 1086 806 in
1112 741 1301 808 diaconatus
1324 742 1436 808 ordine
1459 749 1535 808 tunc

205 869 283 924 eras,
316 849 401 915 sicut
432 847 540 915 adhuc
570 869 640 916 esse
665 849 841 916 dinosceris
866 851 1068 933 constitutus,
1101 851 1226 914 ratione
1248 849 1460 934 parrochialis
1484 870 1535 916 ec·

205 956 301 1023 clesie
325 957 357 1022 in
383 955 473 1023 Olme
498 957 607 1023 Colon.
633 956 716 1025 dioc.
732 1008 739 1022 .
754 1005 784 1022 ..
815 956 964 1024 iaciendo
988 956 1093 1023 eidem
1116 977 1175 1042 per
1198 957 1351 1022 vicarium
1374 956 1535 1042 ydoneum

205 1062 358 1129 deserviri
381 1083 444 1129 non
468 1065 622 1131 tenereris
645 1063 687 1129 ad
711 1063 926 1131 sacerdotium
947 1071 980 1130 te
996 1064 1105 1130 lacere
1127 1066 1307 1148 promoueri
1331 1085 1388 1149 per
1410 1070 1536 1131 nostras

282 1170 407 1238 litteras
430 1170 615 1238 duxerimus
638 1170 879 1257 indulgendum.
926 1172 1006 1238 Cum
1034 1178 1141 1237 autern
1165 1170 1286 1236 dictum
1309 1173 1479 1237 triennium
1502 1172 1535 1236 in

206 1277 293 1344 brevi
318 1277 436 1344 debeat
452 1279 609 1364 expirare,
633 1300 691 1365 pro
707 1285 800 1364 parte
816 1285 872 1344 tna
887 1278 981 1345 nohis
997 1279 1105 1343 extitit
1127 1277 1288 1344 humiliter
1311 1278 1535 1363 supplicatum,

205 1392 249 1469 ut,
285 1405 356 1450 cum
381 1395 425 1468 tu,
461 1387 515 1469 qui
548 1387 581 1451 in
613 1384 811 1470 exequendis
835 1385 1004 1470 negotiis.
1028 1435 1035 1450 .
1059 1434 1067 1450 .
1092 1385 1537 1470 Henriciarchiepiscopiet

205 1491 340 1558 ecclesie
353 1492 552 1560 coloniensis
576 1513 615 1559 ac
638 1493 737 1559 etiam
760 1492 846 1559 sedis
869 1494 1047 1579 apostolice
1070 1491 1189 1558 inillis
1212 1491 1357 1578 partibus
1380 1491 1536 1558 hactenus
1653 1573 1659 1584 .

204 1599 368 1666 lahorasse
392 1598 528 1667 fideliter
557 1600 684 1686 diceris,
718 1599 825 1668 adhuc
854 1601 887 1665 in
910 1600 1049 1684 negotiis
1072 1606 1218 1686 prompte
1242 1619 1283 1665 ac
1305 1599 1426 1664 utiliter
1449 1598 1536 1665 labo·

205 1727 275 1773 rare
291 1727 355 1772 non
370 1726 487 1790 cesses,
512 1709 750 1800 concessionem
774 1706 957 1775 huiusmodi
980 1725 1155 1793 prorogare
1171 1706 1230 1772 tibi
1243 1755 1250 1770 .
1265 1754 1273 1772 .
1289 1755 1296 1771 .
1320 1704 1535 1790 dignaremur.

206 1815 272 1881 Nos
294 1815 458 1898 igitur...
483 1815 543 1882 tibi
557 1863 586 1881 ..
610 1814 813 1901 indulgemus
837 1821 869 1881 at
884 1865 890 1881 .
907 1865 936 1881 ..
961 1815 1084 1882 fructus
1104 1863 1156 1881 ...
1181 1833 1282 1897 usque
1305 1812 1348 1879 ad
1372 1813 1459 1879 aliud
1482 1815 1536 1879 tri·

206 1923 331 1987 ennium
355 1944 375 1988 a
398 1921 460 1988 line
483 1921 563 1988 dicti
587 1922 715 1988 triennii
740 1921 970 1989 numerandum
1004 1943 1074 1988 cunr
1098 1943 1138 1988 ea
1160 1922 1346 2004 integritate
1369 1921 1536 2006 percipere

205 2027 303 2094 libere
327 2029 457 2096 valeas.
474 2078 505 2096 ..
530 2031 606 2097 Dat.
623 2029 718 2096 Avin.
735 2030 831 2096 VIIII
856 2029 900 2095 hl.
925 2030 1078 2095 februarii
1102 2050 1130 2094 a.
1155 2027 1336 2095 undecimo.

311 2136 348 2201 In
374 2155 400 2203 e.
421 2158 462 2202 m.
494 2136 604 2203 abbati
632 2136 818 2203 monasterii
842 2135 1023 2202 Tulciensis
1047 2136 1157 2202 Gelon.
1182 2134 1265 2201 dioc.
1291 2140 1324 2201 et
1351 2133 1536 2201 subdecano

207 2243 314 2310 Oolon.
340 2264 379 2310 ac
401 2245 556 2328 magistro
572 2243 690 2311 Busolo
714 2242 756 2310 de
771 2244 889 2309 Parma
913 2244 1068 2310 canonico
1092 2241 1306 2309 Tornacensis
1329 2241 1536 2308 ecclesiarum

207 2351 373 2436 capellano
397 2358 516 2418 nostro.

354 2457 427 2530 Req.
446 2460 487 2513 83
504 2458 528 2527 f.
548 2457 587 2512 25
605 2474 654 2513 ar.
672 2461 716 2514 62.

312 2638 427 2704 1122.
453 2639 539 2704 1327
563 2641 702 2706 Jaaaar
724 2642 777 2704 24.
802 2637 967 2726 Aoipaoa.

313 2773 482 2839 Iohannes
507 2774 617 2839 XXII
639 2774 825 2839 Iohannem
848 2773 888 2839 de
920 2773 1106 2857 Viraeharp
1128 2769 1294 2835 habilitat.

315 2897 485 2986 [Iohannes
518 2898 628 2984 XXll]
664 2897 799 2964 Iohanni
832 2897 873 2963 de
898 2894 1131 2980 Virnemhurgh
1167 2895 1322 2961 canonico
1357 2893 1538 2961 Coloniensi

208 3005 373 3092 capellano
397 3014 515 3074 nostro.

313 3117 383 3182 Tne
406 3115 577 3202 probitatis
600 3115 714 3182 merita
820 3114 906 3181 Sane
935 3114 1054 3201 peticio
1078 3120 1133 3178 tua
1155 3112 1248 3178 nobis
1272 3110 1417 3176 exhibita
1440 3111 1539 3177 conti·

208 3224 313 3300 uehat,
348 3222 433 3307 quod
464 3229 499 3289 tu
528 3223 603 3289 olim
628 3223 826 3290 Coloniensis
850 3229 883 3288 et
906 3222 1084 3287 Bonnensis
1108 3219 1249 3287 existens
1272 3219 1445 3285 canonicus
1469 3237 1538 3304 prc-

207 3332 381 3415 posituram
409 3330 580 3418 Carpensis
614 3330 820 3397 ecclesiarum
841 3329 1040 3396 Coloniensis
1068 3327 1207 3394 diocesis
1230 3346 1338 3393 curam
1362 3327 1538 3392 animarum

207 3439 378 3506 habentem
401 3460 441 3506 ac
464 3441 496 3505 in
520 3439 658 3505 ecclesia
681 3439 714 3506 S.
738 3438 859 3505 Florini
883 3439 916 3504 in
940 3436 1142 3504 confluentia
1165 3435 1389 3502 canonicatum
1413 3438 1446 3499 et
1468 3453 1538 3519 pre-

207 3547 344 3613 hendam
368 3567 407 3613 ac
430 3546 664 3632 parrochialem
688 3547 858 3613 ecclesiam
882 3545 923 3611 de
939 3544 1029 3611 (iisse
1053 3545 1119 3625 (cel
1134 3543 1229 3624 birse)
1254 3547 1286 3608 et
1308 3541 1341 3607 in
1362 3539 1539 3626 Hugarden

207 3655 414 3722 Treverensis
437 3661 470 3721 et
492 3653 683 3721 Leodicnsis
712 3653 885 3721 diocesium
911 3653 1133 3718 canonicatum
1158 3657 1190 3716 et
1212 3648 1419 3735 prehendam,
1444 3668 1539 3734 super

208 3783 270 3846 qua
294 3763 422 3846 quidem
447 3762 611 3849 prebenda
635 3762 839 3848 Hugardensi
863 3762 993 3846 litigare
1017 3767 1049 3826 te
1072 3761 1201 3840 asseris,
1224 3777 1349 3823 necnon
1371 3758 1404 3822 in
1425 3755 1538 3822 eadem

207 3871 389 3938 Coloniensi
413 3871 558 3937 ecclesiis
583 3870 779 3955 capplariam
803 3871 838 3952 (l)
862 3879 894 3934 ct
919 3867 1056 3952 quedam
1080 3866 1298 3953 prestimonia,
1323 3884 1385 3947 que
1409 3862 1538 3948 quidem

208 3978 374 4064 capplaria
409 3976 550 4062 dignitas
584 3978 617 4043 in
652 3976 765 4043 eadem
794 3976 932 4042 ecclesia
960 3974 1143 4042 Coloniensi
1170 3974 1241 4038 lore
1264 3971 1450 4055 dinoscitur,

207 4085 390 4153 successive
422 4085 605 4170 recipiens.
627 4134 633 4150 .
654 4133 661 4149 .
679 4085 910 4170 preposituram
940 4088 973 4149 et
1003 4081 1201 4168 capplariam
1224 4077 1389 4166 predictas
1411 4077 1539 4144 insimul

207 4194 275 4259 sine
299 4192 540 4278 dispensatione
564 4191 836 4276 legitima'contra
857 4189 1116 4257 constitutionem
1131 4194 1282 4270 nostram,
1307 4183 1539 4269 quamdudum

206 4319 303 4386 super
335 4299 521 4385 pluralitate
554 4299 770 4384 dignitatuum
798 4306 1025 4384 personatuum
1054 4294 1233 4362 officiorum
1256 4299 1290 4361 et
1312 4293 1539 4360 beneficiorum

207 4407 497 4474 ecclesiasticorum
518 4456 525 4473 .
544 4457 551 4472 .
572 4457 579 4473 .
604 4406 772 4483 edidimus,
797 4424 956 4471 unacum
980 4403 1222 4470 canonicatibus
1246 4407 1280 4466 et
1302 4399 1475 4487 prebendis
1499 4419 1538 4465 ac

207 4515 424 4601 prestimoniis
447 4514 584 4600 prelatis
683 4514 880 4600 permultos
903 4531 1005 4577 annos
1029 4508 1170 4592 tenuisti,
1198 4509 1283 4575 sicut
1306 4514 1340 4574 et
1363 4506 1470 4573 adhuc
1485 4556 1492 4572 .
1507 4556 1536 4573 ..

207 4630 323 4690 necte
347 4623 452 4689 fecisti
475 4621 561 4689 inira
583 4641 700 4687 annum
725 4623 848 4687 ratione
872 4619 959 4686 dicte
982 4617 1193 4704 parrochialis
1217 4615 1398 4683 ecclesie..
1423 4613 1465 4682 ad
1490 4635 1539 4681 sa·

208 4730 385 4797 cerdatium
411 4729 600 4814 promoveri,
633 4729 755 4794 tructus
782 4727 964 4813 percipiens
988 4745 1028 4791 ex
1052 4723 1183 4792 eisdem.
1239 4722 1345 4801 Quare
1368 4722 1460 4788 nohis
1483 4721 1539 4787 hu·

209 4838 326 4903 militer
349 4837 550 4923 supplicasti,
569 4887 576 4902 .
596 4885 627 4902 ..
655 4837 723 4904 Nos
756 4836 879 4918 igitur.
898 4882 905 4898 .
925 4882 933 4898 .
954 4840 987 4899 te
1008 4882 1016 4898 .
1034 4881 1068 4898 ..
1093 4830 1299 4898 hahilitamus
1322 4837 1355 4896 et
1377 4830 1537 4914 integrum
