3642 5509
755 437 826 495 1333
844 437 906 496 Jnli
928 435 968 495 14.
1493 439 1548 499 tot

214 614 267 684 die
291 617 460 686 ecclesiam
484 619 763 705 metropolitanam
787 620 920 686 Trever.
948 621 1114 705 sanguinis
1141 621 1295 689 effusione
1319 622 1475 689 violatam
1498 644 1549 689 re·

213 725 409 791 conciliavit.

364 831 504 888 Kohleaa.
523 830 612 888 Arcto.
632 849 694 900 rea.
714 833 903 889 Documenta
925 831 1061 902 &pauli
1084 834 1200 891 Thesea.
1220 837 1239 888 t.
1259 835 1308 891 IV
1321 851 1372 905 pp.
1391 837 1456 891 221.

318 1111 438 1179 aras.
462 1114 550 1178 1333
573 1112 650 1179 Just
676 1115 726 1179 14.
756 1114 948 1200 (nsum.)

319 1252 491 1337 [lohannes
514 1254 626 1339 XXII]
663 1255 804 1322 Geraldo
835 1255 876 1321 de
900 1257 1045 1323 Bisturre
1075 1256 1198 1324 decano
1222 1256 1469 1343 Andegavensis
1494 1280 1546 1326 ca-
1663 1323 1667 1329 .

211 1359 340 1444 pellano
366 1367 485 1428 nostro.

319 1467 473 1554 Receptia
496 1468 635 1553 benigne
658 1471 721 1535 tuis
745 1469 861 1536 litteris
882 1478 916 1536 et
939 1471 1099 1538 contentis
1115 1473 1147 1536 in
1163 1473 1210 1538 eis
1233 1472 1359 1557 plenius
1382 1472 1545 1557 intelletis,

211 1573 367 1657 volumus,
392 1574 477 1658 quod
501 1575 564 1643 nisi
587 1579 720 1643 nuncii.
740 1627 747 1642 .
766 1579 975 1644 Trevcrcnsis
999 1579 1245 1665 archiepiscopi,
1271 1599 1402 1662 quorum
1425 1588 1546 1665 presto

211 1681 329 1747 labaris
354 1681 540 1766 adventum,
564 1685 626 1748 iam
652 1686 798 1750 venerint
822 1685 872 1750 vel
898 1704 1010 1771 speres
1033 1707 1089 1753 eos
1113 1686 1314 1752 inialibiliter
1338 1693 1490 1754 venturos
1513 1689 1546 1754 in

211 1789 368 1874 proximo,
391 1789 523 1856 studeas
546 1791 703 1875 evestigio
728 1791 770 1857 ad
794 1800 934 1858 nostram
959 1795 1152 1878 presentiam
1177 1801 1210 1859 te
1233 1795 1389 1860 conferre.
1421 1797 1495 1860 Dat.
1512 1795 1544 1860 ll

212 1895 284 1962 idus
308 1897 377 1963 iulii
400 1919 430 1963 a.
456 1897 730 1984 decimoseptimo.

360 2013 431 2084 Rep.
451 2013 504 2067 117
521 2013 545 2082 f.
565 2013 632 2068 1261
651 2030 700 2070 rur.
719 2014 791 2080 649,-
812 2016 863 2071 aa.
883 2016 965 2071 1616.

315 2302 436 2370 arra.
468 2306 556 2369 maa
578 2304 655 2372 usur
680 2303 912 2393 ra-nuquu
931 2307 983 2372 12.

422 2445 522 2512 XIIII
546 2447 665 2515 mensis
683 2445 757 2533 juli.

315 2553 433 2620 Forma
456 2553 683 2640 appellationis
707 2553 835 2621 domine
858 2556 1076 2624 Treverensis.

315 2661 352 2727 In
375 2662 502 2727 nomine
532 2663 633 2747 patris
663 2669 696 2728 ot
725 2662 780 2727 tilii
810 2671 843 2729 et
870 2665 1002 2749 spiritns
1025 2664 1129 2731 sancti
1153 2685 1271 2731 amen...
1303 2667 1396 2731 Anno
1419 2686 1440 2731 a
1462 2666 1542 2732 nati·

208 2768 309 2834 vitate
333 2768 453 2835 domini
477 2769 643 2836 millesimo
669 2769 761 2836 CCC.
773 2770 871 2835 XXX
895 2772 996 2838 tercio
1019 2772 1132 2838 indict.
1156 2780 1219 2840 eto.
1244 2773 1276 2838 in
1301 2773 1358 2839 tali
1384 2773 1454 2839 loeo
1478 2788 1540 2840 etc.

207 2873 257 2939 Ibi
281 2873 579 2942 Reverendissimus
608 2883 701 2962 pater
729 2883 762 2942 et
791 2877 949 2961 dominus,
978 2877 1125 2945 dominus
1154 2880 1191 2943 B.
1221 2878 1273 2944 dei
1304 2883 1416 2963 gracia
1439 2880 1542 2946 archi-

207 2982 377 3068 episcopus
401 2983 609 3050 Treverensis
639 2990 672 3049 et
700 2992 811 3050 sancte
843 2985 1096 3069 Magantinensis
1123 2985 1211 3052 sedis
1243 3006 1283 3052 ac
1305 2987 1466 3072 Spirensis
1490 3006 1540 3053 ec·

206 3089 304 3154 clesie
337 3089 493 3176 provisor.
541 3090 584 3156 Et
617 3090 699 3156 talos
733 3091 880 3157 canonici
913 3092 1016 3177 ipsius
1039 3093 1294 3175 Magantinensis
1324 3093 1463 3159 ecclesie
1487 3067 1556 3159 ta?

79 3221 83 3228 ·
206 3197 329 3263 cientes
353 3196 526 3282 capitulum
551 3217 660 3262 eorum
684 3204 717 3263 et
741 3197 894 3280 cuiusque
918 3218 1026 3264 eornm
1051 3200 1177 3265 nomine
1201 3219 1241 3265 ac
1264 3199 1393 3265 nomine
1416 3207 1449 3266 et
1467 3200 1540 3266 vice

206 3304 340 3389 capituli
372 3310 405 3370 et
437 3305 573 3370 ecclesie
605 3303 750 3390 predicte
775 3312 807 3371 et
830 3307 935 3371 tocius
963 3306 1040 3372 cleri
1071 3312 1104 3372 et
1133 3307 1243 3392 populi
1272 3305 1376 3372 eidem
1405 3307 1540 3392 Magnu-

204 3413 320 3478 tinensi
345 3411 480 3478 ecclesie
504 3411 651 3478 subiecti.
698 3412 869 3478 Constituti
894 3412 927 3479 in
955 3413 1119 3499 presentia
1141 3413 1418 3499 infrascriptarum
1442 3434 1540 3480 vene·

204 3518 351 3584 rabilium
375 3525 408 3585 et
431 3520 665 3585 autenticarum
695 3539 901 3605 personarum
930 3519 1089 3587 dederunt
1121 3527 1316 3606 perexerunt
1340 3528 1372 3586 et
1397 3521 1539 3606 publica·

206 3633 319 3692 verunt
343 3632 376 3693 et
399 3627 529 3712 publice
561 3627 627 3711 legi
660 3625 810 3693 fecerunt
834 3635 866 3693 et
889 3626 971 3693 dant
993 3629 1145 3713 porigunt
1167 3635 1356 3711 presentant
1379 3636 1412 3693 et
1435 3629 1539 3714 publi·

205 3739 280 3798 cant
313 3732 554 3819 infrascriptum
591 3732 732 3800 libellum
763 3736 795 3799 in
824 3734 954 3820 seriptis
982 3742 1015 3801 et
1043 3734 1193 3802 dixerunt
1217 3735 1386 3820 protestati
1412 3735 1539 3801 fuerunt

204 3841 350 3907 fecerunt
373 3846 631 3928 provocaverunt
654 3843 899 3929 appellaverunt
922 3844 956 3908 in
980 3844 1127 3909 omnibns
1149 3849 1182 3910 et
1210 3863 1268 3928 per
1292 3841 1409 3926 omnia,
1444 3850 1539 3929 prout

204 3948 330 4033 inipso
354 3948 464 4015 libello
488 3950 677 4016 continetur.
725 3950 822 4016 Cuius
847 3950 947 4016 libelli
972 3957 1064 4016 tenor
1087 3951 1162 4017 talis
1184 3957 1248 4016 est:

310 4056 476 4124 Universis
491 4055 685 4142 patnarchis
701 4056 954 4143 archiepiscopis
967 4064 999 4124 et
1012 4059 1182 4145 episcopis,
1195 4057 1368 4124 abbatibus
1379 4057 1539 4144 prioribus

205 4163 377 4249 prepositis
410 4163 542 4230 decanis
575 4163 812 4230 archidiaconis
845 4164 1123 4250 archipresbiteris
1156 4171 1188 4230 et
1222 4165 1296 4231 aliis
1329 4165 1537 4231 ecclesiarum

203 4269 337 4355 prelatis
368 4290 491 4336 necnon
526 4270 642 4336 ceteris
675 4270 938 4338 christifidelibus
973 4279 1038 4336 tam
1069 4271 1302 4340 ecciesiasticis
1332 4291 1426 4354 quarn
1450 4292 1538 4339 secu·

202 4376 332 4443 laribus.
378 4377 446 4445 Nos
478 4377 515 4444 Β.
549 4376 810 4463 archiepiscopus
843 4379 1054 4445 'treverensis
1086 4387 1119 4444 et
1151 4385 1261 4446 sancte
1284 4379 1538 4463 Magantinensis

203 4483 340 4550 ecclesie
356 4486 503 4570 provisor
519 4505 558 4550 ac
575 4484 657 4550 talos
785 4485 931 4551 canonici
949 4485 1204 4569 Magantinensis
1219 4485 1357 4552 ecclesie
1372 4487 1489 4552 nostris
1505 4494 1538 4552 et

203 4593 356 4676 cuiusque
384 4600 524 4657 nostrum
555 4590 738 4659 nominibus
767 4613 806 4658 ae
836 4593 934 4658 etiam
962 4594 1090 4658 nomine
1118 4597 1151 4659 et
1177 4594 1249 4658 vice
1273 4593 1407 4680 capituli
1437 4595 1538 4678 ipsius

202 4700 340 4766 ecclesie
363 4707 395 4765 et
419 4701 516 4764 totius
541 4698 618 4765 cleri
642 4706 674 4766 et
698 4699 807 4784 populi
839 4698 943 4765 eidem
967 4699 1205 4782 Magantinensi
1234 4700 1370 4766 eoeleste
1399 4700 1535 4766 subiecti

201 4815 234 4874 et
258 4807 396 4873 omnium
429 4808 521 4874 nobis
554 4806 776 4874 adherentIum
810 4829 849 4873 ac
882 4806 1040 4872 adherere
1074 4806 1245 4872 volentium
1278 4807 1310 4872 in
1343 4806 1404 4873 hac
1431 4816 1536 4898 parte,
