3642 5509
759 432 827 488 1335
847 432 977 489 October
998 435 1038 490 16.
1145 496 1150 504 .
1503 437 1557 494 493

221 613 335 696 punias
358 613 449 677 iuxta
473 613 645 679 canonicas
669 615 851 680 sanctiones
876 665 882 679 .
904 663 938 679 ..
996 614 1068 680 Dat.
1092 636 1143 700 ap.
1162 616 1295 680 Pontem
1320 616 1435 702 Sorgie
1458 620 1553 684 Avin.

223 718 305 785 dioc.
330 721 397 785 IIII
421 719 493 786 idus
516 721 707 806 septembris
732 743 759 786 a.
786 721 898 807 primo.

382 845 454 915 Rep.
475 844 529 898 119
548 861 595 898 nr.
616 846 684 910 744,·
706 845 757 900 ez.
779 847 861 900 1753.

327 1110 474 1178 *2243
508 1114 594 1178 1335
622 1113 762 1178 October
787 1115 838 1176 16.
870 1110 1036 1198 Aoipnon.

327 1255 521 1322 Benedictus
545 1257 611 1321 XII
635 1256 816 1342 petentibus
847 1257 1022 1322 abbatiova
1056 1263 1089 1322 et
1121 1264 1279 1322 conventu
1304 1259 1489 1324 monasterii
1513 1259 1554 1325 de

221 1362 378 1429 Porcheto
396 1363 520 1430 (listeri.
539 1363 606 1428 ord.
625 1363 734 1431 colon.
751 1363 835 1429 dioc.
854 1363 1021 1430 confirmat
1039 1383 1149 1430 omnes
1165 1365 1331 1431 libertates
1355 1374 1388 1431 et
1410 1367 1554 1431 immuni-

220 1478 304 1536 tates
328 1492 347 1534 a
371 1471 574 1556 pontificibus
594 1471 748 1537 Romanis
771 1473 966 1537 monasterio
991 1492 1160 1537 concessas
1183 1493 1307 1538 necnon
1331 1474 1497 1539 libertates
1521 1480 1554 1539 et

220 1579 438 1662 exemptiones
462 1578 650 1644 secularium
686 1579 888 1643 exactionum
919 1578 1093 1662 aregibus
1125 1585 1158 1643 et
1186 1580 1384 1664 principibus
1415 1589 1448 1645 et
1481 1582 1553 1647 aliis

221 1685 323 1750 eidem
348 1687 540 1750 monasterio
564 1685 716 1752 indultas

326 1793 404 1858 (lum
421 1813 440 1856 a
457 1793 549 1858 nobis
564 1793 701 1878 petitur.
717 1841 725 1856 .
741 1841 748 1857 .
762 1793 836 1858 Dat.
849 1793 1046 1859 Avin.XVII
1058 1793 1103 1857 kl.
1116 1795 1300 1860 novembris
1315 1816 1346 1880 p.
1356 1815 1424 1860 ma.
1436 1797 1549 1879 primo.

380 1916 429 1971 Or.
443 1917 566 1972 membr.
587 1933 656 1970 cum
674 1917 799 1984 plumbo
816 1918 975 1986 pendente.
1006 1917 1069 1972 Sub
1084 1919 1171 1988 plica
1190 1919 1232 1973 ad
1250 1917 1386 1973 sinistre
1405 1901 1550 1974 Lssv'eru’l.

379 2009 416 2062 In
432 2007 520 2079 plica
539 2009 580 2064 ad
594 2009 709 2062 demta:
728 2009 761 2062 P.
782 2008 820 2063 de
839 2006 988 2064 Sclavert.
1025 2009 1064 2062 Ia
1083 2008 1191 2064 dorso:
1209 2008 1358 2062 Iohannes
1379 2008 1417 2062 de
1436 2008 1550 2064 Cubico

378 2100 405 2153 el
424 2098 457 2152 R.
472 2099 542 2153 bull.
557 2097 590 2152 R.
605 2098 643 2153 de
656 2098 773 2154 Nussia.
785 2127 817 2138 -
834 2098 1030 2169 Dttsseldorf.
1047 2098 1136 2154 Arcti.
1146 2114 1208 2170 rep.
1228 2096 1414 2153 Burtscbeid
1425 2114 1473 2152 nr.
1487 2098 1552 2153 149.

324 2383 470 2455 *2244
497 2390 583 2454 1335
608 2388 749 2454 October
769 2389 822 2452 24.
847 2386 1014 2474 Aoipnon.

325 2529 521 2596 Benedictus
544 2531 611 2595 XII
636 2531 759 2597 decano
783 2531 922 2598 ecclesie
945 2531 1140 2597 Xanctensis
1163 2529 1274 2596 Coton.
1299 2530 1382 2597 dioc.
1407 2531 1549 2613 mandat,

218 2639 367 2720 quatinus
391 2657 439 2719 ca,
474 2623 539 2721 qne
571 2638 610 2702 de
644 2639 736 2704 bonis
768 2639 951 2705 monasterii
977 2638 1164 2723 (lampensis
1188 2638 1320 2704 Cisterc.
1345 2639 1413 2704 ord.
1438 2639 1547 2706 Golon.

216 2744 299 2810 dioc.
325 2746 465 2810 aIIenata
498 2747 655 2810 invenerit
687 2745 799 2810 illicite
823 2745 874 2810 vel
907 2745 1074 2827 distracta,
1108 2745 1150 2810 ad
1181 2747 1230 2810 ius
1262 2752 1295 2811 et
1319 2747 1546 2832 proprietatem

216 2851 358 2917 eiusdem
384 2852 527 2936 legitime
551 2871 703 2917 revocare
727 2859 885 2938 procuret.

323 2959 520 3024 Dilectorum
541 2959 673 3024 tiliorum
694 3008 700 3023 .
719 3008 727 3023 .
744 2959 873 3024 abbatis
890 3009 897 3023 .
917 3007 924 3023 .
943 3007 951 3023 .
987 2959 1062 3024 Dat.
1079 2959 1172 3024 Avin.
1191 2960 1286 3025 VIIII
1303 2960 1348 3024 kl.
1365 2961 1548 3026 novembris

215 3088 246 3153 p.
269 3089 299 3132 n.
326 3088 355 3132 a.
382 3067 493 3153 primo.

366 3191 415 3246 Or.
435 3191 558 3246 membr.
578 3207 648 3246 cum
666 3190 790 3258 plumbo
812 3191 868 3244 del.
900 3189 964 3246 Sub
979 3189 1067 3260 plica
1086 3191 1128 3246 ad
1146 3189 1264 3246 sinistr.
1283 3190 1370 3247 nibil.
1407 3192 1446 3246 In
1459 3191 1547 3262 plica

375 3301 417 3354 ad
436 3301 551 3354 demta:
570 3298 602 3352 B.
623 3299 785 3369 Testagay.
823 3299 860 3352 In
880 3300 989 3354 dorso.-
1007 3299 1165 3369 Iteynerus
1185 3299 1409 3356 camussia-
1422 3302 1545 3356 Dttsoel·

375 3407 456 3478 dorf.
479 3407 566 3463 Areb.
585 3422 647 3477 rep.
667 3404 753 3461 Abtei
775 3405 869 3474 (lamp
888 3423 937 3460 nr.
956 3408 1018 3462 421.
1173 3371 1208 3428 G·

320 3704 448 3774 2245.
477 3707 563 3772 1335
587 3706 774 3771 November
796 3707 828 3770 6.
853 3703 1018 3793 Aoipnon.

319 3856 513 3924 Benedictus
546 3857 612 3922 XII
645 3857 844 3922 thesaurario
879 3857 1015 3922 ecclesie
1047 3856 1287 3924 MeschedensIs
1319 3857 1429 3923 Oolon.
1460 3857 1543 3924 dioc.

211 3965 353 4049 mandat,
388 3966 537 4049 quatinus
569 3964 766 4050 prepositum
802 3971 834 4030 et
868 3973 1058 4031 conventum
1092 3966 1277 4031 monasterii
1301 3965 1485 4032 monialium
1509 3967 1543 4032 S.

210 4073 396 4156 Walburgis
419 4074 510 4138 iuxta
539 4091 645 4138 muros
669 4072 864 4138 Susatiensis
889 4070 958 4137 ord.
983 4073 1017 4138 S.
1041 4073 1188 4156 August,
1223 4073 1337 4156 quibus
1361 4093 1447 4158 papa
1480 4074 1542 4138 iam

210 4188 306 4246 antea
329 4188 529 4267 preceperat,
565 4188 600 4245 ut
631 4179 820 4264 Walbnrgin
845 4187 954 4245 natam
987 4179 1126 4246 Folmari
1157 4180 1262 4265 Epinc
1284 4180 1415 4267 opidani
1448 4181 1544 4247 Susa-

211 4289 326 4353 ciensis
350 4287 489 4373 puellam
513 4287 687 4353 litteratam
706 4289 887 4372 reciperent
903 4286 1043 4354 insnum
1060 4288 1286 4353 monasterium
1303 4288 1336 4353 in
1352 4287 1543 4355 monacham

210 4401 242 4460 et
265 4415 414 4478 sororem,
439 4401 567 4461 moneat
590 4401 622 4459 et
644 4393 787 4476 inducat,
812 4400 847 4459 ut
871 4394 1006 4460 eandem
1031 4395 1199 4480 recipiant.

317 4502 396 4568 (lum
420 4503 495 4568 olim
519 4501 636 4568 dilecto
662 4551 669 4568 .
695 4552 703 4567 .
729 4551 736 4563 .
783 4503 858 4568 Dat.
882 4502 978 4569 Avin.
996 4502 1076 4568 VIII
1099 4501 1172 4569 idus
1195 4503 1376 4570 novembris
1399 4525 1430 4589 p.
1455 4525 1487 4569 n.
1512 4526 1541 4571 a.

209 4631 321 4697 pnmo.

370 4735 482 4805 Apopr.
496 4732 530 4788 in
543 4733 656 4789 Cartul.
669 4733 851 4790 monosterii
870 4732 1045 4804 cuprbdicti
1063 4733 1178 4804 scripto
1196 4751 1272 4790 saec.
1284 4735 1395 4792 XVIII
1410 4733 1541 4794 ineunte.

370 4855 402 4866 -
427 4825 574 4880 Mtlnsler.
595 4825 682 4881 Arcti.
702 4840 763 4896 rep.
784 4825 842 4880 Me.
863 4825 886 4893 I,
907 4824 942 4879 A.
960 4825 1018 4880 219
1035 4825 1090 4897 fol.
1109 4827 1162 4880 41¹.
