3642 5509
742 476 810 531 1327
828 474 1006 546 September
1028 476 1068 531 13.

341 739 467 805 128⁰.
494 743 580 805 1327
606 740 799 826 September
824 742 875 805 13.
914 738 1076 827 Aoipreorr.

340 882 500 949 Iohannes
525 883 624 948 XXII
656 882 799 947 Arnoldo
829 882 871 948 dc
894 883 1073 969 Huonephe
1102 884 1225 950 confert
1254 886 1333 951 eccl.
1363 886 1396 951 S.
1421 885 1566 952 Severini

235 990 345 1055 Gelon.
370 991 604 1072 canonicatum,
629 987 824 1075 prebendam
843 1009 919 1055 vero
936 1011 976 1056 ac
991 999 1197 1075 augmentum
1214 992 1386 1077 prebende,
1411 993 1566 1059 ferculum

234 1098 266 1161 in
289 1096 403 1162 eadem
427 1096 506 1162 eccl.
532 1098 741 1163 communiter
764 1104 991 1183 nuncupatum,
1015 1098 1120 1165 eidem
1145 1106 1297 1166 reservat.

341 1203 505 1270 Attributa
538 1204 595 1269 tibi
630 1204 744 1269 merita
773 1253 781 1269 .
810 1253 818 1268 .
848 1254 855 1269 .
904 1206 978 1270 Dat.
1004 1204 1097 1271 Avin.
1126 1206 1199 1273 idus
1222 1209 1413 1292 septembris
1437 1230 1466 1275 a.
1491 1209 1566 1273 duo-

235 1310 371 1376 decImo.

340 1420 378 1484 In
402 1440 431 1485 e.
457 1441 498 1484 m.
532 1420 643 1486 abbati
666 1420 853 1486 monasterii
884 1421 918 1486 S.
946 1421 1074 1486 Martini
1099 1430 1130 1487 et
1154 1421 1317 1507 preposito
1340 1424 1373 1490 S.
1400 1422 1500 1489 Maria
1523 1421 1565 1488 ad

234 1525 355 1609 gradus
378 1526 489 1593 Colon.
513 1526 805 1594 coarchidiacono
830 1528 1045 1595 Nannctensis
1070 1528 1288 1595 ecclesiarum.

393 1652 467 1722 Rep.
486 1654 523 1706 86
539 1650 565 1720 f.
582 1652 647 1706 314¹
666 1666 713 1705 ur.
733 1652 801 1706 882.

340 1910 454 1977 1281.
488 1913 574 1976 1327
599 1912 792 1998 September
810 1914 863 1977 13.
893 1911 1058 1999 Aotpuoa.

341 2053 499 2119 Iohannes
520 2053 621 2118 XXII
655 2054 765 2120 abbati
789 2056 973 2120 monasterii
998 2053 1174 2120 Tuitiensis
1197 2054 1307 2120 Golon.
1332 2053 1417 2120 dioc.
1442 2062 1474 2120 et
1498 2074 1567 2140 pre-

235 2160 341 2245 posito
364 2160 397 2226 S.
422 2160 524 2226 Maria
547 2159 589 2226 ad
613 2159 733 2245 gradus
757 2161 867 2227 Golon.
899 2181 939 2226 ao
962 2162 1117 2245 magistro
1141 2161 1276 2228 Nicolao
1301 2161 1342 2226 de
1365 2162 1493 2229 Fractis
1516 2161 1567 2226 lit·

234 2274 372 2332 terarum
407 2268 656 2352 apostolicarum
692 2268 866 2334 correctori
900 2268 1055 2333 canonico
1080 2268 1283 2334 Patraccnsis
1316 2269 1394 2333 eccl.
1423 2267 1565 2351 mandat,

234 2375 382 2456 quatinus
415 2375 556 2441 Henrico
589 2374 630 2439 de
663 2374 867 2461 Oppinbeym
902 2376 1058 2441 canonico
1092 2375 1171 2441 eccl.
1205 2375 1237 2440 S.
1262 2374 1428 2440 (lunibcrti
1453 2375 1564 2441 (tolon.

236 2480 404 2546 conferant
426 2480 596 2548 ecclesiam
620 2481 654 2547 in
671 2481 756 2548 (lore
773 2481 883 2547 Colou.
908 2480 993 2547 dioc.
1020 2488 1198 2565 vacantem,
1224 2502 1286 2546 non
1310 2482 1458 2547 obstante
1479 2481 1565 2564 quod

235 2587 392 2653 Henricus
425 2590 456 2653 in
490 2587 580 2653 dicta
604 2589 683 2654 cccl.
707 2588 872 2655 cuniberti
896 2589 1119 2655 canonicatum
1144 2595 1177 2655 et
1200 2588 1397 2674 prebendam
1421 2588 1564 2669 obtinet3

235 2714 297 2777 que
320 2694 448 2778 quidem
472 2696 611 2762 ecclesia
633 2697 764 2761 vacavit
787 2704 821 2761 et
843 2704 941 2762 vacat
961 2716 1000 2761 ex
1017 2716 1065 2778 eo,
1091 2695 1176 2778 quod
1201 2695 1355 2762 Ernestus
1378 2694 1419 2762 de
1442 2696 1565 2780 Oithu·

234 2802 316 2867 bach
341 2803 417 2869 oIIm
440 2801 583 2869 eiusdem
607 2810 713 2869 rector
735 2804 826 2869 iuxta
849 2811 991 2870 tenorem
1016 2803 1250 2869 constitutionis
1269 2822 1366 2887 super
1381 2803 1565 2887 pluralitate

234 2907 426 2994 dignitatum
457 2918 683 2995 personatuum
717 2910 923 2975 ecclesiarum
958 2918 990 2976 et
1023 2910 1247 2976 beneficiorum
1276 2910 1563 2976 ecclesiasticorum

234 3014 353 3081 dudum
378 3019 419 3083 ab
444 3016 558 3083 eodem
581 3038 668 3104 papa
692 3017 778 3084 edite
802 3018 930 3083 omniuo
955 3016 1076 3085 dimisit
1100 3017 1245 3084 eandem.

337 3122 558 3209 Suffragantia
580 3124 701 3191 dilecto
724 3125 789 3190 filio
807 3173 814 3189 .
833 3174 866 3190 ..
906 3125 982 3190 Dat.
1009 3124 1103 3191 Avin.
1128 3123 1200 3189 idus
1223 3125 1414 3210 septembris
1437 3146 1466 3189 a.
1488 3123 1565 3190 duo-

233 3229 369 3296 decimo.

393 3356 464 3425 Rep.
484 3357 523 3409 85
541 3356 565 3425 f.
585 3358 640 3411 315
658 3372 707 3411 nr.
726 3359 790 3412 883.

340 3620 463 3689 1282.
503 3623 587 3687 1327
612 3621 806 3707 September
832 3623 884 3686 13.
911 3618 1079 3708 Aoipuou.

341 3761 501 3829 lohannes
525 3763 624 3827 XXII
659 3762 804 3829 (berardo
828 3763 870 3829 de
893 3762 1084 3829 Achiubach
1118 3764 1242 3831 confert
1275 3764 1353 3831 eccl.
1378 3764 1411 3829 S.
1437 3762 1565 3831 Andrea

234 3869 346 3937 Colon.
375 3870 609 3950 canonicatum,
645 3869 841 3955 prebendam
879 3892 958 3937 vero
994 3870 1098 3937 eidem
1134 3878 1287 3953 reservat,
1322 3892 1384 3937 non
1419 3872 1566 3937 obstante

233 3976 319 4060 quod
353 3980 586 4064 parrochialem
619 3981 788 4047 ecclesiam
822 3980 855 4045 in
879 3980 1084 4065 Marianberg
1107 3987 1141 4046 et
1162 3986 1352 4066 perpetuum
1376 3979 1564 4046 beneficium

233 4085 398 4152 culusdanr
422 4087 534 4153 altaris
557 4087 589 4152 in
615 4087 754 4153 ecclesia
777 4087 819 4153 de
835 4088 934 4172 Sigen
952 4087 1082 4153 Trever.
1109 4094 1141 4152 et
1157 4086 1299 4171 Magant.
1325 4087 1408 4153 dioc.
1431 4087 1564 4153 obtinet.

337 4194 503 4261 Attributa
535 4195 594 4260 tibi
626 4196 741 4259 merita
768 4244 774 4255 .
801 4244 808 4260 .
836 4243 843 4259 .
891 4195 966 4260 Dat.
992 4196 1086 4261 Avin.
1116 4194 1188 4260 idus
1215 4196 1406 4279 septembris
1435 4216 1464 4260 a.
1489 4193 1565 4259 duo·

233 4296 369 4365 decimo.

339 4409 377 4473 In
401 4430 428 4474 e.
453 4430 495 4474 m.
530 4409 641 4475 abbati
674 4408 859 4477 monasterii
883 4408 917 4475 S.
942 4409 1173 4475 Penthaleonis
1197 4410 1306 4476 Colou.
1340 4418 1373 4475 et
1402 4410 1565 4495 proposito

231 4514 265 4579 S.
291 4514 393 4581 biario
426 4514 469 4581 ad
501 4515 622 4600 gradus
645 4515 756 4581 Colon-
786 4536 826 4582 ac
856 4517 1010 4600 magistro
1033 4516 1166 4582 Nicolas
1194 4516 1235 4584 de
1259 4516 1386 4584 Fractis
1410 4517 1565 4582 canonico

232 4620 438 4688 Patraceusis
461 4623 540 4689 eccl.
565 4623 743 4688 litterarum
767 4622 1017 4708 apostolicarum
1044 4626 1225 4691 correctori.

384 4764 456 4835 Rep.
478 4765 516 4819 86
535 4766 559 4835 f.
580 4764 636 4819 198
652 4780 700 4820 nr.
718 4766 784 4819 556.
