3642 5509
793 435 861 490 1334
880 434 963 490 Mltru
981 434 1007 488 4.
1501 429 1555 484 tro

218 624 252 683 et
274 615 438 702 principes
468 617 613 700 aliosque
642 616 836 682 adherentes
865 613 985 681 eisdem
1010 613 1053 678 ad
1077 632 1190 698 pacem
1215 620 1247 677 et
1271 610 1552 677 concordiam...

218 722 380 791 iuducatis
398 774 405 790 .
424 773 458 789 ..
506 725 581 789 Dat.
607 724 702 789 huin.
727 723 772 788 kl.
797 723 903 788 martii
928 743 957 786 a.
983 720 1236 786 decimooctavo.

382 851 454 919 Rep.
477 849 529 903 117
548 847 574 917 f.
593 848 657 900 174¹
675 863 723 902 nr.
743 849 806 901 877.

324 1113 446 1179 alal.
472 1115 559 1178 1334
582 1114 680 1178 Mdrz
702 1113 734 1176 4.
764 1109 956 1197 (Auipnon.)

326 1255 485 1322 lohannes
506 1256 609 1320 XXII
639 1254 790 1320 Wilremo
817 1257 847 1334 (l)
876 1253 1121 1340 archiepiscopo
1149 1252 1332 1320 Coloniensi
1360 1253 1494 1318 nunciat
1520 1271 1555 1317 se

218 1363 343 1430 misisse
361 1363 529 1448 Hugonem
547 1364 801 1428 Tricastrensem
825 1367 858 1427 et
873 1360 1048 1428 Iohannem
1065 1361 1296 1426 Massiliensem
1320 1360 1490 1446 episcopos
1513 1356 1554 1423 ad

219 1469 393 1536 sedandam
422 1491 571 1555 guerram
603 1469 687 1535 inter
715 1469 866 1535 scabinos
889 1476 923 1534 et
946 1469 1205 1534 communitatem
1229 1467 1306 1532 ville
1328 1466 1557 1533 Machlinensis

220 1577 461 1643 Cameracensis
485 1575 623 1642 diocesIs
647 1578 778 1660 eiusque
803 1575 944 1642 fautores
968 1595 1010 1640 ex
1031 1595 1096 1640 una
1118 1581 1212 1661 parte
1235 1581 1268 1640 et
1284 1573 1466 1658 Adolphum
1490 1573 1556 1659 epi·

218 1705 349 1770 scopum
383 1683 594 1750 Leodiensem
629 1703 668 1749 ac
702 1684 903 1749 Ludovicnm
940 1683 1089 1748 comitem
1123 1681 1352 1747 flandrensem
1384 1698 1556 1763 eorumque

218 1793 361 1858 fautores
384 1791 529 1858 exaltera
545 1797 647 1876 parte,
673 1811 734 1875 que
751 1789 880 1874 quidem
904 1810 1023 1874 guerra
1048 1795 1157 1874 preter
1179 1791 1244 1855 alia
1267 1787 1469 1856 incommoda
1493 1808 1556 1854 non

219 1897 379 1966 modicum
412 1904 535 1984 prestet
568 1898 831 1984 impedimentum
867 1898 1018 1983 passagio
1047 1898 1149 1962 Terre
1173 1895 1292 1962 Sancte
1321 1897 1363 1963 ab
1392 1897 1461 1982 ipso
1492 1896 1556 1961 iam

219 2005 352 2088 indicto,
386 2025 521 2088 eumque
555 2005 710 2088 hortatur,
745 2011 779 2070 at
812 2005 945 2072 assistat
972 2003 1097 2069 nunciis
1128 2004 1160 2068 in
1190 2023 1299 2068 eorum
1326 2003 1457 2087 negotio
1486 2023 1556 2088 per·

220 2111 367 2178 ficiendo.

324 2220 397 2286 Non
422 2219 491 2286 sine
515 2219 621 2287 cordis
645 2218 859 2286 amaritudine
884 2270 891 2285 .
918 2271 925 2284 .
952 2269 959 2284 .
1007 2219 1082 2284 Dat.
1106 2219 1157 2283 llI
1181 2237 1282 2284 nouas
1306 2217 1419 2283 marcii
1442 2239 1472 2282 a.
1500 2216 1555 2283 de·

220 2328 431 2394 cimooctavo.

327 2436 363 2500 In
387 2455 415 2502 e.
440 2457 481 2500 m.
514 2434 648 2501 Iohanni
672 2437 742 2520 regi
766 2433 910 2518 Boemie,
935 2432 1105 2518 lteynoldo
1130 2433 1240 2499 comiti
1265 2431 1442 2515 Guelrensi,
1468 2431 1555 2498 Guil-

222 2541 321 2608 lermo
345 2543 455 2608 comiti
471 2543 628 2618 Hancnie‚
651 2542 811 2608 Willelmo
835 2542 944 2607 comiti
961 2541 1144 2623 iuliacensi,
1168 2539 1329 2605 Willelmo
1353 2539 1463 2604 comiti
1480 2539 1557 2605 Los-

220 2649 315 2732 seusi,
340 2648 491 2734 Adolpho
517 2650 625 2714 comiti
650 2647 690 2714 de
707 2648 864 2730 Maronia,
889 2647 1036 2715 Eduardi
1061 2648 1169 2714 comiti
1192 2646 1323 2713 Barensi
1348 2645 1556 2731 pluribusque

220 2756 292 2821 aliis
309 2805 317 2820 .
332 2803 361 2824 .‚

378 2881 450 2950 Rep.
470 2879 564 2951 rrsf.
585 2879 642 2935 206
659 2896 708 2935 nr.
729 2881 821 2948 1045,·
841 2880 893 2935 Re.
913 2879 996 2934 1642.

331 3144 452 3210 2192.
479 3146 567 3209 1334
588 3143 689 3210 Mdrz
715 3147 766 3210 17.
786 3141 952 3231 Avipnon.

325 3289 494 3353 Iohannes
519 3289 629 3352 XXII
657 3287 947 3373 archiepiscopum
975 3286 1205 3355 Coloniensem
1238 3288 1371 3372 eiusque
1403 3287 1556 3372 consede·

221 3401 314 3459 ratos
338 3416 381 3458 en
404 3416 474 3460 aaa
499 3403 600 3480 porte
625 3399 656 3460 et
680 3395 865 3460 Iohannem
888 3396 1006 3460 dacem
1029 3395 1217 3460 Brabantie
1245 3395 1379 3479 eiusque
1402 3393 1556 3472 confede-

220 3506 314 3566 rotos
342 3523 385 3567 ecc
413 3503 525 3568 altero
557 3502 770 3585 dissidentes,
804 3508 841 3567 nt
870 3523 892 3566 a
922 3503 1049 3568 bellicis
1078 3503 1307 3589 conpreseibns
1328 3521 1475 3586 prorsas
1502 3501 1556 3565 ab·

218 3609 374 3674 stineant.

327 3731 500 3817 [Iohannes
524 3733 639 3818 XXII]
664 3733 716 3799 Ad
741 3734 881 3800 futuram
906 3736 952 3800 rei
975 3736 1170 3800 memoriam.

330 3841 548 3927 DIsplicenter
572 3841 666 3907 nimis
689 3841 807 3908 infesta
829 3842 1030 3926 molestaque
1052 3841 1220 3907 multorum
1245 3843 1360 3908 relati0
1384 3848 1449 3906 tam
1474 3841 1555 3906 litte·

222 3949 299 4014 ralis
324 3970 418 4032 quarn
435 3949 574 4014 verbalis
595 3947 636 4014 ad
660 3956 802 4014 nostrum
826 3949 1027 4033 fratrumque
1050 3956 1227 4015 nostrornm
1245 3948 1381 4014 deduxit
1401 3948 1556 4032 auditum,

224 4053 308 4138 quod
335 4054 437 4122 hostis
468 4055 596 4120 hnmani
624 4057 751 4140 generis
779 4057 871 4142 pacis
899 4057 1076 4142 impacIens
1100 4063 1133 4121 et
1156 4056 1278 4122 emulus
1305 4057 1451 4122 caritatis
1473 4057 1556 4121 inter

221 4163 423 4228 venerabiles
459 4164 575 4228 tratres
602 4161 947 4250 ..archiepiscopum
986 4163 1207 4229 coloniensem
1237 4184 1335 4228 ac..
1370 4165 1554 4248 episcopum

221 4268 433 4335 Leodiensem
459 4278 491 4336 et
589 4272 739 4336 loannem
765 4289 873 4356 regem
899 4271 1030 4337 Boemie
1053 4271 1207 4336 illustrem
1232 4278 1330 4339 et...
1356 4270 1555 4336 Ludoricum

222 4375 375 4442 Flandrie
390 4426 419 4440 ..
446 4377 617 4443 Hannonis
632 4427 660 4442 ..
685 4379 892 4444 Guelrensem
908 4427 915 4442 .
930 4429 937 4444 .
952 4378 1143 4446 Losseusem
1159 4428 1166 4443 .
1182 4428 1189 4444 .
1208 4379 1454 4446 Namnrsensem
1471 4386 1503 4444 et
1520 4429 1527 4442 .
1546 4429 1554 4444 .

222 4484 433 4550 luliaccnsem
471 4487 604 4550 comites
637 4506 676 4552 ac
710 4485 883 4552 Iohannem
920 4485 962 4552 dc
996 4488 1166 4552 Hannonis
1199 4507 1372 4570 eorumque
1405 4487 1556 4552 salitores

220 4591 302 4656 allos
321 4611 360 4655 ex
378 4599 470 4676 parte
487 4612 550 4657 una
574 4599 606 4658 et
624 4643 631 4657 .
650 4641 657 4656 .
676 4641 683 4656 .
699 4592 875 4659 Iohannem
900 4593 1015 4660 ducem
1040 4595 1219 4660 Brahancie
1243 4613 1382 4676 suosque
1404 4596 1555 4660 salitores

221 4706 253 4762 ct
277 4718 433 4780 sequaces
458 4719 496 4763 ex
521 4698 624 4764 altera
648 4701 694 4765 sic
717 4699 927 4767 disseminare
950 4700 1131 4767 discordias
1153 4700 1275 4767 studuit
1299 4750 1358 4765 ...
1388 4701 1484 4785 quod,
1521 4710 1555 4765 nt

221 4806 399 4891 promptius
424 4826 462 4871 ac
492 4807 655 4892 potentius
682 4827 758 4892 pars
786 4827 850 4873 una
877 4807 919 4872 ad
949 4807 1082 4874 alterius
1111 4808 1210 4874 totale
1234 4807 1456 4873 exterminium
1480 4829 1553 4894 pro-
