3642 5509
831 387 901 444 1332
920 387 993 444 Iuni
1012 388 1055 444 16.

372 623 487 690 2121.
514 628 600 690 1332
624 628 711 693 Jaui
736 629 787 692 16.
822 625 1016 713 (deipnos.)

373 770 533 836 Iohannes
556 770 655 835 XXII
690 772 831 836 Henrieo
856 770 897 835 de
922 771 1043 835 luliaco
1073 771 1237 856 preposito
1267 770 1345 836 eccl.
1370 769 1407 833 B.
1431 769 1532 834 Marie
1556 765 1598 832 ad

266 876 386 960 gradus
403 878 513 943 Colon.
531 878 689 961 indulget,
713 885 749 943 ut
772 877 859 964 apud
883 878 992 944 sedem
1017 880 1227 963 apostolicam
1251 900 1371 943 moram
1397 877 1527 942 trahens
1543 886 1599 942 aut

265 1005 349 1068 pape
374 986 536 1068 obsequiis
559 987 708 1051 insistens
732 1007 788 1051 seu
812 985 991 1070 disciplinis
1015 987 1196 1053 scolasticis
1219 987 1251 1050 in
1274 987 1356 1068 loco,
1380 987 1435 1051 ubi
1457 984 1597 1052 studium

263 1092 374 1174 vigeat
397 1093 557 1175 generale,
588 1093 761 1158 immorans
785 1095 835 1157 rel
859 1095 891 1157 in
917 1094 1018 1158 altero
1044 1093 1268 1160 beneficiorum
1292 1112 1421 1159 suorum
1445 1093 1597 1158 ecclesia-

263 1200 425 1282 sticorum,
450 1220 510 1282 que
536 1221 619 1266 nunc
643 1201 766 1267 obtinet
788 1201 839 1267 vel
863 1203 1071 1286 imposterum
1096 1201 1265 1283 obtinebit,
1290 1202 1432 1267 etiamsi
1456 1201 1598 1285 dignitas

264 1313 319 1370 aut
343 1314 533 1392 personatus
552 1307 604 1373 vel
629 1308 735 1374 officia
759 1311 900 1374 existant
918 1315 950 1374 et
968 1330 1076 1375 euram
1100 1308 1241 1375 habeant
1265 1309 1452 1392 animarum,
1478 1309 1598 1376 fructus

264 1414 437 1480 eorundem
469 1415 695 1481 beneficiorum
730 1417 873 1502 integre,
915 1415 1086 1482 cotidianis
1120 1415 1398 1483 distributionibus
1431 1415 1599 1483 dumtaxat

265 1523 419 1607 exceptis,
444 1523 611 1605 usquead
635 1525 805 1589 triennium
829 1525 997 1611 percipere
1021 1524 1139 1590 valcat.

372 1631 473 1695 Grata
501 1630 732 1697 familiaritatis
761 1633 915 1716 obsequia
945 1681 951 1697 .
982 1682 989 1698 .
1019 1681 1027 1698 .
1074 1632 1150 1698 Dat.
1175 1633 1254 1697 XVI
1277 1631 1323 1698 kl.
1347 1631 1416 1698 iulii
1438 1653 1468 1698 a.
1493 1639 1598 1698 sexto-

265 1735 400 1804 decimo.

413 1863 485 1935 Rep.
505 1864 560 1916 116
576 1863 601 1936 f.
621 1863 687 1920 210¹
705 1866 857 1921 nr.1058.

370 2215 491 2281 2122.
519 2219 604 2281 1332
628 2219 715 2284 Jcai
740 2220 791 2282 16.
821 2216 986 2304 Aoipaoa.

371 2360 539 2426 ‚lebannes
567 2362 677 2425 XXII
711 2363 895 2426 Hearicam
928 2363 969 2426 dc
1003 2361 1116 2426 Vleric
1149 2362 1305 2426 debilitat
1338 2363 1430 2446 eique
1463 2360 1599 2445 fractus

265 2468 497 2554 beneficiorum
520 2469 644 2534 iniuste
666 2478 841 2554 perceptos
864 2470 978 2552 deaut.

371 2610 542 2694 [Iohannes
556 2611 666 2696 XXII]
690 2612 830 2678 Henrieo
847 2612 888 2678 de
901 2612 1008 2678 Vleric
1024 2614 1180 2677 canonico
1197 2611 1276 2677 cccl.
1290 2609 1321 2675 S.
1339 2608 1467 2676 Andree
1484 2610 1594 2676 Gelon.

372 2719 516 2784 Attentis
539 2721 691 2784 virtutum
715 2719 838 2786 meritis
864 2769 922 2784 ...
959 2719 1112 2786 Exhibite
1136 2719 1293 2803 siquidem
1317 2719 1410 2784 nobis
1433 2717 1597 2803 petitionis

265 2832 319 2890 tuc
342 2825 442 2892 series
466 2827 659 2902 continebat,
685 2828 770 2911 quod
795 2827 869 2892 olim
894 2829 984 2892 tuin
1009 2827 1042 2893 S.
1069 2825 1197 2892 Andree
1222 2825 1333 2893 Gelon.
1359 2833 1391 2892 et
1408 2822 1596 2891 Assindensi

265 2931 376 2998 Oolon.
400 2933 485 2999 diue.
511 2918 657 3000 ccelesiis
685 2936 893 3000 canonicatus
918 2940 950 3000 et
974 2933 1154 3021 prebendas
1179 2935 1333 2999 canonice
1358 2933 1504 2998 obtinens
1527 2951 1598 3015 par·

263 3040 437 3105 rochialem
463 3042 632 3107 ecclesiam
656 3043 688 3105 in
705 3043 800 3108 Unna
823 3041 910 3108 dicte
935 3041 1019 3108 dioc.
1045 3049 1121 3107 tunc
1138 3047 1307 3107 vacantem
1333 3040 1419 3106 fuisti
1444 3038 1597 3104 canonice

265 3155 456 3214 consecutus
480 3168 614 3232 eamque
641 3198 702 3214 ...
729 3147 902 3233 possedisti
935 3169 992 3234 per
1016 3149 1123 3233 plures
1147 3168 1247 3214 armos
1271 3148 1395 3212 fruetus
1417 3147 1598 3231 percipiens

266 3274 305 3319 ex
338 3255 462 3334 eadem,
497 3255 647 3340 quodque
682 3257 883 3341 postmodum
920 3262 1057 3321 vacante
1090 3255 1250 3320 decanatu
1284 3254 1371 3320 dicte
1403 3254 1540 3320 ecclesie
1562 3253 1596 3318 S.

265 3357 394 3423 Andree
427 3367 460 3424 tu
485 3359 697 3425 ludecanum
732 3359 831 3444 ipsius
865 3359 1002 3425 ecclesie
1027 3360 1059 3424 S.
1085 3358 1216 3423 Andree
1245 3359 1276 3423 in
1308 3357 1481 3440 dIscordia,
1517 3355 1598 3422 alias

265 3472 371 3530 tamen
396 3467 457 3532 rite
481 3476 513 3531 et
537 3466 690 3532 canonice
714 3467 805 3532 luisti
830 3468 961 3532 electus.
1009 3467 1051 3530 Et
1074 3466 1150 3530 licet
1170 3475 1203 3529 tu
1229 3485 1299 3530 oum
1324 3464 1484 3547 quondam
1502 3464 1599 3528 Ever-

266 3571 366 3637 hardo
391 3573 432 3638 de
456 3573 558 3656 (ligno
583 3574 699 3638 clerico
724 3573 811 3639 dicte
835 3574 930 3656 dioc,
965 3573 1017 3657 qui
1042 3574 1230 3638 electionem
1255 3573 1465 3657 impugnabat
1495 3571 1598 3636 huius·

265 3679 360 3756 modi,
384 3701 441 3764 per
464 3681 590 3762 aliquos
614 3701 716 3745 annos
738 3682 770 3745 iu
788 3681 935 3746 Romana
959 3681 1048 3746 curia
1072 3681 1243 3764 litigasses,
1269 3679 1356 3744 dicto
1381 3679 1598 3745 tamenEver-

266 3787 367 3852 harde
391 3789 476 3852 viam
509 3789 657 3853 universe
690 3790 796 3854 earnis
828 3787 985 3872 ingresse,
1019 3795 1052 3852 tu
1086 3786 1207 3852 dictum
1241 3786 1433 3851 decanatum
1463 3785 1598 3870 pacifice

267 3893 404 3980 adeptus
436 3895 524 3959 luisti
558 3914 693 3977 eumque
727 3915 784 3980 per
816 3896 922 3980 plures
956 3916 1056 3961 annos
1088 3915 1151 3960 una
1184 3915 1255 3960 eum
1284 3892 1373 3958 dicta
1403 3892 1598 3978 parrochiali

266 4001 403 4068 ecclesia
427 4001 597 4086 possedisti
622 4049 681 4066 ...
708 4002 831 4068 fructus
854 4003 1035 4089 percipiens
1059 4023 1100 4067 ex
1124 4001 1254 4084 eisdem,
1279 4000 1519 4086 dispensatione
1538 4053 1542 4065 .
1563 4049 1596 4065 ..

266 4129 328 4171 uon
352 4109 494 4174 obtenta.
542 4108 648 4186 Quare
672 4109 764 4176 nobis
788 4110 950 4175 humiliter
973 4111 1161 4195 supplicasti
1186 4158 1245 4174 ...
1279 4109 1346 4177 Nos
1370 4110 1467 4192 igitur
1490 4159 1496 4173 .
1516 4157 1522 4170 .
1542 4157 1549 4174 .
1566 4116 1598 4175 te

268 4264 274 4278 .
294 4265 300 4279 .
319 4264 326 4279 .
344 4214 550 4281 habilitamus
572 4223 604 4281 61
629 4215 767 4281 habilem
792 4215 956 4283 reddimus
980 4267 987 4281 .
1007 4267 1039 4282 ..
1066 4217 1188 4300 tibique
1211 4216 1333 4282 fruetus
1357 4215 1520 4302 predictos
1539 4265 1545 4281 .
1565 4265 1597 4281 ..

266 4323 541 4389 remittimus
589 4325 742 4390 Volumus
775 4333 892 4407 autem,
927 4323 1010 4408 quod
1043 4331 1075 4389 tu
1105 4331 1223 4390 extunc
1252 4323 1444 4390 decanatum
1468 4331 1500 4389 et
1523 4345 1597 4408 par-

267 4431 440 4496 rochialem
474 4432 643 4497 ecelesiam
676 4431 878 4518 supradictos
907 4439 1018 4518 utpote
1048 4439 1178 4518 propter
1206 4432 1361 4516 premissa
1389 4430 1430 4496 de
1453 4432 1522 4497 iure
1547 4453 1599 4496 va·

267 4545 378 4605 cautes
400 4540 530 4605 realiter
554 4540 681 4605 omnino
707 4539 918 4606 dimittas...
966 4541 1040 4605 Dat.
1057 4540 1152 4606 Arin.
1177 4539 1256 4604 XVI
1282 4539 1325 4603 kl.
1350 4539 1419 4603 iulii
1440 4559 1470 4603 a.
1495 4546 1598 4604 sexto-

267 4647 403 4712 decimo.

417 4822 490 4891 Rep.
509 4822 567 4876 103
585 4836 632 4875 ar.
652 4823 734 4877 1343.
