3642 5509
788 448 859 506 1330
877 449 940 507 Jull
958 448 1001 507 24.
1510 449 1564 509 ott

233 653 373 719 ...per
400 632 529 701 easdem
560 634 723 701 civitatem
752 632 906 702 diocesim
931 641 963 702 et
987 634 1184 721 provinciam
1209 634 1390 701 constitutis
1502 653 1564 699 me

230 740 379 808 minimus
401 742 617 826 mandavisse,
650 750 686 808 ut
715 742 850 810 eandem
878 742 1037 809 decimam
1060 764 1119 829 per
1142 764 1198 810 sex
1223 764 1323 809 annos
1440 742 1564 807 solvere

206 879 209 884 ·
230 857 439 933 procurarent
462 851 554 916 vobis
577 850 721 916 eiusdem
745 849 950 920 decime...
975 851 1200 917 collectoribus
1228 853 1260 916 in
1285 851 1405 917 eisdem
1430 852 1562 916 civitate

231 956 351 1024 diocesi
368 966 401 1024 et
416 960 582 1044 provincia
605 959 830 1025 nichilominus
853 957 1028 1042 deputatis.
1075 957 1161 1023 Sane
1186 978 1256 1023 curn
1279 979 1337 1025 nos
1361 958 1562 1044 postmodum

230 1065 404 1132 eorundem
437 1066 672 1152 archiepiscopi
702 1075 736 1132 et
764 1066 1040 1150 suffraganeorum
1065 1085 1104 1130 ac
1128 1087 1334 1151 personarum
1368 1065 1563 1132 ecclesiasti·

230 1192 339 1239 carum
371 1174 512 1242 civitatis
544 1174 684 1240 diocesis
707 1179 739 1238 et
762 1175 929 1259 provincie
952 1172 1169 1258 predictarum
1194 1173 1293 1239 variis
1316 1173 1564 1240 necessitatibus

230 1288 263 1345 et
285 1282 527 1364 graviminibns,
560 1283 675 1365 quibus
702 1287 887 1346 asseruntur
910 1281 1046 1366 opprimi
1076 1280 1323 1366 presentialiter,
1356 1301 1418 1346 non
1442 1282 1563 1365 absque

230 1391 450 1474 compassione
482 1389 601 1455 auditis
624 1389 759 1455 velimus
792 1407 848 1453 eos
878 1394 1012 1473 propter
1039 1386 1099 1453 hec
1122 1407 1220 1473 super
1243 1389 1412 1454 exactione
1436 1389 1562 1455 decime

229 1494 420 1579 huiusmodi,
445 1497 523 1563 licet
538 1518 578 1563 ea
594 1495 810 1579 indigeremus
826 1542 834 1557 .
853 1544 861 1561 .
879 1545 887 1559 .
903 1495 1083 1582 plurimum,
1101 1495 1186 1580 [non]
1203 1496 1346 1578 sufferre,
1371 1495 1412 1561 de
1428 1497 1561 1582 speciali

229 1605 341 1687 gracia
371 1604 478 1687 quoad
510 1625 642 1691 presens
676 1603 863 1670 discretioni
887 1610 993 1670 vestre
1107 1603 1304 1687 mandamus,
1338 1606 1488 1687 quatinus
1520 1606 1561 1671 ab

229 1713 400 1779 exactione
433 1712 578 1800 predicte
610 1713 735 1780 decime
769 1711 1006 1798 supersedeatis
1039 1713 1176 1796 omnino,
1212 1732 1274 1797 qno
1304 1732 1404 1796 usque
1428 1733 1447 1777 a
1471 1713 1562 1779 nobis

228 1820 318 1886 aliud
351 1823 539 1908 receperitis
573 1823 605 1887 in
641 1820 813 1888 mandatis.
882 1821 956 1886 Dat.
992 1820 1089 1885 Vllll
1124 1819 1169 1884 kl.
1205 1821 1332 1905 augusti
1368 1841 1398 1886 a.
1434 1826 1561 1903 quarto·

229 1926 366 1994 deelmo'
377 2017 449 2088 1209.
469 2021 523 2073 115
539 2034 587 2088 pa.
607 2019 680 2088 Ilf.
699 2019 764 2073 1571
782 2035 831 2072 ar.
850 2019 931 2073 1891.
964 2045 996 2056 -
1028 2016 1077 2071 Or.
1095 2016 1218 2070 membr.
1238 2031 1307 2070 cum
1325 2015 1451 2084 plumbo
1470 2015 1560 2084 vend.

377 2105 440 2162 Sub
456 2105 542 2177 plica
560 2109 603 2165 ad
620 2109 737 2163 desta:
757 2105 792 2163 Α.
801 2107 871 2164 Ver.
890 2105 1085 2177 Dr'laseldorf.
1105 2105 1193 2160 Aret.
1204 2120 1266 2176 rep.
1280 2103 1420 2161 Kurkdln
1439 2121 1486 2158 nr.
1496 2106 1561 2160 559.

335 2379 482 2447 *1⁹24
508 2382 596 2446 1330
617 2382 694 2448 Jult'
716 2384 770 2446 24.
795 2378 959 2467 Anipnoa.

336 2522 495 2590 Iohannes
519 2524 618 2589 XXII
642 2523 763 2589 eisdem
788 2522 1007 2609 [Heynderico
1032 2531 1064 2588 et
1088 2522 1311 2607 Godescaloo].

337 2629 464 2695 Dudum
488 2651 546 2715 pro
569 2631 714 2697 Romane
738 2630 875 2697 ecclesie
904 2630 1151 2696 necessitatibus
1177 2680 1237 2696 ...
1263 2631 1386 2696 tructus
1414 2629 1559 2695 redditus

229 2743 261 2801 ct
281 2744 454 2822 proventus
478 2737 572 2822 primi
596 2737 671 2803 anni
695 2739 833 2804 omnium
851 2745 883 2804 et
899 2739 1093 2822 singulorum
1119 2738 1343 2826 beneficiorum
1367 2737 1559 2804 ecclesiasti·

229 2864 347 2926 corum,
382 2845 499 2926 quein
528 2845 660 2910 civitate
694 2866 734 2910 ac
767 2845 889 2911 diocesi
915 2851 947 2910 et
970 2846 1138 2931 provincia
1162 2845 1344 2910 Coloniensi
1368 2853 1443 2910 tnnc
1467 2865 1561 2909 vaca·

228 2951 307 3017 bant
330 2958 362 3017 et
386 2971 447 3034 qne
471 2951 636 3034 usquead
661 2954 829 3017 triennium
852 2973 970 3017 vacare
994 2954 1203 3035 contingeret,
1229 2953 1325 3018 certis
1349 2952 1560 3036 dignitatibus

228 3065 262 3124 et
290 3058 455 3124 beneficiis
488 3060 662 3143 expressim
696 3060 852 3143 exceptis,
883 3057 1094 3124 reservandos
1207 3058 1355 3125 duximus
1387 3067 1419 3122 et
1452 3066 1560 3123 nostre

228 3185 354 3231 camere
378 3165 598 3250 applicandos,
632 3165 726 3232 vobis
754 3165 925 3232 eorundem
1045 3166 1270 3233 collectoribus
1387 3164 1558 3249 deputatis.

228 3271 307 3337 Ourn
340 3279 446 3338 autern
478 3273 679 3359 percepimus
708 3273 921 3359 postmodnm,
956 3273 1041 3357 qnod
1072 3273 1209 3339 ecclesie
1233 3294 1273 3338 ao
1300 3293 1436 3358 persone
1460 3272 1560 3336 eccle-

227 3380 356 3445 siastice
380 3380 536 3445 dictarum
571 3381 713 3446 civitatis
746 3380 885 3446 diocesis
915 3401 954 3446 ac
977 3382 1142 3466 provincie
1166 3381 1292 3465 magnis
1314 3380 1560 3446 necessitatibus

227 3486 464 3571 presentialiter
491 3496 564 3552 sunt
590 3495 736 3571 gravate,
770 3509 829 3554 nos
858 3488 981 3554 eisdem
1005 3488 1143 3574 benigno
1174 3488 1411 3573 compacientes
1441 3487 1559 3552 affectu

227 3593 414 3660 discretioni
438 3601 543 3662 vestre
562 3644 569 3659 .
587 3643 594 3658 .
614 3644 621 3659 .
638 3595 836 3679 mandamus,
861 3596 1012 3679 quatinus
1036 3598 1077 3660 ab
1102 3595 1269 3661 exactione
1293 3595 1429 3672 fructum
1453 3593 1558 3659 reddi·

227 3707 316 3766 tuum
339 3707 371 3767 et
395 3708 606 3787 proventuum
631 3702 859 3788 predictorum,
884 3723 1048 3786 quousque
1073 3702 1159 3768 alind
1184 3723 1204 3768 a
1228 3703 1320 3768 nobis
1343 3701 1375 3766 in
1399 3700 1560 3767 mandatis

226 3809 422 3894 receperitis,
456 3809 665 3895 supersedere
695 3811 822 3876 curetis.
881 3810 958 3875 Dat.
984 3816 1019 3876 ut
1043 3830 1140 3896 supra
1164 3811 1215 3891 (=
1236 3809 1333 3875 Vllll
1361 3808 1406 3874 kl.
1432 3810 1559 3892 augusti

226 3935 256 3983 a.
282 3914 533 3997 quartodecimo.

386 4023 460 4092 Rep.
480 4024 536 4074 115
560 4037 611 4092 ps.
632 4022 667 4075 ΙΙ
691 4023 792 4092 fines
818 4023 978 4090 nr.1892;
1009 4023 1060 4077 Ita.
1083 4023 1168 4074 1336.
1199 4051 1230 4060 -
1262 4021 1311 4075 Or.
1339 4023 1462 4076 membr.
1491 4038 1559 4076 cum

386 4112 511 4180 plumbo
526 4113 620 4181 pand.
658 4112 696 4165 la
718 4109 802 4180 plica
826 4110 868 4165 ad
887 4113 1003 4166 deuota:
1032 4110 1065 4165 A.
1088 4111 1153 4166 Ver.
1173 4111 1367 4180 Dttsseldorf.
1388 4111 1476 4165 Arcb.
1496 4127 1558 4181 rep.

388 4201 528 4255 Kurlcdlm
547 4216 596 4255 mr.
614 4201 681 4255 569.
719 4201 892 4256 Lacomblet
909 4201 963 4254 III
983 4217 1023 4254 nr
1050 4200 1115 4254 248.

333 4485 454 4551 1925.
485 4488 572 4551 1330
594 4489 671 4554 Jaa·
693 4490 746 4552 24.
775 4488 940 4574 Avipaon.

334 4628 492 4695 lohannes
515 4629 616 4695 XXII
650 4628 782 4696 Iolfrido
805 4637 881 4696 nato
905 4630 1029 4695 loffridi
1054 4631 1178 4696 comitis
1201 4630 1361 4715 Liningen
1385 4631 1417 4696 in
1442 4639 1558 4698 octavo

225 4736 321 4800 etatis
353 4754 436 4799 anno
471 4735 643 4802 constituto
677 4737 802 4802 confert
830 4737 909 4804 eccl.
936 4739 1067 4802 Trevcr.
1093 4739 1327 4818 canonicatum,
1362 4739 1557 4825 prebendam

224 4861 301 4906 vero
326 4841 429 4909 eidem
456 4852 607 4910 reservat.
