3642 5509
321 395 373 451 546
881 396 951 452 1338
970 396 1044 452 Juni
1062 396 1106 452 15.

319 582 418 642 totam
443 576 625 642 Almaniam
649 577 810 661 inhrigare
835 583 867 642 et
891 578 1057 643 infamare.
1111 577 1296 663 Capitulum
1320 578 1540 662 Magantinum
1563 577 1648 644 misit

319 683 493 749 Iohannem
519 682 559 748 ile
582 683 732 768 Sybergh
756 683 797 749 ad
823 684 1039 752 excusandum
1065 687 1236 752 canonicos
1260 687 1377 754 citatos
1405 693 1436 752 et
1466 687 1646 771 capitulum.

318 791 552 857 Excusationes
576 811 685 857 eorum
709 799 782 857 sunt
811 792 939 877 repulse
968 800 1001 859 et
1023 793 1086 878 ipsi
1110 801 1184 859 sunt
1206 795 1485 860 exeommunicati.
1534 795 1648 878 Prepo-

318 902 398 967 situs
421 899 628 986 Maguntinus
652 906 699 965 est
727 900 892 967 absolutus
922 901 963 966 ab
991 902 1331 979 excommunicatione,
1360 902 1418 968 sed
1446 910 1554 968 lamen
1576 924 1649 968 non·

319 1009 393 1074 dum
418 1015 467 1075 est
491 1008 619 1074 domino
643 1027 727 1092 pape
750 1007 953 1092 integraliter
976 1009 1209 1076 reconsiliatus.
1249 1011 1324 1094 Ipse
1344 1009 1494 1095 impingit
1510 1010 1649 1095 capitulo

319 1117 424 1183 omnia
449 1122 585 1202 peccata
609 1135 667 1181 sua
691 1116 794 1180 etsie
818 1115 1100 1200 eperatevadere.
1136 1117 1410 1183 Wormaeiensis³
1434 1119 1539 1183 estin
1563 1119 1649 1183 curia

319 1226 351 1284 ct
367 1219 407 1285 de
424 1219 519 1288 iactis
534 1219 600 1284 suis
624 1217 730 1284 adhue
754 1217 853 1283 nichil
878 1218 966 1299 fecit,
991 1219 1051 1284 nisi
1076 1218 1160 1303 quod
1185 1221 1370 1305 impetravit
1393 1241 1489 1286 uuum
1512 1219 1649 1286 iudicem

319 1326 525 1403 cardinalem,
550 1347 656 1392 eoram
681 1345 743 1408 quo
768 1345 865 1410 agere
889 1327 1003 1411 incipit
1026 1347 1121 1412 super
1144 1327 1301 1394 fructibus
1324 1328 1524 1414 prepositure
1539 1329 1649 1394 Sancti

319 1435 473 1520 Stephani
503 1441 535 1498 et
564 1433 722 1499 fructibus
752 1433 949 1499 thesaurario
978 1434 1090 1500 Sancti
1115 1435 1202 1500 Petri
1227 1436 1414 1520 Maguntine
1437 1444 1470 1502 et
1492 1434 1651 1502 fructibus

318 1540 480 1628 prebende
497 1541 693 1625 Maguntine,
719 1560 815 1627 super
838 1523 953 1625 quihus
977 1543 1074 1608 etiam
1097 1542 1282 1627 specialiter
1304 1545 1431 1629 impetit
1455 1544 1651 1630 prepositum

318 1651 550 1734 Magantinum.
608 1650 657 1714 De
690 1648 832 1733 capitulo
871 1650 1008 1715 ecclesie
1041 1650 1291 1716 Wormaeiensis
1329 1650 1427 1717 nichil
1464 1651 1571 1717 adhue
1603 1660 1652 1717 est

317 1763 553 1844 attemptatum.
600 1757 637 1821 ln
668 1755 828 1842 principio
857 1757 1005 1822 introitus
1028 1757 1077 1822 sui
1101 1757 1266 1822 absolutus
1289 1758 1352 1823 fuit
1374 1779 1395 1823 a
1418 1760 1577 1824 sententia
1599 1779 1652 1824 ex·

318 1865 614 1930 communicationis
638 1883 679 1929 ex
703 1871 795 1949 parte
819 1870 1033 1930 mercatorum
1057 1884 1158 1948 usque
1181 1863 1224 1929 ad
1248 1863 1363 1931 festum
1385 1866 1479 1932 Beati
1500 1865 1653 1932 Iohannis

318 1973 463 2059 Baptisie
495 1972 641 2057 proxime
676 1973 812 2038 instans.
859 1971 974 2037 Valete
1005 1979 1038 2037 et
1066 1991 1117 2037 me
1147 1971 1275 2038 domino
1299 1992 1371 2039 meo
1391 1973 1652 2040 reverentissimo

318 2078 446 2145 domino
471 2077 714 2162 archiepiscopo
739 2077 1031 2144 recommendatum
1060 2079 1208 2146 habeatis
1232 2087 1265 2144 et
1288 2079 1417 2146 domino
1442 2079 1652 2164 B[oemundo]

317 2187 544 2254 archidiacono
577 2195 610 2252 ei
640 2187 756 2252 ceteris
781 2187 877 2252 sociis
901 2188 1020 2252 nostris
1043 2189 1157 2254 amieis
1179 2188 1268 2254 meis.
1316 2188 1391 2253 Dat.
1415 2189 1575 2255 Arinione
1599 2188 1654 2253 die

317 2296 429 2360 martis
451 2293 637 2359 immediate
660 2301 732 2379 posi
756 2294 874 2360 festum
900 2295 1062 2360 trinitatis.

469 2457 519 2511 Or.
533 2471 612 2526 pap.
643 2457 679 2510 ln
699 2455 791 2510 dorso
809 2453 913 2510 medio
932 2452 1097 2524 inscriptio
1114 2455 1200 2524 factu
1220 2456 1323 2510 eadem
1341 2471 1454 2511 maiam·
1472 2456 1653 2511 Honorabili

468 2547 534 2601 viro
558 2546 679 2600 domiuo
699 2545 846 2614 Dytmaro
873 2544 1032 2614 capellano
1057 2544 1229 2599 Reverendi
1248 2545 1346 2599 Patris
1366 2546 1480 2599 domini
1497 2545 1654 2615 Archiepi·

465 2637 547 2704 scopi
567 2634 765 2689 Treverensis
790 2635 887 2687 amico
911 2648 968 2688 sno
994 2635 1158 2688 carissimo.
1196 2632 1316 2688 Ibidem
1335 2635 1397 2689 duo
1414 2636 1596 2706 fragmenta
1614 2633 1654 2689 ei·

464 2721 532 2795 pilli
551 2722 647 2779 rubri.
687 2725 724 2777 ln
743 2721 886 2792 margine
904 2721 1023 2791 prioris
1038 2721 1156 2793 papiae
1174 2739 1272 2778 manu
1291 2725 1458 2778 moderna.-
1478 2724 1555 2779 1338.
1588 2725 1654 2780 Surb

463 2815 537 2868 data
556 2829 652 2868 manu
676 2827 781 2867 coena:
808 2812 853 2864 Ex
874 2816 961 2881 parte
981 2811 1125 2865 Iohannis
1144 2811 1316 2866 Verdensis.
1346 2812 1540 2868 Darmetadt.
1562 2812 1653 2868 Arcti.

463 2901 657 2958 Haesiacum.
684 2918 739 2957 ms.
765 2903 825 2955 393
853 2901 878 2970 f.
899 2904 951 2954 14.-
982 2899 1141 2967 (Diarium
1166 2901 1290 2970 liudolfi
1316 2902 1430 2969 Loese).
1451 2933 1484 2941 -
1510 2903 1654 2969 Bb'lrmer,

464 2995 540 3050 Acta
558 2991 683 3062 imperii
702 2993 811 3047 selecta
829 3007 875 3046 nr.
897 2992 982 3046 1046.

418 3317 565 3386 *2832
595 3321 682 3384 1338
706 3319 792 3384 Jum'
817 3318 869 3382 15.
898 3314 1064 3403 Aoigaoa.

421 3463 616 3530 Benedictus
640 3463 705 3526 Xll
730 3461 930 3526 thesaurario
954 3460 1092 3528 ecclesie
1116 3459 1150 3526 S.
1176 3459 1348 3526 Kuniberti
1372 3458 1482 3526 Oolon.
1507 3457 1656 3542 mandat,

315 3574 463 3656 quatinus
487 3592 536 3654 ea,
573 3589 635 3651 que
668 3567 710 3634 de
743 3567 998 3654 possessionibus
1030 3569 1215 3634 monasterii
1249 3567 1281 3632 S.
1310 3567 1422 3632 Crucis
1445 3565 1555 3632 Goion.
1580 3567 1653 3632 ord.

315 3681 348 3746 S.
375 3681 511 3764 August.
546 3677 587 3741 ab
621 3674 762 3741 eiusdem
794 3675 900 3759 priore
931 3682 964 3740 et
997 3682 1156 3741 conventu
1183 3694 1307 3739 necnon
1337 3672 1510 3739 eorundem
1538 3674 1656 3758 prede-

316 3786 494 3852 cessoribus
523 3784 682 3850 inuenerit
711 3783 914 3866 negligenter
943 3788 976 3848 et
1006 3783 1123 3848 iniuste
1147 3781 1299 3864 alienata,
1333 3780 1375 3847 ad
1400 3782 1449 3846 ius
1471 3786 1505 3846 et
1527 3784 1656 3866 propri·

315 3899 434 3960 etatem
457 3890 643 3957 monasterii
667 3889 811 3974 legitime
835 3908 992 3954 revocare
1016 3896 1175 3974 procuret.

421 3998 473 4064 Ad
497 3997 694 4063 audientiam
717 4005 858 4063 nostram
884 4045 891 4060 .
921 4047 928 4061 .
955 4045 962 4061 .
1014 3997 1090 4061 Dat.
1116 3994 1210 4062 Avin.
1236 3995 1333 4061 XVII
1355 3995 1400 4061 kl.
1428 3994 1498 4060 iulii
1521 4017 1553 4081 p.
1570 4017 1605 4061 n.
1623 4017 1655 4062 a.

337 4114 439 4172 uarto.

315 4128 335 4190 q
485 4213 533 4268 Or.
561 4213 685 4267 membr.
713 4228 782 4266 cum
806 4211 934 4280 plumbo
958 4212 1053 4281 perid.
1100 4210 1163 4267 Sub
1188 4209 1274 4281 plica
1300 4211 1342 4266 ad
1369 4208 1506 4266 siaistm:
1534 4194 1656 4265 iiriair‘s.

482 4320 520 4372 Iu
541 4317 626 4388 plica
645 4319 687 4374 ad
707 4319 819 4373 demta:
849 4281 1129 4410 prffiedssogaele
1152 4320 1190 4373 ln
1204 4319 1313 4374 dorso:
1332 4319 1366 4372 R.
1380 4318 1461 4373 Anti.
1481 4315 1516 4373 G.
1530 4317 1569 4371 de
1582 4317 1657 4372 Ian·

483 4426 549 4480 dria
568 4442 622 4495 pro
643 4425 701 4481 Sal.
722 4455 756 4464 -
780 4424 881 4480 Paris.
907 4423 986 4480 Bibl.
1006 4429 1068 4480 nat.
1086 4426 1111 4495 f.
1131 4424 1218 4482 latia.
1237 4427 1313 4481 9271
1336 4443 1384 4480 nr.
1404 4425 1450 4481 24.
1470 4454 1504 4463 —
1523 4425 1598 4495 Rep.
1621 4423 1656 4480 in

482 4515 565 4571 arch.
584 4513 665 4570 civit.
686 4513 786 4571 Colore.
807 4517 1029 4570 inveniamur.
1049 4518 1111 4570 156.

426 4697 456 4764 a)
484 4693 518 4749 ia
542 4694 686 4766 margine
710 4693 842 4751 additur
860 4711 959 4751 manu
976 4711 1033 4751 sec.
1053 4695 1130 4752 XVI
1145 4692 1302 4752 ineuntis.-
1333 4697 1496 4766 episcopus
1514 4693 1658 4750 Worma·

315 4787 424 4840 elensis
446 4783 656 4840 salamannus.
