<?xml version="1.0" encoding="UTF-8"?>
<!DOCTYPE html PUBLIC "-//W3C//DTD XHTML 1.0 Transitional//EN"
    "http://www.w3.org/TR/xhtml1/DTD/xhtml1-transitional.dtd">
<html xmlns="http://www.w3.org/1999/xhtml" xml:lang="en" lang="en">
 <head>
  <title>
</title>
<meta http-equiv="Content-Type" content="text/html;charset=utf-8" />
  <meta name='ocr-system' content='tesseract 3.04.00' />
  <meta name='ocr-capabilities' content='ocr_page ocr_carea ocr_par ocr_line ocrx_word'/>
</head>
<body>
  <div class='ocr_page' id='page_1' title='image "./urkundenundrege00thimgoog_0541.png"; bbox 0 0 3642 5509; ppageno 0'>
   <div class='ocr_carea' id='block_1_1' title="bbox 165 389 1087 470">
    <p class='ocr_par' dir='ltr' id='par_1_1' title="bbox 165 389 1087 470">
     <span class='ocr_line' id='line_1_1' title="bbox 165 389 1087 470; baseline -0.004 0"><span class='ocrx_word' id='word_1_1' title='bbox 165 389 168 396; x_wconf 78' lang='grc'><strong>’</strong></span> <span class='ocrx_word' id='word_1_2' title='bbox 287 413 340 470; x_wconf 81' lang='lat' dir='ltr'>ura</span> <span class='ocrx_word' id='word_1_3' title='bbox 820 414 888 468; x_wconf 79' lang='lat' dir='ltr'>rear</span> <span class='ocrx_word' id='word_1_4' title='bbox 908 413 1027 468; x_wconf 74' lang='lat' dir='ltr'>ianuar</span> <span class='ocrx_word' id='word_1_5' title='bbox 1046 412 1087 468; x_wconf 84' lang='lat' dir='ltr'>ro.</span> 
     </span>
    </p>
   </div>
   <div class='ocr_carea' id='block_1_2' title="bbox 273 589 1621 4864">
    <p class='ocr_par' dir='ltr' id='par_1_2' title="bbox 273 589 1621 4864">
     <span class='ocr_line' id='line_1_2' title="bbox 287 589 1620 678; baseline -0.003 -20"><span class='ocrx_word' id='word_1_6' title='bbox 287 613 434 659; x_wconf 91' lang='lat' dir='ltr'>sonarum</span> <span class='ocrx_word' id='word_1_7' title='bbox 468 599 500 658; x_wconf 93' lang='lat' dir='ltr'>et</span> <span class='ocrx_word' id='word_1_8' title='bbox 533 594 673 659; x_wconf 88' lang='lat' dir='ltr'>locorum</span> <span class='ocrx_word' id='word_1_9' title='bbox 707 595 848 660; x_wconf 90' lang='lat' dir='ltr'>civitatis</span> <span class='ocrx_word' id='word_1_10' title='bbox 881 592 1019 659; x_wconf 91' lang='lat' dir='ltr'>diocesis</span> <span class='ocrx_word' id='word_1_11' title='bbox 1046 600 1079 658; x_wconf 93' lang='lat' dir='ltr'>et</span> <span class='ocrx_word' id='word_1_12' title='bbox 1107 594 1272 678; x_wconf 81' lang='lat' dir='ltr'>provincie</span> <span class='ocrx_word' id='word_1_13' title='bbox 1296 593 1485 677; x_wconf 83' lang='lat' dir='ltr'>Magantine</span> <span class='ocrx_word' id='word_1_14' title='bbox 1513 589 1620 657; x_wconf 90' lang='lat' dir='ltr'>eidem</span> 
     </span>
     <span class='ocr_line' id='line_1_3' title="bbox 289 699 1621 786; baseline -0.001 -22"><span class='ocrx_word' id='word_1_15' title='bbox 289 700 534 786; x_wconf 88' lang='lat' dir='ltr'>archiepiscopo</span> <span class='ocrx_word' id='word_1_16' title='bbox 568 701 755 784; x_wconf 82' lang='lat' dir='ltr'>hlaguntinc</span> <span class='ocrx_word' id='word_1_17' title='bbox 789 720 873 765; x_wconf 92' lang='lat' dir='ltr'>nuuc</span> <span class='ocrx_word' id='word_1_18' title='bbox 906 699 1122 766; x_wconf 89' lang='lat' dir='ltr'>obedientium</span> <span class='ocrx_word' id='word_1_19' title='bbox 1161 701 1222 766; x_wconf 83' lang='lat' dir='ltr'>sibi</span> <span class='ocrx_word' id='word_1_20' title='bbox 1261 701 1405 786; x_wconf 81' lang='lat' dir='ltr'><strong>plenarie</strong></span> <span class='ocrx_word' id='word_1_21' title='bbox 1438 699 1621 765; x_wconf 78' lang='lat' dir='ltr'><strong>reservatis.</strong></span> 
     </span>
     <span class='ocr_line' id='line_1_4' title="bbox 289 806 1621 893; baseline -0.002 -21"><span class='ocrx_word' id='word_1_22' title='bbox 289 806 403 873; x_wconf 86' lang='lat' dir='ltr'>Eidem</span> <span class='ocrx_word' id='word_1_23' title='bbox 437 827 564 890; x_wconf 89' lang='lat' dir='ltr'>quoque</span> <span class='ocrx_word' id='word_1_24' title='bbox 597 807 840 892; x_wconf 76' lang='lat' dir='ltr'>archiepiscopo</span> <span class='ocrx_word' id='word_1_25' title='bbox 865 808 1052 891; x_wconf 85' lang='lat' dir='ltr'>Magantino</span> <span class='ocrx_word' id='word_1_26' title='bbox 1085 808 1176 872; x_wconf 84' lang='lat' dir='ltr'>iuxta</span> <span class='ocrx_word' id='word_1_27' title='bbox 1203 806 1489 893; x_wconf 90' lang='lat' dir='ltr'>archiepiscapalis</span> <span class='ocrx_word' id='word_1_28' title='bbox 1516 812 1621 871; x_wconf 88' lang='lat' dir='ltr'>status</span> 
     </span>
     <span class='ocr_line' id='line_1_5' title="bbox 289 913 1620 1000; baseline -0.002 -20"><span class='ocrx_word' id='word_1_29' title='bbox 289 913 470 980; x_wconf 78' lang='lat' dir='ltr'>decentiam</span> <span class='ocrx_word' id='word_1_30' title='bbox 495 913 536 980; x_wconf 88' lang='lat' dir='ltr'>de</span> <span class='ocrx_word' id='word_1_31' title='bbox 560 915 767 1000; x_wconf 78' lang='lat' dir='ltr'>proventibus</span> <span class='ocrx_word' id='word_1_32' title='bbox 794 913 837 979; x_wconf 91' lang='lat' dir='ltr'>ad</span> <span class='ocrx_word' id='word_1_33' title='bbox 860 934 1002 979; x_wconf 89' lang='lat' dir='ltr'>mensam</span> <span class='ocrx_word' id='word_1_34' title='bbox 1026 933 1116 979; x_wconf 88' lang='lat' dir='ltr'>snam</span> <span class='ocrx_word' id='word_1_35' title='bbox 1140 913 1446 999; x_wconf 79' lang='lat' dir='ltr'>archiepiscopalem</span> <span class='ocrx_word' id='word_1_36' title='bbox 1470 919 1620 999; x_wconf 89' lang='lat' dir='ltr'>spectan-</span> 
     </span>
     <span class='ocr_line' id='line_1_6' title="bbox 287 1021 1618 1106; baseline 0.001 -21"><span class='ocrx_word' id='word_1_37' title='bbox 287 1021 372 1088; x_wconf 88' lang='lat' dir='ltr'>tibus</span> <span class='ocrx_word' id='word_1_38' title='bbox 395 1021 526 1087; x_wconf 87' lang='lat' dir='ltr'>faciatis</span> <span class='ocrx_word' id='word_1_39' title='bbox 550 1040 708 1106; x_wconf 82' lang='lat' dir='ltr'>expensas</span> <span class='ocrx_word' id='word_1_40' title='bbox 731 1021 925 1088; x_wconf 87' lang='lat' dir='ltr'>sufficientes</span> <span class='ocrx_word' id='word_1_41' title='bbox 949 1028 982 1086; x_wconf 91' lang='lat' dir='ltr'>et</span> <span class='ocrx_word' id='word_1_42' title='bbox 1004 1021 1204 1088; x_wconf 91' lang='lat' dir='ltr'>necessarias</span> <span class='ocrx_word' id='word_1_43' title='bbox 1227 1021 1410 1090; x_wconf 89' lang='lat' dir='ltr'>ministrari.</span> <span class='ocrx_word' id='word_1_44' title='bbox 1443 1023 1618 1104; x_wconf 87' lang='lat' dir='ltr'>Postquam</span> 
     </span>
     <span class='ocr_line' id='line_1_7' title="bbox 286 1127 1620 1213; baseline 0 -19"><span class='ocrx_word' id='word_1_45' title='bbox 286 1148 363 1194; x_wconf 90' lang='lat' dir='ltr'>vero</span> <span class='ocrx_word' id='word_1_46' title='bbox 385 1128 530 1213; x_wconf 85' lang='lat' dir='ltr'>prefatus</span> <span class='ocrx_word' id='word_1_47' title='bbox 554 1127 761 1194; x_wconf 85' lang='lat' dir='ltr'>Baldewinus</span> <span class='ocrx_word' id='word_1_48' title='bbox 790 1127 1052 1213; x_wconf 85' lang='lat' dir='ltr'>archiepiscopus</span> <span class='ocrx_word' id='word_1_49' title='bbox 1080 1127 1267 1194; x_wconf 85' lang='lat' dir='ltr'>obedienter</span> <span class='ocrx_word' id='word_1_50' title='bbox 1295 1135 1328 1194; x_wconf 91' lang='lat' dir='ltr'>et</span> <span class='ocrx_word' id='word_1_51' title='bbox 1350 1128 1525 1195; x_wconf 88' lang='lat' dir='ltr'>efficaciter</span> <span class='ocrx_word' id='word_1_52' title='bbox 1547 1148 1620 1212; x_wconf 80' lang='lat' dir='ltr'>pre</span> 
     </span>
     <span class='ocr_line' id='line_1_8' title="bbox 285 1234 1620 1321; baseline -0.001 -21"><span class='ocrx_word' id='word_1_53' title='bbox 285 1234 445 1301; x_wconf 90' lang='lat' dir='ltr'>dictorum</span> <span class='ocrx_word' id='word_1_54' title='bbox 478 1238 617 1300; x_wconf 90' lang='lat' dir='ltr'>omnium</span> <span class='ocrx_word' id='word_1_55' title='bbox 650 1235 884 1319; x_wconf 89' lang='lat' dir='ltr'>possessionem</span> <span class='ocrx_word' id='word_1_56' title='bbox 913 1285 921 1299; x_wconf 93' lang='lat'><strong>.</strong></span> <span class='ocrx_word' id='word_1_57' title='bbox 951 1284 957 1298; x_wconf 93' lang='lat'><strong><em>.</em></strong></span> <span class='ocrx_word' id='word_1_58' title='bbox 989 1284 996 1300; x_wconf 93' lang='lat'><strong>.</strong></span> <span class='ocrx_word' id='word_1_59' title='bbox 1026 1235 1117 1301; x_wconf 91' lang='lat' dir='ltr'>vobis</span> <span class='ocrx_word' id='word_1_60' title='bbox 1149 1236 1277 1321; x_wconf 88' lang='lat' dir='ltr'>plenam</span> <span class='ocrx_word' id='word_1_61' title='bbox 1306 1242 1339 1301; x_wconf 89' lang='lat' dir='ltr'>et</span> <span class='ocrx_word' id='word_1_62' title='bbox 1367 1234 1553 1321; x_wconf 87' lang='lat' dir='ltr'>expeditam</span> <span class='ocrx_word' id='word_1_63' title='bbox 1585 1241 1620 1299; x_wconf 90' lang='lat' dir='ltr'>et</span> 
     </span>
     <span class='ocr_line' id='line_1_9' title="bbox 285 1342 1620 1427; baseline 0.001 -20"><span class='ocrx_word' id='word_1_64' title='bbox 285 1343 419 1409; x_wconf 91' lang='lat' dir='ltr'>liberam</span> <span class='ocrx_word' id='word_1_65' title='bbox 454 1343 667 1427; x_wconf 85' lang='lat' dir='ltr'>assignaverit</span> <span class='ocrx_word' id='word_1_66' title='bbox 696 1391 703 1407; x_wconf 93' lang='lat'><strong>.</strong></span> <span class='ocrx_word' id='word_1_67' title='bbox 733 1391 740 1408; x_wconf 92' lang='lat'><strong>.</strong></span> <span class='ocrx_word' id='word_1_68' title='bbox 769 1390 777 1404; x_wconf 93' lang='lat'><strong>.</strong></span> <span class='ocrx_word' id='word_1_69' title='bbox 806 1363 864 1408; x_wconf 91' lang='lat' dir='ltr'>vos</span> <span class='ocrx_word' id='word_1_70' title='bbox 899 1342 1028 1409; x_wconf 92' lang='lat' dir='ltr'>eosdem</span> <span class='ocrx_word' id='word_1_71' title='bbox 1062 1343 1285 1425; x_wconf 86' lang='lat' dir='ltr'>Magantinum</span> <span class='ocrx_word' id='word_1_72' title='bbox 1320 1350 1352 1408; x_wconf 90' lang='lat' dir='ltr'>et</span> <span class='ocrx_word' id='word_1_73' title='bbox 1386 1345 1620 1410; x_wconf 82' lang='lat' dir='ltr'>Trevercnsem</span> 
     </span>
     <span class='ocr_line' id='line_1_10' title="bbox 285 1449 1620 1536; baseline -0.001 -19"><span class='ocrx_word' id='word_1_74' title='bbox 285 1451 548 1536; x_wconf 88' lang='lat' dir='ltr'>archiepiscopos</span> <span class='ocrx_word' id='word_1_75' title='bbox 571 1450 612 1515; x_wconf 87' lang='lat' dir='ltr'>ad</span> <span class='ocrx_word' id='word_1_76' title='bbox 637 1449 892 1536; x_wconf 91' lang='lat' dir='ltr'>componendum</span> <span class='ocrx_word' id='word_1_77' title='bbox 925 1450 1009 1516; x_wconf 92' lang='lat' dir='ltr'>inter</span> <span class='ocrx_word' id='word_1_78' title='bbox 1031 1470 1067 1517; x_wconf 90' lang='lat' dir='ltr'>se</span> <span class='ocrx_word' id='word_1_79' title='bbox 1091 1450 1303 1517; x_wconf 88' lang='lat' dir='ltr'>amicabiliter</span> <span class='ocrx_word' id='word_1_80' title='bbox 1335 1470 1431 1536; x_wconf 90' lang='lat' dir='ltr'>super</span> <span class='ocrx_word' id='word_1_81' title='bbox 1461 1449 1620 1516; x_wconf 85' lang='lat' dir='ltr'>fructibus</span> 
     </span>
     <span class='ocr_line' id='line_1_11' title="bbox 285 1555 1621 1644; baseline -0.001 -21"><span class='ocrx_word' id='word_1_82' title='bbox 285 1558 463 1624; x_wconf 86' lang='lat' dir='ltr'>redditibus</span> <span class='ocrx_word' id='word_1_83' title='bbox 487 1566 519 1624; x_wconf 91' lang='lat' dir='ltr'>et</span> <span class='ocrx_word' id='word_1_84' title='bbox 542 1559 751 1644; x_wconf 88' lang='lat' dir='ltr'>proventibus</span> <span class='ocrx_word' id='word_1_85' title='bbox 784 1557 890 1624; x_wconf 91' lang='lat' dir='ltr'>medio</span> <span class='ocrx_word' id='word_1_86' title='bbox 924 1564 1068 1643; x_wconf 92' lang='lat' dir='ltr'>tempore</span> <span class='ocrx_word' id='word_1_87' title='bbox 1101 1559 1263 1644; x_wconf 91' lang='lat' dir='ltr'>perceptis</span> <span class='ocrx_word' id='word_1_88' title='bbox 1287 1579 1327 1623; x_wconf 84' lang='lat' dir='ltr'>ex</span> <span class='ocrx_word' id='word_1_89' title='bbox 1356 1557 1445 1624; x_wconf 91' lang='lat' dir='ltr'>dicta</span> <span class='ocrx_word' id='word_1_90' title='bbox 1479 1555 1621 1623; x_wconf 90' lang='lat' dir='ltr'>ecclesia</span> 
     </span>
     <span class='ocr_line' id='line_1_12' title="bbox 285 1664 1620 1751; baseline -0.002 -20"><span class='ocrx_word' id='word_1_91' title='bbox 285 1667 474 1750; x_wconf 85' lang='lat' dir='ltr'>Magantina</span> <span class='ocrx_word' id='word_1_92' title='bbox 497 1672 529 1732; x_wconf 92' lang='lat' dir='ltr'>et</span> <span class='ocrx_word' id='word_1_93' title='bbox 553 1667 703 1751; x_wconf 86' lang='lat' dir='ltr'>expensis</span> <span class='ocrx_word' id='word_1_94' title='bbox 727 1665 802 1730; x_wconf 91' lang='lat' dir='ltr'>hinc</span> <span class='ocrx_word' id='word_1_95' title='bbox 825 1665 900 1730; x_wconf 90' lang='lat' dir='ltr'>inde</span> <span class='ocrx_word' id='word_1_96' title='bbox 924 1666 1022 1731; x_wconf 88' lang='lat' dir='ltr'>factis</span> <span class='ocrx_word' id='word_1_97' title='bbox 1044 1715 1052 1730; x_wconf 91' lang='lat'><strong>.</strong></span> <span class='ocrx_word' id='word_1_98' title='bbox 1074 1715 1082 1730; x_wconf 93' lang='lat'><em>.</em></span> <span class='ocrx_word' id='word_1_99' title='bbox 1104 1716 1112 1732; x_wconf 91' lang='lat'><strong>.</strong></span> <span class='ocrx_word' id='word_1_100' title='bbox 1135 1665 1306 1748; x_wconf 85' lang='lat' dir='ltr'>inducatis,</span> <span class='ocrx_word' id='word_1_101' title='bbox 1331 1685 1371 1730; x_wconf 88' lang='lat' dir='ltr'>ac</span> <span class='ocrx_word' id='word_1_102' title='bbox 1394 1664 1620 1730; x_wconf 90' lang='lat' dir='ltr'>nichilominus</span> 
     </span>
     <span class='ocr_line' id='line_1_13' title="bbox 284 1772 1619 1858; baseline -0.003 -20"><span class='ocrx_word' id='word_1_103' title='bbox 284 1772 420 1838; x_wconf 87' lang='lat' dir='ltr'>eundem</span> <span class='ocrx_word' id='word_1_104' title='bbox 449 1772 723 1858; x_wconf 86' lang='lat' dir='ltr'>archiepiscopum</span> <span class='ocrx_word' id='word_1_105' title='bbox 749 1772 980 1838; x_wconf 86' lang='lat' dir='ltr'>Treverensem</span> <span class='ocrx_word' id='word_1_106' title='bbox 1004 1780 1037 1839; x_wconf 90' lang='lat' dir='ltr'>et</span> <span class='ocrx_word' id='word_1_107' title='bbox 1064 1822 1072 1838; x_wconf 90' lang='lat'><strong>.</strong></span> <span class='ocrx_word' id='word_1_108' title='bbox 1099 1822 1106 1838; x_wconf 89' lang='lat'><strong>.</strong></span> <span class='ocrx_word' id='word_1_109' title='bbox 1134 1823 1141 1838; x_wconf 92' lang='lat'>.</span> <span class='ocrx_word' id='word_1_110' title='bbox 1169 1773 1321 1838; x_wconf 91' lang='lat' dir='ltr'>loannem</span> <span class='ocrx_word' id='word_1_111' title='bbox 1345 1773 1478 1838; x_wconf 90' lang='lat' dir='ltr'>Boemie</span> <span class='ocrx_word' id='word_1_112' title='bbox 1506 1790 1619 1854; x_wconf 86' lang='lat' dir='ltr'>regem</span> 
     </span>
     <span class='ocr_line' id='line_1_14' title="bbox 286 1879 1619 1966; baseline -0.004 -20"><span class='ocrx_word' id='word_1_113' title='bbox 286 1929 345 1946; x_wconf 91' lang='lat'>...</span> <span class='ocrx_word' id='word_1_114' title='bbox 372 1888 527 1966; x_wconf 88' lang='lat' dir='ltr'>exparte</span> <span class='ocrx_word' id='word_1_115' title='bbox 556 1900 619 1944; x_wconf 90' lang='lat' dir='ltr'>una</span> <span class='ocrx_word' id='word_1_116' title='bbox 648 1887 681 1945; x_wconf 93' lang='lat' dir='ltr'>et</span> <span class='ocrx_word' id='word_1_117' title='bbox 710 1879 870 1964; x_wconf 87' lang='lat' dir='ltr'>prefatum</span> <span class='ocrx_word' id='word_1_118' title='bbox 895 1881 1068 1946; x_wconf 90' lang='lat' dir='ltr'>Henricum</span> <span class='ocrx_word' id='word_1_119' title='bbox 1092 1879 1369 1964; x_wconf 89' lang='lat' dir='ltr'>archiepiscopum</span> <span class='ocrx_word' id='word_1_120' title='bbox 1393 1879 1619 1962; x_wconf 79' lang='lat' dir='ltr'>Magantinum</span> 
     </span>
     <span class='ocr_line' id='line_1_15' title="bbox 284 1984 1618 2071; baseline -0.004 -18"><span class='ocrx_word' id='word_1_121' title='bbox 284 2008 324 2053; x_wconf 84' lang='lat' dir='ltr'>ex</span> <span class='ocrx_word' id='word_1_122' title='bbox 352 1988 454 2053; x_wconf 91' lang='lat' dir='ltr'>altera</span> <span class='ocrx_word' id='word_1_123' title='bbox 484 1986 525 2051; x_wconf 89' lang='lat' dir='ltr'>ad</span> <span class='ocrx_word' id='word_1_124' title='bbox 558 1984 742 2052; x_wconf 86' lang='lat' dir='ltr'>faciendum</span> <span class='ocrx_word' id='word_1_125' title='bbox 773 1995 806 2051; x_wconf 87' lang='lat' dir='ltr'>et</span> <span class='ocrx_word' id='word_1_126' title='bbox 834 1986 1023 2053; x_wconf 88' lang='lat' dir='ltr'>firmandum</span> <span class='ocrx_word' id='word_1_127' title='bbox 1056 1987 1194 2052; x_wconf 91' lang='lat' dir='ltr'>invicem</span> <span class='ocrx_word' id='word_1_128' title='bbox 1226 1986 1310 2051; x_wconf 91' lang='lat' dir='ltr'>inter</span> <span class='ocrx_word' id='word_1_129' title='bbox 1333 2006 1368 2051; x_wconf 90' lang='lat' dir='ltr'>se</span> <span class='ocrx_word' id='word_1_130' title='bbox 1390 1985 1520 2071; x_wconf 86' lang='lat' dir='ltr'>plenam</span> <span class='ocrx_word' id='word_1_131' title='bbox 1544 2005 1618 2049; x_wconf 92' lang='lat' dir='ltr'>con-</span> 
     </span>
     <span class='ocr_line' id='line_1_16' title="bbox 284 2092 1617 2179; baseline -0.005 -18"><span class='ocrx_word' id='word_1_132' title='bbox 284 2094 426 2161; x_wconf 86' lang='lat' dir='ltr'>cordiam</span> <span class='ocrx_word' id='word_1_133' title='bbox 459 2094 632 2158; x_wconf 88' lang='lat' dir='ltr'>amicitiam</span> <span class='ocrx_word' id='word_1_134' title='bbox 667 2098 764 2175; x_wconf 86' lang='lat' dir='ltr'>atque</span> <span class='ocrx_word' id='word_1_135' title='bbox 798 2115 910 2179; x_wconf 91' lang='lat' dir='ltr'>pacem</span> <span class='ocrx_word' id='word_1_136' title='bbox 938 2092 1184 2159; x_wconf 90' lang='lat' dir='ltr'>...inducere</span> <span class='ocrx_word' id='word_1_137' title='bbox 1213 2094 1403 2177; x_wconf 89' lang='lat' dir='ltr'>procuretis.</span> <span class='ocrx_word' id='word_1_138' title='bbox 1450 2093 1617 2158; x_wconf 91' lang='lat' dir='ltr'>Preiatum</span> 
     </span>
     <span class='ocr_line' id='line_1_17' title="bbox 284 2198 1618 2287; baseline -0.001 -20"><span class='ocrx_word' id='word_1_139' title='bbox 284 2201 560 2287; x_wconf 88' lang='lat' dir='ltr'>archiepiscopum</span> <span class='ocrx_word' id='word_1_140' title='bbox 586 2200 828 2281; x_wconf 85' lang='lat' dir='ltr'>Treverenscm,</span> <span class='ocrx_word' id='word_1_141' title='bbox 852 2201 905 2266; x_wconf 93' lang='lat' dir='ltr'>ubi</span> <span class='ocrx_word' id='word_1_142' title='bbox 930 2201 1019 2265; x_wconf 90' lang='lat' dir='ltr'>velut</span> <span class='ocrx_word' id='word_1_143' title='bbox 1042 2199 1225 2265; x_wconf 89' lang='lat' dir='ltr'>obedientie</span> <span class='ocrx_word' id='word_1_144' title='bbox 1248 2199 1332 2265; x_wconf 89' lang='lat' dir='ltr'>lilius</span> <span class='ocrx_word' id='word_1_145' title='bbox 1358 2249 1366 2264; x_wconf 93' lang='lat'><strong>.</strong></span> <span class='ocrx_word' id='word_1_146' title='bbox 1390 2250 1397 2265; x_wconf 90' lang='lat'><strong>.</strong></span> <span class='ocrx_word' id='word_1_147' title='bbox 1420 2249 1428 2264; x_wconf 93' lang='lat'><strong>.</strong></span> <span class='ocrx_word' id='word_1_148' title='bbox 1454 2198 1618 2265; x_wconf 92' lang='lat' dir='ltr'>mandatis</span> 
     </span>
     <span class='ocr_line' id='line_1_18' title="bbox 283 2307 1617 2393; baseline -0.001 -18"><span class='ocrx_word' id='word_1_149' title='bbox 283 2309 401 2375; x_wconf 90' lang='lat' dir='ltr'>nostris</span> <span class='ocrx_word' id='word_1_150' title='bbox 424 2307 584 2374; x_wconf 88' lang='lat' dir='ltr'>studuerit</span> <span class='ocrx_word' id='word_1_151' title='bbox 599 2307 731 2374; x_wconf 91' lang='lat' dir='ltr'>obedire</span> <span class='ocrx_word' id='word_1_152' title='bbox 749 2356 756 2372; x_wconf 93' lang='lat'><strong>.</strong></span> <span class='ocrx_word' id='word_1_153' title='bbox 774 2355 781 2370; x_wconf 92' lang='lat'><strong>.</strong></span> <span class='ocrx_word' id='word_1_154' title='bbox 801 2356 808 2371; x_wconf 94' lang='lat'><em>.</em></span> <span class='ocrx_word' id='word_1_155' title='bbox 825 2308 866 2373; x_wconf 90' lang='lat' dir='ltr'>ab</span> <span class='ocrx_word' id='word_1_156' title='bbox 883 2307 1031 2373; x_wconf 91' lang='lat' dir='ltr'>omnibns</span> <span class='ocrx_word' id='word_1_157' title='bbox 1053 2307 1392 2374; x_wconf 87' lang='lat' dir='ltr'>excommunicationis</span> <span class='ocrx_word' id='word_1_158' title='bbox 1409 2358 1417 2372; x_wconf 87' lang='lat'>.</span> <span class='ocrx_word' id='word_1_159' title='bbox 1435 2360 1442 2376; x_wconf 92' lang='lat'><strong>.</strong></span> <span class='ocrx_word' id='word_1_160' title='bbox 1461 2355 1468 2372; x_wconf 90' lang='lat'><strong>.</strong></span> <span class='ocrx_word' id='word_1_161' title='bbox 1485 2326 1617 2393; x_wconf 90' lang='lat' dir='ltr'>suspen·</span> 
     </span>
     <span class='ocr_line' id='line_1_19' title="bbox 283 2414 1616 2499; baseline -0.002 -17"><span class='ocrx_word' id='word_1_162' title='bbox 283 2417 407 2483; x_wconf 90' lang='lat' dir='ltr'>sionum</span> <span class='ocrx_word' id='word_1_163' title='bbox 431 2421 464 2481; x_wconf 88' lang='lat' dir='ltr'>et</span> <span class='ocrx_word' id='word_1_164' title='bbox 486 2414 651 2481; x_wconf 89' lang='lat' dir='ltr'>interdicti</span> <span class='ocrx_word' id='word_1_165' title='bbox 674 2415 890 2481; x_wconf 89' lang='lat' dir='ltr'>sententiis..</span> <span class='ocrx_word' id='word_1_166' title='bbox 909 2464 917 2480; x_wconf 92' lang='lat'><strong>.</strong></span> <span class='ocrx_word' id='word_1_167' title='bbox 934 2414 1111 2481; x_wconf 90' lang='lat' dir='ltr'>absolvatis</span> <span class='ocrx_word' id='word_1_168' title='bbox 1129 2465 1136 2480; x_wconf 93' lang='lat'><strong>.</strong></span> <span class='ocrx_word' id='word_1_169' title='bbox 1154 2464 1162 2480; x_wconf 89' lang='lat'><strong>.</strong></span> <span class='ocrx_word' id='word_1_170' title='bbox 1181 2465 1188 2480; x_wconf 93' lang='lat'><em>.</em></span> <span class='ocrx_word' id='word_1_171' title='bbox 1205 2414 1294 2481; x_wconf 91' lang='lat' dir='ltr'>dicto</span> <span class='ocrx_word' id='word_1_172' title='bbox 1317 2435 1444 2499; x_wconf 90' lang='lat' dir='ltr'>quoque</span> <span class='ocrx_word' id='word_1_173' title='bbox 1464 2415 1616 2498; x_wconf 87' lang='lat' dir='ltr'>Henrico,</span> 
     </span>
     <span class='ocr_line' id='line_1_20' title="bbox 283 2521 1617 2606; baseline -0.003 -16"><span class='ocrx_word' id='word_1_174' title='bbox 283 2525 311 2590; x_wconf 90' lang='lat' dir='ltr'>si</span> <span class='ocrx_word' id='word_1_175' title='bbox 335 2525 420 2590; x_wconf 88' lang='lat' dir='ltr'>forte</span> <span class='ocrx_word' id='word_1_176' title='bbox 453 2522 485 2588; x_wconf 91' lang='lat' dir='ltr'>in</span> <span class='ocrx_word' id='word_1_177' title='bbox 518 2523 651 2588; x_wconf 87' lang='lat' dir='ltr'>civitate</span> <span class='ocrx_word' id='word_1_178' title='bbox 675 2523 726 2587; x_wconf 90' lang='lat' dir='ltr'>vel</span> <span class='ocrx_word' id='word_1_179' title='bbox 758 2521 881 2588; x_wconf 92' lang='lat' dir='ltr'>diocesi</span> <span class='ocrx_word' id='word_1_180' title='bbox 904 2521 1096 2606; x_wconf 78' lang='lat' dir='ltr'>Magantina</span> <span class='ocrx_word' id='word_1_181' title='bbox 1119 2523 1255 2588; x_wconf 90' lang='lat' dir='ltr'>voluerit</span> <span class='ocrx_word' id='word_1_182' title='bbox 1285 2522 1484 2606; x_wconf 89' lang='lat' dir='ltr'>commorari,</span> <span class='ocrx_word' id='word_1_183' title='bbox 1517 2542 1617 2587; x_wconf 91' lang='lat' dir='ltr'>unum</span> 
     </span>
     <span class='ocr_line' id='line_1_21' title="bbox 284 2628 1616 2715; baseline 0 -21"><span class='ocrx_word' id='word_1_184' title='bbox 284 2631 336 2695; x_wconf 88' lang='lat' dir='ltr'>vel</span> <span class='ocrx_word' id='word_1_185' title='bbox 360 2630 423 2696; x_wconf 93' lang='lat' dir='ltr'>duo</span> <span class='ocrx_word' id='word_1_186' title='bbox 448 2629 594 2715; x_wconf 90' lang='lat' dir='ltr'>hospicia</span> <span class='ocrx_word' id='word_1_187' title='bbox 618 2629 661 2694; x_wconf 94' lang='lat' dir='ltr'>ad</span> <span class='ocrx_word' id='word_1_188' title='bbox 689 2649 830 2695; x_wconf 91' lang='lat' dir='ltr'>mensam</span> <span class='ocrx_word' id='word_1_189' title='bbox 863 2648 953 2694; x_wconf 86' lang='lat' dir='ltr'>suam</span> <span class='ocrx_word' id='word_1_190' title='bbox 986 2628 1295 2714; x_wconf 89' lang='lat' dir='ltr'>archiepiscopalem</span> <span class='ocrx_word' id='word_1_191' title='bbox 1327 2631 1518 2714; x_wconf 86' lang='lat' dir='ltr'>spectantia,</span> <span class='ocrx_word' id='word_1_192' title='bbox 1552 2649 1616 2711; x_wconf 89' lang='lat' dir='ltr'>que</span> 
     </span>
     <span class='ocr_line' id='line_1_22' title="bbox 283 2736 1616 2823; baseline -0.002 -20"><span class='ocrx_word' id='word_1_193' title='bbox 283 2759 342 2823; x_wconf 86' lang='lat' dir='ltr'>pro</span> <span class='ocrx_word' id='word_1_194' title='bbox 366 2736 566 2804; x_wconf 86' lang='lat' dir='ltr'>habitatione</span> <span class='ocrx_word' id='word_1_195' title='bbox 589 2755 648 2802; x_wconf 90' lang='lat' dir='ltr'>sua</span> <span class='ocrx_word' id='word_1_196' title='bbox 672 2736 815 2821; x_wconf 83' lang='lat' dir='ltr'>clegerit,</span> <span class='ocrx_word' id='word_1_197' title='bbox 839 2736 1051 2803; x_wconf 82' lang='lat' dir='ltr'>faciatis...</span> <span class='ocrx_word' id='word_1_198' title='bbox 1074 2736 1244 2821; x_wconf 86' lang='lat' dir='ltr'>assignari.</span> <span class='ocrx_word' id='word_1_199' title='bbox 1295 2736 1415 2814; x_wconf 79' lang='lat' dir='ltr'>Quodsi</span> <span class='ocrx_word' id='word_1_200' title='bbox 1439 2736 1524 2802; x_wconf 86' lang='lat' dir='ltr'>iorte</span> <span class='ocrx_word' id='word_1_201' title='bbox 1547 2757 1616 2801; x_wconf 73' lang='lat' dir='ltr'>eos</span> 
     </span>
     <span class='ocr_line' id='line_1_23' title="bbox 284 2842 1615 2930; baseline -0.002 -20"><span class='ocrx_word' id='word_1_202' title='bbox 284 2845 357 2911; x_wconf 91' lang='lat' dir='ltr'>dem</span> <span class='ocrx_word' id='word_1_203' title='bbox 381 2845 642 2930; x_wconf 87' lang='lat' dir='ltr'>archiepiscopos</span> <span class='ocrx_word' id='word_1_204' title='bbox 666 2844 716 2910; x_wconf 91' lang='lat' dir='ltr'>vel</span> <span class='ocrx_word' id='word_1_205' title='bbox 740 2845 875 2910; x_wconf 89' lang='lat' dir='ltr'>alterum</span> <span class='ocrx_word' id='word_1_206' title='bbox 897 2842 1070 2910; x_wconf 90' lang='lat' dir='ltr'>eorundem</span> <span class='ocrx_word' id='word_1_207' title='bbox 1086 2844 1128 2909; x_wconf 91' lang='lat' dir='ltr'>ad</span> <span class='ocrx_word' id='word_1_208' title='bbox 1144 2843 1334 2910; x_wconf 83' lang='lat' dir='ltr'>firmandum</span> <span class='ocrx_word' id='word_1_209' title='bbox 1350 2846 1434 2909; x_wconf 89' lang='lat' dir='ltr'>inter</span> <span class='ocrx_word' id='word_1_210' title='bbox 1448 2863 1484 2910; x_wconf 88' lang='lat' dir='ltr'>se</span> <span class='ocrx_word' id='word_1_211' title='bbox 1499 2863 1615 2929; x_wconf 90' lang='lat' dir='ltr'>pacem</span> 
     </span>
     <span class='ocr_line' id='line_1_24' title="bbox 285 2951 1615 3038; baseline -0.002 -22"><span class='ocrx_word' id='word_1_212' title='bbox 285 2952 465 3020; x_wconf 90' lang='lat' dir='ltr'>huiusmodi</span> <span class='ocrx_word' id='word_1_213' title='bbox 493 2972 616 3018; x_wconf 91' lang='lat' dir='ltr'>necnon</span> <span class='ocrx_word' id='word_1_214' title='bbox 640 2951 683 3018; x_wconf 92' lang='lat' dir='ltr'>ad</span> <span class='ocrx_word' id='word_1_215' title='bbox 708 2952 970 3037; x_wconf 92' lang='lat' dir='ltr'>compositionem</span> <span class='ocrx_word' id='word_1_216' title='bbox 993 2971 1089 3038; x_wconf 88' lang='lat' dir='ltr'>super</span> <span class='ocrx_word' id='word_1_217' title='bbox 1112 2952 1277 3036; x_wconf 89' lang='lat' dir='ltr'>premissis</span> <span class='ocrx_word' id='word_1_218' title='bbox 1299 2951 1457 3018; x_wconf 90' lang='lat' dir='ltr'>fructibus</span> <span class='ocrx_word' id='word_1_219' title='bbox 1482 2999 1542 3016; x_wconf 90' lang='lat'>...</span> <span class='ocrx_word' id='word_1_220' title='bbox 1568 2951 1615 3014; x_wconf 83' lang='lat' dir='ltr'>fa-</span> 
     </span>
     <span class='ocr_line' id='line_1_25' title="bbox 284 3056 1615 3144; baseline -0.003 -18"><span class='ocrx_word' id='word_1_221' title='bbox 284 3059 456 3126; x_wconf 87' lang='lat' dir='ltr'>ciendam.</span> <span class='ocrx_word' id='word_1_222' title='bbox 475 3110 482 3126; x_wconf 93' lang='lat'><strong>.</strong></span> <span class='ocrx_word' id='word_1_223' title='bbox 501 3109 508 3124; x_wconf 93' lang='lat'><em>.</em></span> <span class='ocrx_word' id='word_1_224' title='bbox 526 3059 612 3124; x_wconf 86' lang='lat' dir='ltr'>inira</span> <span class='ocrx_word' id='word_1_225' title='bbox 634 3079 692 3125; x_wconf 83' lang='lat' dir='ltr'>sex</span> <span class='ocrx_word' id='word_1_226' title='bbox 716 3060 869 3126; x_wconf 89' lang='lat' dir='ltr'>mensium</span> <span class='ocrx_word' id='word_1_227' title='bbox 893 3060 1044 3143; x_wconf 87' lang='lat' dir='ltr'>spatium,</span> <span class='ocrx_word' id='word_1_228' title='bbox 1068 3066 1237 3144; x_wconf 90' lang='lat' dir='ltr'>postquam</span> <span class='ocrx_word' id='word_1_229' title='bbox 1253 3056 1296 3124; x_wconf 93' lang='lat' dir='ltr'>ad</span> <span class='ocrx_word' id='word_1_230' title='bbox 1318 3065 1427 3143; x_wconf 89' lang='lat' dir='ltr'>partes</span> <span class='ocrx_word' id='word_1_231' title='bbox 1450 3057 1523 3124; x_wconf 91' lang='lat' dir='ltr'>illas</span> <span class='ocrx_word' id='word_1_232' title='bbox 1545 3079 1615 3144; x_wconf 91' lang='lat' dir='ltr'>per·</span> 
     </span>
     <span class='ocr_line' id='line_1_26' title="bbox 283 3165 1613 3252; baseline -0.001 -19"><span class='ocrx_word' id='word_1_233' title='bbox 283 3168 444 3242; x_wconf 90' lang='lat' dir='ltr'>veneritis,</span> <span class='ocrx_word' id='word_1_234' title='bbox 469 3165 623 3233; x_wconf 90' lang='lat' dir='ltr'>reducere</span> <span class='ocrx_word' id='word_1_235' title='bbox 649 3215 708 3232; x_wconf 87' lang='lat'>...</span> <span class='ocrx_word' id='word_1_236' title='bbox 735 3187 797 3232; x_wconf 92' lang='lat' dir='ltr'>non</span> <span class='ocrx_word' id='word_1_237' title='bbox 821 3167 962 3252; x_wconf 86' lang='lat' dir='ltr'>possitis,</span> <span class='ocrx_word' id='word_1_238' title='bbox 988 3165 1110 3233; x_wconf 91' lang='lat' dir='ltr'>eisdem</span> <span class='ocrx_word' id='word_1_239' title='bbox 1133 3186 1174 3231; x_wconf 83' lang='lat' dir='ltr'>ex</span> <span class='ocrx_word' id='word_1_240' title='bbox 1197 3171 1290 3251; x_wconf 88' lang='lat' dir='ltr'>parte</span> <span class='ocrx_word' id='word_1_241' title='bbox 1313 3173 1423 3232; x_wconf 91' lang='lat' dir='ltr'>nostra</span> <span class='ocrx_word' id='word_1_242' title='bbox 1445 3165 1613 3239; x_wconf 87' lang='lat' dir='ltr'>mandetis,</span> 
     </span>
     <span class='ocr_line' id='line_1_27' title="bbox 282 3272 1613 3360; baseline -0.001 -21"><span class='ocrx_word' id='word_1_243' title='bbox 282 3284 318 3340; x_wconf 90' lang='lat' dir='ltr'>ut</span> <span class='ocrx_word' id='word_1_244' title='bbox 340 3296 398 3360; x_wconf 93' lang='lat' dir='ltr'>per</span> <span class='ocrx_word' id='word_1_245' title='bbox 421 3280 645 3359; x_wconf 89' lang='lat' dir='ltr'>procuratores</span> <span class='ocrx_word' id='word_1_246' title='bbox 667 3272 836 3358; x_wconf 89' lang='lat' dir='ltr'>ydoneos.</span> <span class='ocrx_word' id='word_1_247' title='bbox 856 3322 862 3338; x_wconf 94' lang='lat'><em>.</em></span> <span class='ocrx_word' id='word_1_248' title='bbox 881 3322 889 3339; x_wconf 88' lang='lat'><em>.</em></span> <span class='ocrx_word' id='word_1_249' title='bbox 907 3280 996 3340; x_wconf 91' lang='lat' dir='ltr'>certo</span> <span class='ocrx_word' id='word_1_250' title='bbox 1019 3272 1236 3358; x_wconf 84' lang='lat' dir='ltr'>peremptorio</span> <span class='ocrx_word' id='word_1_251' title='bbox 1256 3274 1391 3339; x_wconf 86' lang='lat' dir='ltr'>termino</span> <span class='ocrx_word' id='word_1_252' title='bbox 1407 3273 1613 3359; x_wconf 87' lang='lat' dir='ltr'>competenti,</span> 
     </span>
     <span class='ocr_line' id='line_1_28' title="bbox 283 3379 1613 3467; baseline -0.002 -20"><span class='ocrx_word' id='word_1_253' title='bbox 283 3402 377 3465; x_wconf 90' lang='lat' dir='ltr'>quem</span> <span class='ocrx_word' id='word_1_254' title='bbox 410 3381 452 3448; x_wconf 91' lang='lat' dir='ltr'>ad</span> <span class='ocrx_word' id='word_1_255' title='bbox 486 3381 547 3448; x_wconf 89' lang='lat' dir='ltr'>hoc</span> <span class='ocrx_word' id='word_1_256' title='bbox 578 3381 625 3446; x_wconf 91' lang='lat' dir='ltr'>eis</span> <span class='ocrx_word' id='word_1_257' title='bbox 657 3379 812 3446; x_wconf 83' lang='lat' dir='ltr'>duxeritis</span> <span class='ocrx_word' id='word_1_258' title='bbox 844 3380 1075 3465; x_wconf 83' lang='lat' dir='ltr'>prefigendnm‚</span> <span class='ocrx_word' id='word_1_259' title='bbox 1108 3380 1250 3465; x_wconf 86' lang='lat' dir='ltr'>legitime</span> <span class='ocrx_word' id='word_1_260' title='bbox 1274 3389 1482 3467; x_wconf 88' lang='lat' dir='ltr'>compareant</span> <span class='ocrx_word' id='word_1_261' title='bbox 1505 3401 1613 3446; x_wconf 91' lang='lat' dir='ltr'>coram</span> 
     </span>
     <span class='ocr_line' id='line_1_29' title="bbox 282 3486 1613 3573; baseline -0.002 -19"><span class='ocrx_word' id='word_1_262' title='bbox 282 3490 383 3556; x_wconf 91' lang='lat' dir='ltr'>nohis.</span> <span class='ocrx_word' id='word_1_263' title='bbox 430 3489 474 3554; x_wconf 89' lang='lat' dir='ltr'>Ut</span> <span class='ocrx_word' id='word_1_264' title='bbox 497 3495 604 3554; x_wconf 89' lang='lat' dir='ltr'>autem</span> <span class='ocrx_word' id='word_1_265' title='bbox 628 3488 660 3552; x_wconf 92' lang='lat' dir='ltr'>in</span> <span class='ocrx_word' id='word_1_266' title='bbox 684 3487 846 3571; x_wconf 90' lang='lat' dir='ltr'>premissis</span> <span class='ocrx_word' id='word_1_267' title='bbox 871 3488 1089 3553; x_wconf 89' lang='lat' dir='ltr'>turbationum</span> <span class='ocrx_word' id='word_1_268' title='bbox 1112 3486 1410 3573; x_wconf 91' lang='lat' dir='ltr'>impedimentorum</span> <span class='ocrx_word' id='word_1_269' title='bbox 1433 3488 1485 3553; x_wconf 87' lang='lat' dir='ltr'>vel</span> <span class='ocrx_word' id='word_1_270' title='bbox 1509 3489 1613 3554; x_wconf 90' lang='lat' dir='ltr'>obsta-</span> 
     </span>
     <span class='ocr_line' id='line_1_30' title="bbox 282 3592 1613 3678; baseline -0.002 -17"><span class='ocrx_word' id='word_1_271' title='bbox 282 3597 422 3662; x_wconf 88' lang='lat' dir='ltr'>culorum</span> <span class='ocrx_word' id='word_1_272' title='bbox 447 3595 661 3678; x_wconf 88' lang='lat' dir='ltr'>quorumlibet</span> <span class='ocrx_word' id='word_1_273' title='bbox 685 3594 816 3660; x_wconf 90' lang='lat' dir='ltr'>tollatur</span> <span class='ocrx_word' id='word_1_274' title='bbox 839 3595 976 3677; x_wconf 89' lang='lat' dir='ltr'>occasio,</span> <span class='ocrx_word' id='word_1_275' title='bbox 1001 3592 1198 3660; x_wconf 88' lang='lat' dir='ltr'>dissolvendi</span> <span class='ocrx_word' id='word_1_276' title='bbox 1221 3592 1381 3659; x_wconf 91' lang='lat' dir='ltr'>vacuandi</span> <span class='ocrx_word' id='word_1_277' title='bbox 1408 3594 1556 3660; x_wconf 90' lang='lat' dir='ltr'>irritandi</span> <span class='ocrx_word' id='word_1_278' title='bbox 1579 3602 1613 3661; x_wconf 89' lang='lat' dir='ltr'>et</span> 
     </span>
     <span class='ocr_line' id='line_1_31' title="bbox 281 3700 1614 3787; baseline 0.001 -19"><span class='ocrx_word' id='word_1_279' title='bbox 281 3702 456 3768; x_wconf 90' lang='lat' dir='ltr'>revocandi</span> <span class='ocrx_word' id='word_1_280' title='bbox 479 3721 590 3768; x_wconf 91' lang='lat' dir='ltr'>omnes</span> <span class='ocrx_word' id='word_1_281' title='bbox 613 3703 779 3785; x_wconf 89' lang='lat' dir='ltr'>pactiones</span> <span class='ocrx_word' id='word_1_282' title='bbox 803 3701 1017 3787; x_wconf 86' lang='lat' dir='ltr'>obligationes</span> <span class='ocrx_word' id='word_1_283' title='bbox 1040 3700 1318 3767; x_wconf 86' lang='lat' dir='ltr'>confederationes</span> <span class='ocrx_word' id='word_1_284' title='bbox 1334 3709 1368 3766; x_wconf 90' lang='lat' dir='ltr'>et</span> <span class='ocrx_word' id='word_1_285' title='bbox 1388 3701 1614 3786; x_wconf 82' lang='lat' dir='ltr'>colligationes</span> 
     </span>
     <span class='ocr_line' id='line_1_32' title="bbox 281 3808 1610 3895; baseline 0.001 -19"><span class='ocrx_word' id='word_1_286' title='bbox 281 3830 339 3895; x_wconf 87' lang='lat' dir='ltr'>per</span> <span class='ocrx_word' id='word_1_287' title='bbox 362 3810 484 3876; x_wconf 89' lang='lat' dir='ltr'>dictum</span> <span class='ocrx_word' id='word_1_288' title='bbox 509 3808 785 3893; x_wconf 91' lang='lat' dir='ltr'>arehiepiscopum</span> <span class='ocrx_word' id='word_1_289' title='bbox 804 3810 1034 3874; x_wconf 84' lang='lat' dir='ltr'>Treverensem</span> <span class='ocrx_word' id='word_1_290' title='bbox 1051 3815 1084 3874; x_wconf 90' lang='lat' dir='ltr'>et</span> <span class='ocrx_word' id='word_1_291' title='bbox 1100 3808 1244 3893; x_wconf 85' lang='lat' dir='ltr'>prefatos</span> <span class='ocrx_word' id='word_1_292' title='bbox 1268 3809 1443 3893; x_wconf 87' lang='lat' dir='ltr'>capitulum</span> <span class='ocrx_word' id='word_1_293' title='bbox 1467 3811 1610 3876; x_wconf 88' lang='lat' dir='ltr'>eiusdem</span> 
     </span>
     <span class='ocr_line' id='line_1_33' title="bbox 273 3915 1613 4000; baseline 0 -16"><span class='ocrx_word' id='word_1_294' title='bbox 273 3915 419 3984; x_wconf 85' lang='lat' dir='ltr'>&#39;ecclesie</span> <span class='ocrx_word' id='word_1_295' title='bbox 442 3917 632 4000; x_wconf 81' lang='lat' dir='ltr'>hlaguntine</span> <span class='ocrx_word' id='word_1_296' title='bbox 656 3915 837 3981; x_wconf 91' lang='lat' dir='ltr'>adinvicem</span> <span class='ocrx_word' id='word_1_297' title='bbox 865 3915 948 3980; x_wconf 89' lang='lat' dir='ltr'>inter</span> <span class='ocrx_word' id='word_1_298' title='bbox 971 3935 1006 3981; x_wconf 92' lang='lat' dir='ltr'>se</span> <span class='ocrx_word' id='word_1_299' title='bbox 1030 3915 1081 3982; x_wconf 91' lang='lat' dir='ltr'>vel</span> <span class='ocrx_word' id='word_1_300' title='bbox 1105 3935 1177 3980; x_wconf 92' lang='lat' dir='ltr'>cum</span> <span class='ocrx_word' id='word_1_301' title='bbox 1202 3916 1453 3999; x_wconf 88' lang='lat' dir='ltr'>quibuscumque</span> <span class='ocrx_word' id='word_1_302' title='bbox 1476 3916 1613 3984; x_wconf 91' lang='lat' dir='ltr'>ducibus</span> 
     </span>
     <span class='ocr_line' id='line_1_34' title="bbox 281 4022 1612 4090; baseline 0.001 -1"><span class='ocrx_word' id='word_1_303' title='bbox 281 4024 516 4089; x_wconf 89' lang='lat' dir='ltr'>marchionibus</span> <span class='ocrx_word' id='word_1_304' title='bbox 549 4023 718 4089; x_wconf 88' lang='lat' dir='ltr'>comitibus</span> <span class='ocrx_word' id='word_1_305' title='bbox 751 4022 958 4088; x_wconf 91' lang='lat' dir='ltr'>baronibus.</span> <span class='ocrx_word' id='word_1_306' title='bbox 986 4071 993 4088; x_wconf 90' lang='lat'><strong>.</strong></span> <span class='ocrx_word' id='word_1_307' title='bbox 1021 4071 1029 4088; x_wconf 88' lang='lat'><em>.</em></span> <span class='ocrx_word' id='word_1_308' title='bbox 1054 4024 1233 4089; x_wconf 89' lang='lat' dir='ltr'>rectoribus</span> <span class='ocrx_word' id='word_1_309' title='bbox 1261 4024 1401 4089; x_wconf 92' lang='lat' dir='ltr'>scabinis</span> <span class='ocrx_word' id='word_1_310' title='bbox 1429 4024 1612 4090; x_wconf 88' lang='lat' dir='ltr'>consulibus</span> 
     </span>
     <span class='ocr_line' id='line_1_35' title="bbox 281 4129 1611 4216; baseline -0.002 -18"><span class='ocrx_word' id='word_1_311' title='bbox 281 4129 562 4198; x_wconf 89' lang='lat' dir='ltr'>communitatibus</span> <span class='ocrx_word' id='word_1_312' title='bbox 585 4130 846 4196; x_wconf 89' lang='lat' dir='ltr'>universitatibus</span> <span class='ocrx_word' id='word_1_313' title='bbox 870 4131 994 4196; x_wconf 89' lang='lat' dir='ltr'>civibus</span> <span class='ocrx_word' id='word_1_314' title='bbox 1022 4137 1055 4196; x_wconf 91' lang='lat' dir='ltr'>et</span> <span class='ocrx_word' id='word_1_315' title='bbox 1083 4131 1197 4196; x_wconf 89' lang='lat' dir='ltr'>incolis</span> <span class='ocrx_word' id='word_1_316' title='bbox 1227 4151 1267 4196; x_wconf 90' lang='lat' dir='ltr'>ac</span> <span class='ocrx_word' id='word_1_317' title='bbox 1294 4131 1440 4216; x_wconf 89' lang='lat' dir='ltr'>personis</span> <span class='ocrx_word' id='word_1_318' title='bbox 1463 4131 1536 4197; x_wconf 89' lang='lat' dir='ltr'>aliis</span> <span class='ocrx_word' id='word_1_319' title='bbox 1559 4151 1611 4196; x_wconf 91' lang='lat' dir='ltr'>ec·</span> 
     </span>
     <span class='ocr_line' id='line_1_36' title="bbox 281 4234 1611 4320; baseline -0.001 -16"><span class='ocrx_word' id='word_1_320' title='bbox 281 4237 470 4304; x_wconf 88' lang='lat' dir='ltr'>clesiasticis</span> <span class='ocrx_word' id='word_1_321' title='bbox 494 4243 526 4302; x_wconf 93' lang='lat' dir='ltr'>et</span> <span class='ocrx_word' id='word_1_322' title='bbox 549 4237 747 4303; x_wconf 87' lang='lat' dir='ltr'>secularibus</span> <span class='ocrx_word' id='word_1_323' title='bbox 760 4236 928 4302; x_wconf 87' lang='lat' dir='ltr'>Alamanie</span> <span class='ocrx_word' id='word_1_324' title='bbox 953 4234 1271 4319; x_wconf 88' lang='lat' dir='ltr'>quomodolibet...</span> <span class='ocrx_word' id='word_1_325' title='bbox 1293 4238 1400 4320; x_wconf 87' lang='lat' dir='ltr'>initas,</span> <span class='ocrx_word' id='word_1_326' title='bbox 1425 4239 1611 4305; x_wconf 89' lang='lat' dir='ltr'>iuramentis</span> 
     </span>
     <span class='ocr_line' id='line_1_37' title="bbox 281 4343 1609 4430; baseline 0.001 -20"><span class='ocrx_word' id='word_1_327' title='bbox 281 4345 373 4430; x_wconf 89' lang='lat' dir='ltr'>penis</span> <span class='ocrx_word' id='word_1_328' title='bbox 397 4344 647 4428; x_wconf 83' lang='lat' dir='ltr'>obligationibus</span> <span class='ocrx_word' id='word_1_329' title='bbox 671 4351 703 4410; x_wconf 91' lang='lat' dir='ltr'>et</span> <span class='ocrx_word' id='word_1_330' title='bbox 726 4343 799 4409; x_wconf 92' lang='lat' dir='ltr'>aliis</span> <span class='ocrx_word' id='word_1_331' title='bbox 823 4343 1019 4426; x_wconf 89' lang='lat' dir='ltr'>quibuslibet</span> <span class='ocrx_word' id='word_1_332' title='bbox 1045 4344 1277 4410; x_wconf 90' lang='lat' dir='ltr'>firmitatibus.</span> <span class='ocrx_word' id='word_1_333' title='bbox 1301 4392 1309 4407; x_wconf 94' lang='lat'>.</span> <span class='ocrx_word' id='word_1_334' title='bbox 1332 4343 1527 4411; x_wconf 79' lang='lat' dir='ltr'>,roboratas</span> <span class='ocrx_word' id='word_1_335' title='bbox 1550 4365 1609 4411; x_wconf 90' lang='lat' dir='ltr'>nec</span> 
     </span>
     <span class='ocr_line' id='line_1_38' title="bbox 280 4449 1609 4518; baseline 0.001 -1"><span class='ocrx_word' id='word_1_336' title='bbox 280 4472 344 4517; x_wconf 92' lang='lat' dir='ltr'>non</span> <span class='ocrx_word' id='word_1_337' title='bbox 366 4450 534 4518; x_wconf 87' lang='lat' dir='ltr'>relaxandi</span> <span class='ocrx_word' id='word_1_338' title='bbox 558 4449 740 4517; x_wconf 87' lang='lat' dir='ltr'>huiusmodi</span> <span class='ocrx_word' id='word_1_339' title='bbox 764 4469 887 4517; x_wconf 91' lang='lat' dir='ltr'>necnon</span> <span class='ocrx_word' id='word_1_340' title='bbox 911 4449 1076 4517; x_wconf 86' lang='lat' dir='ltr'>fidelitatis</span> <span class='ocrx_word' id='word_1_341' title='bbox 1099 4451 1282 4518; x_wconf 87' lang='lat' dir='ltr'>avassallis</span> <span class='ocrx_word' id='word_1_342' title='bbox 1305 4451 1447 4518; x_wconf 89' lang='lat' dir='ltr'>eiusdem</span> <span class='ocrx_word' id='word_1_343' title='bbox 1472 4453 1609 4518; x_wconf 89' lang='lat' dir='ltr'>ecclesie</span> 
     </span>
     <span class='ocr_line' id='line_1_39' title="bbox 281 4559 1610 4646; baseline -0.001 -20"><span class='ocrx_word' id='word_1_344' title='bbox 281 4567 313 4626; x_wconf 92' lang='lat' dir='ltr'>et</span> <span class='ocrx_word' id='word_1_345' title='bbox 346 4560 411 4626; x_wconf 91' lang='lat' dir='ltr'>alia</span> <span class='ocrx_word' id='word_1_346' title='bbox 443 4559 584 4642; x_wconf 92' lang='lat' dir='ltr'>quelibet</span> <span class='ocrx_word' id='word_1_347' title='bbox 617 4559 838 4624; x_wconf 88' lang='lat' dir='ltr'>iuramentaa</span> <span class='ocrx_word' id='word_1_348' title='bbox 866 4560 1118 4643; x_wconf 90' lang='lat' dir='ltr'>quibuscumque</span> <span class='ocrx_word' id='word_1_349' title='bbox 1149 4561 1294 4644; x_wconf 85' lang='lat' dir='ltr'>prestita,</span> <span class='ocrx_word' id='word_1_350' title='bbox 1329 4579 1388 4645; x_wconf 89' lang='lat' dir='ltr'>per</span> <span class='ocrx_word' id='word_1_351' title='bbox 1420 4579 1482 4642; x_wconf 88' lang='lat' dir='ltr'>que</span> <span class='ocrx_word' id='word_1_352' title='bbox 1514 4580 1610 4646; x_wconf 89' lang='lat' dir='ltr'>super</span> 
     </span>
     <span class='ocr_line' id='line_1_40' title="bbox 279 4665 1610 4753; baseline 0.002 -21"><span class='ocrx_word' id='word_1_353' title='bbox 279 4668 444 4753; x_wconf 90' lang='lat' dir='ltr'>premissis</span> <span class='ocrx_word' id='word_1_354' title='bbox 467 4665 559 4732; x_wconf 91' lang='lat' dir='ltr'>vobis</span> <span class='ocrx_word' id='word_1_355' title='bbox 589 4666 851 4751; x_wconf 91' lang='lat' dir='ltr'>impedimentum</span> <span class='ocrx_word' id='word_1_356' title='bbox 883 4674 992 4751; x_wconf 92' lang='lat' dir='ltr'>posset</span> <span class='ocrx_word' id='word_1_357' title='bbox 1026 4666 1265 4749; x_wconf 91' lang='lat' dir='ltr'>quomodolibet</span> <span class='ocrx_word' id='word_1_358' title='bbox 1287 4667 1466 4752; x_wconf 90' lang='lat' dir='ltr'>provenire,</span> <span class='ocrx_word' id='word_1_359' title='bbox 1497 4688 1537 4734; x_wconf 95' lang='lat' dir='ltr'>ac</span> <span class='ocrx_word' id='word_1_360' title='bbox 1559 4689 1610 4752; x_wconf 84' lang='lat' dir='ltr'>ea,</span> 
     </span>
     <span class='ocr_line' id='line_1_41' title="bbox 281 4773 1607 4864; baseline 0.001 -23"><span class='ocrx_word' id='word_1_361' title='bbox 281 4783 376 4864; x_wconf 90' lang='lat' dir='ltr'>prout</span> <span class='ocrx_word' id='word_1_362' title='bbox 404 4773 579 4842; x_wconf 90' lang='lat' dir='ltr'>secundum</span> <span class='ocrx_word' id='word_1_363' title='bbox 609 4773 702 4839; x_wconf 91' lang='lat' dir='ltr'>deum</span> <span class='ocrx_word' id='word_1_364' title='bbox 728 4773 884 4855; x_wconf 89' lang='lat' dir='ltr'>videritis,</span> <span class='ocrx_word' id='word_1_365' title='bbox 920 4773 1115 4840; x_wconf 90' lang='lat' dir='ltr'>dissolvendi</span> <span class='ocrx_word' id='word_1_366' title='bbox 1146 4774 1305 4840; x_wconf 88' lang='lat' dir='ltr'>vacuandi</span> <span class='ocrx_word' id='word_1_367' title='bbox 1339 4774 1485 4840; x_wconf 91' lang='lat' dir='ltr'>irritandi</span> <span class='ocrx_word' id='word_1_368' title='bbox 1519 4797 1607 4842; x_wconf 90' lang='lat' dir='ltr'>revo-</span> 
     </span>
    </p>
   </div>
   <div class='ocr_carea' id='block_1_3' title="bbox 0 0 1826 5509">
    <p class='ocr_par' dir='ltr' id='par_1_3' title="bbox 0 0 1826 5509">
     <span class='ocr_line' id='line_1_42' title="bbox 0 0 1826 5509; baseline 0 3"><span class='ocrx_word' id='word_1_369' title='bbox 0 0 1826 5509; x_wconf 95' lang='lat' dir='ltr'> </span> 
     </span>
    </p>
   </div>
  </div>
 </body>
</html>
