3642 5509
745 404 814 460 1336
834 404 963 460 October
983 405 1025 460 15.

328 664 456 730 2264.
487 668 573 730 1336
598 667 738 732 October
764 667 815 732 15.
841 663 1007 751 Aoipaoo.

328 807 522 874 Benedictus
541 807 617 891 XII,
642 808 798 874 enarratis
814 809 918 875 fusius
934 810 1089 892 omnibus,
1115 830 1176 893 que
1199 816 1274 895 post
1295 810 1416 876 obitum
1434 810 1556 876 Mathis

222 912 456 1000 archiepiscopi
487 915 667 999 Maguntini
700 917 732 981 in
767 915 910 980 favorem
944 917 1075 983 chrici
1099 916 1140 982 de
1164 917 1356 1002 Virneburg,
1392 917 1433 983 de
1467 918 1557 983 cuius

222 1039 359 1104 persona
382 1021 542 1088 Iohannes
558 1023 657 1086 XXII
682 1029 753 1107 post
770 1023 892 1089 Mathis
908 1024 1030 1089 obitum
1045 1023 1188 1109 providit
1204 1023 1342 1091 ecclesie
1356 1024 1555 1108 Maguntine,

222 1136 254 1192 et
270 1127 424 1194 adversus
434 1129 657 1195 Baldevvinum
673 1130 950 1216 arehiepiscopum
958 1132 1200 1208 Treverensem,
1214 1132 1268 1215 qui
1285 1153 1326 1199 ex
1343 1133 1499 1197 electione
1515 1129 1556 1196 de

221 1255 256 1298 se
273 1255 293 1300 a
309 1235 450 1320 capitulo
467 1237 545 1303 eccl.
563 1237 594 1301 M
597 1237 750 1321 ιςιιιιιιιιι
766 1236 855 1302 facta
871 1257 905 1304 se
921 1239 1024 1322 gessit
1039 1245 1072 1303 et
1086 1239 1172 1322 gerit
1187 1259 1245 1323 pro
1262 1237 1404 1305 eiusdem
1421 1239 1557 1305 ecclesie

221 1341 483 1410 administratore
507 1365 640 1428 eamque
664 1365 722 1430 per
737 1350 861 1429 septem
877 1365 978 1411 annos
1002 1352 1033 1410 et
1057 1345 1193 1430 amplius
1212 1350 1403 1431 occupatam
1421 1344 1557 1411 detinuit

222 1463 256 1514 et
280 1448 412 1533 detinet,
446 1459 479 1516 et
502 1451 691 1517 Baldevvino
720 1451 914 1517 adherentes
942 1473 963 1517 a
987 1453 1075 1518 curia
1098 1453 1244 1518 Romana
1277 1459 1310 1518 et
1332 1453 1557 1519 executoribus

222 1563 255 1622 et
279 1557 439 1625 iudicibus
462 1560 503 1624 ab
528 1579 567 1626 ea
584 1558 746 1645 deputatis
770 1567 845 1625 aeta
861 1567 944 1645 sunt
970 1560 1124 1644 declarat,
1148 1559 1372 1627 Baldevvinum
1395 1566 1428 1626 et
1451 1557 1557 1625 eidem

221 1665 255 1728 in
278 1665 408 1750 negotio
432 1667 621 1752 Magantlno
657 1666 890 1734 adherentes
882 1689 946 1733 ram
979 1688 1037 1752 per
1066 1667 1220 1736 Iohannis
1244 1668 1343 1733 XXII
1366 1668 1532 1734 litteras
1523 1689 1557 1732 ιιι

222 1772 365 1838 favorem
377 1773 511 1840 Henrici
524 1774 628 1842 editas
640 1783 672 1841 et
685 1795 723 1840 cx
736 1777 940 1861 processibus
956 1796 1066 1840 earum
1078 1776 1197 1841 virtute
1208 1796 1267 1861 per
1279 1774 1556 1861 archiepiscopum

222 1849 394 1945 Henricum
432 1880 653 1948 Coloniensem
689 1889 721 1947 et
755 1883 999 1948 Emeriohonem
1034 1884 1230 1968 prepositum
1266 1883 1345 1949 eccl.
1370 1881 1557 1948 Zetlicensis

223 1985 321 2052 habit
299 1993 340 2052 trs
357 1990 696 2055 excommunicationis
719 1991 912 2055 senteutiam
938 1989 1123 2075 dictumque
1147 1991 1323 2076 capitulum
1337 1990 1557 2075 suspensIonis

222 2099 254 2156 ot
277 2093 358 2159 alias
381 2115 482 2179 penas
505 2096 675 2162 incurrisse
706 2116 745 2161 ac
769 2097 988 2180 Magantinam
1013 2097 1183 2163 ecclesiam
1217 2103 1250 2163 et
1273 2096 1426 2183 oppidum
1449 2096 1557 2163 Erfor·

222 2199 321 2267 dense
344 2201 516 2268 interdIeto
540 2203 717 2269 subiacere.
765 2203 999 2270 Niehilominus
1023 2204 1254 2287 Baldevvinum,
1290 2205 1467 2291 capitulum
1492 2205 1556 2270 Ma·

221 2310 388 2391 guntinnm
415 2316 449 2375 et
471 2309 650 2394 singulares
674 2311 807 2397 capituli
832 2332 986 2396 personas
1015 2313 1126 2396 eisque
1149 2311 1341 2379 adherentes
1364 2319 1473 2378 monet
1495 2311 1557 2379 eis·

222 2435 283 2498 que
306 2415 449 2501 mandat,
473 2425 508 2482 ut
532 2417 616 2483 infra
639 2417 773 2485 duorum
797 2419 952 2485 mensium
977 2421 1122 2504 spacium
1147 2419 1287 2486 Henrieo
1311 2419 1556 2505 archiepiscopo

222 2523 409 2608 Magantino
433 2523 740 2591 administrationem
764 2526 978 2611 spirituahum
1009 2532 1041 2591 et
1064 2526 1289 2612 temporalium
1321 2527 1400 2593 eccl.
1424 2527 1556 2611 Magan-

222 2630 288 2694 tine
311 2629 474 2695 dimittant
491 2631 622 2715 eiusque
638 2634 856 2718 possessiones
872 2633 1053 2699 restituant.
1090 2633 1212 2711 Quodsi
1228 2653 1305 2700 vero
1326 2635 1360 2699 in
1375 2635 1557 2719 pertinacia

220 2745 253 2802 et
276 2739 449 2804 rebellione
477 2758 535 2804 sua
558 2739 762 2824 perdurarint
794 2741 877 2805 ultra
901 2741 1071 2806 terminum
1094 2739 1302 2824 antedictum,
1336 2741 1417 2807 citat
1439 2739 1556 2806 Baldo-

221 2843 349 2920 winum,
373 2852 410 2911 ut
433 2845 517 2912 inira
541 2845 675 2912 duorum
698 2849 853 2913 mensium
876 2849 1020 2933 spacium
1050 2846 1231 2933 predictum
1254 2847 1423 2913 terminum
1447 2849 1557 2913 imme·

222 2950 310 3017 diate
326 2954 526 3035 sequentium
541 2955 719 3038 apostolico
736 2955 923 3039 conspectui
940 2954 1151 3040 personaliter
1173 2974 1209 3021 se
1225 2960 1389 3040 presentet
1412 2955 1558 3021 tacturus

222 3063 255 3124 et
289 3065 486 3145 recepturus,
527 3059 612 3144 quod
650 3062 804 3146 premisse
837 3060 1057 3128 inobedientia
1091 3068 1124 3128 et
1158 3062 1383 3128 obstinationis
1418 3062 1558 3146 qualitas

221 3167 434 3252 postulaverit
449 3175 482 3233 et
498 3168 579 3234 alias
595 3188 680 3255 pape
696 3168 909 3254 beneplacitis
925 3168 1096 3255 pariturus.
1131 3170 1266 3255 Insuper
1289 3170 1454 3236 universas
1477 3168 1558 3235 elec-

222 3275 343 3340 tionum
366 3276 398 3340 in
416 3276 585 3361 episcopos
600 3276 653 3342 vel
669 3277 805 3342 abbates
820 3296 876 3342 seu
892 3277 1075 3344 abbatissas
1090 3277 1143 3342 vel
1157 3276 1339 3363 prepositos
1362 3277 1395 3341 in
1411 3275 1557 3342 ecclesiis

221 3401 278 3448 seu
316 3384 518 3450 monasteriis
554 3383 820 3467 confirmationes,
860 3384 1119 3450 consecrationes
1157 3389 1190 3449 et
1224 3381 1466 3449 benedictiones
1499 3401 1558 3468 per

221 3489 443 3556 Baldevvinum
477 3510 534 3556 seu
569 3491 744 3576 capitulum
781 3490 1001 3575 Magnntinum
1041 3509 1098 3556 sen
1133 3510 1242 3556 eorum
1277 3489 1471 3556 auctoritate
1505 3489 1558 3555 vel

222 3596 374 3663 mandato
391 3597 424 3662 in
442 3598 588 3664 ecclesiis
604 3598 818 3683 suffraganeis
839 3617 895 3664 seu
911 3598 1049 3664 subditis
1065 3597 1202 3664 ecclesie
1218 3597 1405 3681 Magantine
1420 3602 1556 3682 attemp-

222 3709 307 3770 tatas
330 3724 453 3771 necnon
470 3704 668 3788 collationes,
692 3705 893 3790 provisiones
917 3711 978 3771 ete.
996 3705 1224 3771 beneficiorum
1239 3704 1346 3775 lactas
1368 3723 1427 3789 por
1442 3702 1556 3769 Balde·

220 3810 339 3878 vvinnm
363 3831 419 3877 seu
443 3812 617 3897 capitulum
639 3813 862 3896 Maguntinum
890 3818 964 3897 post
987 3813 1202 3898 provisionem
1226 3811 1358 3877 Henriei
1381 3812 1555 3899 archiepis·

222 3919 295 4003 copi
320 3917 498 4001 Magantini
534 3925 641 3985 cassat
675 3920 746 3985 et
736 3921 922 3984 1rritat.-·-
944 3920 1034 3986 Inter
1057 3920 1229 3986 canonicos
1264 3919 1341 3985 eccl.
1366 3919 1556 4004 Magnntine

222 4025 414 4092 adherentes
430 4024 620 4092 Baldevviuo
634 4025 783 4092 videntur
799 4025 833 4090 hi
849 4047 890 4092 ex
902 4025 987 4092 dioc.
1000 4027 1132 4092 Trever.
1145 4045 1216 4093 esse
1232 4025 1372 4093 oriundi:
1396 4025 1557 4094 Iohannes

222 4132 328 4199 dictus
344 4134 463 4199 Botton
475 4132 517 4200 de
533 4133 676 4216 Treveri,
691 4132 880 4199 Wilhelmus
897 4132 938 4199 de
953 4133 1080 4218 Aspalt,
1104 4132 1307 4199 Hermannus
1319 4131 1360 4198 de
1375 4133 1555 4219 Sconeeke,

222 4240 376 4308 Emestus
399 4239 441 4306 de
463 4238 778 4307 Munstermenevelt.

329 4348 469 4415 Effrenis
503 4345 702 4431 quorundam
736 4346 959 4414 malitia...
1006 4347 1082 4414 Dat.
1114 4345 1210 4414 Avin.
1244 4347 1317 4415 idus
1352 4348 1493 4414 octobris
1525 4368 1554 4414 a.

222 4454 375 4523 seeundo.

382 4615 456 4686 Περ.
475 4613 692 4682 121ar.550;
721 4615 773 4670 Ra.
793 4613 869 4668 1839
896 4616 946 4679 (cto
968 4613 1091 4668 membr.
1115 4629 1159 4668 or.
1184 4611 1220 4668 ia
1238 4611 1326 4669 Arcb.
1345 4608 1430 4682 rapio
1449 4610 1557 4667 Morsa-

383 4703 467 4762 cebet
484 4705 679 4773 mercato).
