3642 5509
331 355 385 410 570
870 355 939 410 1340
958 355 1080 427 August
1099 358 1142 412 30.

330 535 485 620 predicte.
542 536 644 616 Quam
678 537 806 620 quidem
838 536 1088 602 matriculariam
1122 558 1193 604 cum
1227 539 1372 605 omuibus
1404 540 1471 604 suis
1505 539 1593 604 bonis
1624 545 1652 602 et

330 643 452 708 iuribus
479 643 634 729 predictis
662 664 701 708 ae
725 645 930 729 pertinenciis
960 644 1117 710 universis
1147 646 1384 732 incorporamus
1414 645 1500 712 dicte
1530 646 1653 712 ecclesie

331 749 372 814 de
397 750 595 816 Cudekoven
619 759 652 816 et
675 753 808 817 unimus.
855 751 1030 817 Residuum
1055 771 1131 817 vero
1155 754 1253 818 totius
1276 753 1444 838 parrochie
1467 753 1652 836 deErclens

330 857 500 942 parrochia
532 857 573 922 de
601 858 807 939 Oudekoveu,
841 866 876 923 ut
899 865 949 925 est
972 858 1103 940 dietum,
1138 861 1280 942 exclusa,
1314 879 1438 927 necnon
1470 879 1601 945 persone
1625 861 1653 925 in

329 965 400 1048 ipso
432 963 560 1030 residuo
594 972 824 1032 commorantes
856 964 900 1030 ad
932 965 1033 1050 ipsius
1065 966 1204 1033 ecclesie
1237 965 1278 1032 de
1302 967 1434 1033 Erclens
1461 967 1652 1052 parrochiam

329 1072 544 1156 pertinebunt.
591 1072 650 1137 Oui
674 1073 809 1139 ecclesie
834 1071 874 1138 de
891 1072 1024 1138 Erclens
1047 1093 1105 1159 pro
1129 1073 1287 1140 suadete
1311 1094 1434 1140 necnon
1451 1077 1519 1141 eius
1543 1076 1652 1140 vicario

330 1200 387 1264 pro
411 1199 469 1245 sua
493 1179 709 1264 competentia
731 1180 980 1246 matriculariam
1004 1179 1146 1246 eiusdem
1171 1181 1306 1248 ecclesie
1335 1202 1406 1246 eum
1430 1184 1574 1249 omnibus
1596 1183 1654 1247 suis

329 1287 422 1352 bonis
445 1285 623 1354 redditibus
639 1288 845 1370 proventibus
868 1295 901 1353 et
925 1288 1131 1372 pertinenciis
1148 1288 1306 1355 universis
1324 1288 1565 1375 incorporamus
1579 1290 1654 1356 simi-

328 1395 401 1459 liter
424 1402 456 1460 et
479 1396 605 1462 unimus
627 1416 690 1460 una
714 1415 786 1460 cum
810 1396 955 1461 omnibus
978 1395 1192 1463 oblationibus
1208 1398 1429 1463 emolumentis
1451 1402 1484 1463 et
1500 1397 1573 1463 aliis
1593 1417 1655 1482 pro

329 1503 471 1568 venturis
495 1502 536 1568 de
559 1504 703 1588 personis
725 1503 768 1568 ad
792 1502 994 1588 parrochiam
1019 1505 1121 1589 ipsam
1145 1504 1186 1569 de
1205 1504 1338 1571 Erclens
1361 1505 1604 1590 pertinentibus,
1625 1512 1656 1570 ut

329 1616 378 1675 est
394 1608 524 1676 dictum.
565 1612 775 1695 Assignamus
790 1611 920 1696 insuper
936 1609 1023 1677 dieto
1041 1611 1163 1677 vicario
1187 1611 1228 1678 dc
1241 1612 1374 1679 Erclens
1398 1632 1506 1678 omnes
1523 1632 1655 1699 capones

329 1715 371 1782 ad
396 1719 499 1803 ipsam
523 1718 693 1784 ecelesiam
718 1716 758 1783 de
771 1717 904 1783 Erclens
927 1718 968 1783 ab
992 1720 1124 1801 antiquo
1148 1725 1332 1805 spectantes
1355 1739 1477 1786 necnon
1503 1726 1535 1786 et
1550 1727 1655 1800 terras,

329 1824 370 1889 de
393 1826 508 1908 quibus
532 1825 637 1890 eidem
661 1826 797 1892 ecclesie
821 1824 862 1891 de
878 1825 1011 1892 Erclens
1034 1825 1077 1892 ad
1100 1845 1270 1894 accensam
1293 1828 1426 1912 triginta
1449 1826 1573 1894 maldra
1595 1827 1654 1893 sili-

327 1933 412 2016 ginis
427 1941 460 1997 et
475 1939 548 1998 octo
572 1953 674 1999 avene
699 1941 933 2000 consueverunt
949 1933 1083 2018 singulis
1099 1933 1191 2000 anuis
1215 1934 1331 2002 exolvi.
1378 1935 1501 2014 Quibus
1517 1937 1656 2000 omnibus

326 2039 544 2106 mediantibus
572 2042 666 2107 ambo
695 2041 808 2107 vicarii
838 2041 973 2124 quilibet
1002 2043 1166 2107 annuatim
1189 2043 1222 2108 in
1245 2063 1304 2108 sua
1327 2043 1465 2108 ecelesia
1492 2043 1533 2108 de
1556 2045 1655 2108 matri-

251 2144 254 2148 ’
328 2147 447 2212 culario
470 2147 598 2233 ydoneo
622 2149 739 2213 clerico
763 2169 825 2214 uon
850 2150 1022 2233 coniugato
1053 2149 1213 2215 tenebitur
1235 2148 1415 2234 providere.
1474 2151 1536 2216 Per
1566 2171 1654 2234 quam

326 2255 612 2321 matriculariorum
628 2257 843 2341 provisionem
858 2257 965 2342 potius
989 2263 1038 2322 est
1061 2263 1094 2322 et
1117 2258 1178 2322 erit
1201 2257 1346 2324 ecclesiis
1363 2257 1516 2342 predictis
1538 2278 1655 2324 necnon

327 2363 548 2447 parrochianis
580 2363 752 2428 earundem
785 2365 958 2450 provisum,
992 2385 1086 2447 quam
1120 2363 1309 2448 detractum,
1344 2385 1414 2430 cnm
1441 2366 1655 2446 matricularii,

328 2470 382 2552 qui
405 2491 462 2555 pro
485 2477 629 2556 ternpore
652 2471 789 2551 fuerunt,
821 2479 1064 2555 consueverunt,
1093 2474 1175 2538 sicut
1205 2492 1246 2538 ex
1273 2471 1486 2556 inquisicione
1513 2472 1656 2558 diligenti

327 2578 416 2644 faeta
434 2579 623 2662 recepimus,
647 2578 881 2644 matriculariae
904 2599 978 2646 suas
1001 2579 1044 2646 ad
1060 2579 1186 2646 firmam
1210 2580 1374 2646 aceensire
1398 2587 1430 2646 ct
1453 2580 1571 2647 exinde
1594 2581 1656 2666 piu-

327 2686 490 2770 guioribus
522 2686 681 2752 fructibus
715 2687 876 2773 perceptis
911 2687 1076 2771 ecclesias,
1112 2688 1227 2770 quibus
1262 2686 1425 2754 deservire
1459 2689 1656 2770 tenebantur,

327 2793 511 2859 deserentes
533 2813 590 2879 per
614 2794 695 2860 alios
718 2793 848 2859 easdem
872 2793 1038 2860 faciebant
1061 2793 1226 2878 deserviri,
1257 2794 1343 2878 quod
1367 2815 1450 2860 nuuc
1473 2795 1656 2880 diligentius

326 2908 423 2984 atque
446 2901 594 2967 solertius
610 2900 678 2983 liet,
702 2901 729 2968 si
754 2903 866 2968 vicarii
890 2902 1038 2988 predicti,
1063 2902 1106 2967 ad
1131 2923 1263 2985 quorum
1287 2902 1329 2968 de
1352 2904 1420 2969 iure
1436 2908 1563 2988 spectat
1586 2903 1655 2970 olii-

327 3010 421 3091 cium,
444 3028 501 3074 suo
524 3009 666 3093 periculo
689 3009 890 3075 sufficientes
919 3016 951 3075 et
977 3009 1122 3095 ydoneos
1149 3011 1382 3077 matricularios
1404 3011 1467 3078 sibi
1497 3017 1658 3077 assumant

326 3122 359 3181 et
386 3117 421 3182 in
451 3116 522 3199 hoe,
550 3117 577 3181 si
607 3116 784 3201 negligant,
818 3137 875 3202 per
907 3137 981 3183 suos
1009 3116 1254 3184 archidiaconos
1278 3125 1310 3184 et
1337 3117 1518 3204 superiores
1542 3117 1657 3204 corrigi

326 3228 476 3309 poterunt
498 3231 531 3290 et
553 3225 667 3309 puniri.
716 3225 975 3290 cathedraticum
1006 3231 1113 3290 autem
1143 3232 1176 3291 et
1204 3226 1367 3291 obsonium
1397 3224 1507 3292 debita
1534 3227 1656 3292 ratione

326 3328 414 3395 dicte
437 3331 572 3396 ecclesie
601 3331 643 3396 dc
666 3332 800 3398 Erclens
827 3352 950 3397 necnon
981 3332 1218 3414 subventiones,
1247 3353 1326 3417 quas
1348 3353 1413 3399 non
1437 3332 1478 3399 de
1506 3333 1657 3398 mandato

326 3437 412 3506 sedis
428 3439 605 3524 apostolice
628 3438 686 3505 sed
702 3441 843 3523 gratiose
867 3440 1000 3505 concedi
1026 3441 1189 3523 continget
1205 3441 1356 3525 episcopo
1373 3446 1404 3505 et
1420 3441 1657 3516 archidiacono,

326 3549 380 3630 qui
408 3555 499 3612 erunt
528 3568 585 3632 pro
609 3554 763 3632 tempore,
797 3570 816 3612 a
848 3547 1003 3612 fratribus
1036 3548 1161 3614 concilii
1186 3545 1228 3613 de
1251 3549 1510 3633 Wassembergh,
1541 3551 1657 3633 inquo

325 3655 397 3738 ipsa
419 3655 558 3720 eeclesia
582 3654 622 3719 de
647 3655 778 3720 Erclens
802 3655 864 3719 sita
888 3661 946 3738 est,
972 3653 1077 3720 dietus
1101 3655 1240 3720 vicarius
1265 3654 1304 3720 de
1328 3655 1461 3722 Erclens
1485 3678 1557 3722 eum
1581 3660 1658 3723 inte

325 3763 444 3846 gvitate
468 3761 629 3846 persolvet
657 3761 824 3844 dictosque
847 3763 1044 3847 prepositum
1069 3762 1224 3827 decanum
1249 3770 1281 3828 et
1305 3764 1478 3846 capitulum
1508 3766 1656 3848 liquense

326 3889 366 3933 ae
392 3870 562 3935 eeclesiam
587 3869 627 3932 dc
654 3869 850 3934 Cudehoveu
875 3868 1094 3954 supradictam
1119 3869 1194 3934 inde
1218 3870 1360 3934 totaliter
1385 3872 1573 3954 aequitabit.
1621 3872 1654 3939 Si

326 3977 422 4041 etiam
441 3977 640 4058 contingeret
656 3976 689 4040 in
705 3976 844 4042 futurum
862 3977 1031 4042 ecelesiam
1048 3977 1115 4042 sive
1132 3976 1332 4061 parrochiam
1350 3976 1391 4042 de
1402 3977 1536 4045 Erclens
1556 3981 1656 4046 eccle

325 4085 456 4149 siastieo
473 4083 644 4149 interdicto
660 4085 795 4168 supponi
813 4084 862 4148 vel
880 4085 949 4150 eius
965 4085 1154 4149 cimiterium
1169 4085 1269 4170 pollui
1286 4086 1398 4167 quovis
1415 4105 1501 4169 casu,
1519 4088 1658 4153 vicarius

326 4189 470 4257 eiusdem
487 4191 623 4256 ecclesie
646 4211 719 4256 suos
734 4197 875 4256 mortuos
892 4190 934 4256 ad
951 4191 1119 4257 ecelesiam
1136 4191 1177 4258 dc
1195 4192 1402 4275 Oudekoven,
1419 4195 1444 4260 si
1469 4193 1563 4260 simili
1583 4202 1657 4259 tunc

327 4318 459 4364 censure
474 4319 538 4364 non
554 4299 743 4381 subiaceret,
761 4297 889 4364 deterre
906 4300 956 4365 vel
973 4298 1092 4365 deferri
1116 4301 1225 4365 tacere
1242 4301 1360 4385 poterit
1375 4300 1580 4367 tumulandos
1597 4301 1656 4368 ibi-

327 4425 389 4487 que
414 4405 542 4471 missam
560 4411 592 4470 et
613 4407 766 4488 exequias
790 4406 890 4472 libere
916 4407 1091 4472 celebrabit
1118 4406 1306 4489 oblationes,
1331 4427 1393 4490 que
1416 4409 1448 4472 in
1464 4409 1536 4493 ipsa
1558 4410 1657 4476 missa

326 4513 524 4598 provenient,
538 4532 594 4596 per
610 4520 761 4598 cepturus
777 4514 944 4598 dictosque
961 4521 1100 4581 mortuos
1116 4515 1251 4600 sepeliet
1266 4515 1299 4579 in
1316 4515 1471 4581 cimiterio
1488 4517 1589 4601 ipsius
1605 4537 1654 4582 ec·

327 4621 433 4702 elesie,
450 4641 489 4685 ae
510 4622 537 4686 si
554 4622 715 4707 proprium
737 4623 927 4687 cimiterium
949 4643 1039 4690 suum
1063 4630 1157 4690 essct.
1189 4624 1232 4688 Et
1252 4624 1346 4689 simili
1363 4623 1458 4688 modo
1473 4643 1532 4708 per
1548 4625 1657 4689 omnia

325 4728 427 4793 faciet
452 4734 484 4792 et
509 4730 616 4793 tacere
642 4731 760 4814 poterit
787 4729 924 4795 vicarius
950 4730 1085 4796 ecclesie
1110 4729 1150 4796 de
1173 4729 1369 4797 Cudekoven
1394 4731 1427 4796 iu
1451 4730 1590 4797 ecclesia
1617 4731 1656 4796 de
