3642 5509
288 440 342 502 obt
855 443 926 502 1330
945 435 1007 502 Juti
1027 441 1071 502 31.

288 647 348 694 nec
381 627 443 694 sibi
476 627 574 692 ctiam
607 627 648 692 ab
682 625 801 710 aliquo,
837 646 909 694 cum
943 627 1026 693 tales
1055 629 1119 694 sint
1143 627 1346 714 ineligibiles,
1382 625 1424 695 de
1457 647 1556 712 regno
1590 631 1622 694 el

287 733 423 820 imperio
446 731 621 819 provideri.

396 840 476 906 Cum
499 841 598 924 igitur
620 842 703 926 petit
718 842 873 924 Bararus,
899 841 984 925 quod
1008 843 1041 907 in
1065 843 1184 908 honore
1208 862 1265 910 suo
1289 849 1322 909 et
1337 849 1423 910 statu
1448 848 1620 926 remaneat,

288 949 414 1014 scilicet
436 948 469 1012 in
494 948 627 1032 imperio
651 954 684 1012 et
707 949 739 1012 in
763 967 873 1032 regno,
908 969 1077 1034 possumus
1108 951 1169 1016 sibi
1203 951 1322 1034 dicere,
1356 949 1441 1034 quod
1475 949 1621 1015 dominus

288 1055 372 1121 dixit
403 1054 477 1120 filiis
510 1053 665 1120 Zebedei:
706 1056 857 1138 Nescitis,
891 1055 969 1139 quid
1002 1058 1135 1142 petatis!
1176 1058 1258 1123 Vere
1290 1060 1359 1143 ipse
1392 1056 1453 1124 hoc
1481 1056 1621 1142 petendo

288 1163 428 1246 ignorat,
464 1160 541 1246 quid
574 1168 679 1246 petat,
715 1182 780 1228 rem
815 1162 975 1247 siquidem
1008 1165 1237 1250 impossibilem
1270 1166 1362 1250 petit.
1420 1164 1621 1250 impossibile

288 1271 374 1336 enim
397 1276 446 1335 est
470 1271 574 1354 ipsum
596 1290 763 1336 remanere
794 1272 826 1334 in
856 1272 1014 1356 imperiali
1044 1271 1164 1338 honore
1187 1279 1219 1338 et
1243 1274 1332 1356 regio
1355 1273 1424 1338 sine
1447 1274 1521 1338 nori
1545 1272 1623 1336 iuris

288 1377 510 1460 acquisitione,
535 1396 607 1442 cum
630 1375 782 1442 honorem
800 1384 833 1443 et
849 1377 1042 1461 dignitatem
1060 1399 1123 1445 non
1139 1378 1269 1462 habeat,
1293 1378 1351 1444 sed
1367 1379 1471 1465 ipsum
1487 1398 1620 1462 reguum

288 1490 320 1549 et
344 1484 511 1569 imperium
535 1484 604 1549 sine
627 1481 769 1568 ipsorum
793 1483 915 1551 honore
931 1486 1018 1551 visus
1041 1493 1091 1552 est
1114 1505 1266 1571 usurpare
1282 1487 1450 1570 tyrannice
1467 1491 1499 1551 et
1515 1484 1622 1551 adhuc

287 1589 399 1658 nititur
422 1592 570 1656 retinere.

395 1697 559 1782 Rogamus
587 1699 698 1781 itaque
728 1697 963 1782 providentiam
993 1701 1115 1783 regiam
1140 1701 1227 1765 etin
1253 1699 1381 1765 domino
1405 1698 1621 1782 exhortamur,

287 1806 439 1888 quatinus
470 1805 627 1890 premissa
659 1810 783 1870 attente
814 1805 1022 1872 considerans
1045 1813 1078 1872 et
1108 1806 1331 1872 nichilominus
1359 1806 1502 1892 pericula
1532 1806 1622 1871 varia

286 1918 319 1979 et
351 1912 611 1978 inconvenientia
643 1912 820 1996 innumera,
860 1933 922 1997 que
964 1915 1032 1980 eius
1060 1914 1188 2000 prefata
1219 1913 1417 1999 presidentia
1449 1912 1619 1978 universali

284 2019 378 2104 gregi
402 2018 563 2085 dominico
581 2018 800 2103 comminatur,
826 2019 1069 2086 consideranter
1091 2020 1262 2086 attendens
1286 2018 1384 2086 etad
1408 2039 1457 2102 ea,
1482 2038 1545 2102 qne
1569 2018 1621 2084 ho·

284 2147 394 2192 norem
428 2125 481 2191 dei
514 2133 633 2191 statum
668 2125 806 2192 ecclesie
839 2134 872 2193 et
905 2128 1031 2213 imperii
1065 2129 1240 2213 respiciunt
1267 2147 1463 2213 prosperum,
1494 2134 1526 2192 te
1550 2146 1622 2192 con·

288 2239 427 2316 vertens,
461 2239 571 2318 partes
598 2233 643 2298 tui
673 2232 798 2299 consilii
826 2240 859 2300 et
886 2235 1000 2300 auxilii
1028 2234 1139 2302 sedule
1167 2236 1362 2320 interponas,
1398 2232 1556 2318 quomodo
1580 2232 1621 2298 de

287 2359 425 2424 persona
458 2339 558 2423 digna
591 2345 682 2406 tanto
715 2343 868 2425 regimine
901 2341 1063 2428 provideri
1092 2340 1220 2426 debeat,
1253 2343 1312 2408 sub
1337 2362 1400 2424 qua
1424 2340 1503 2406 fides
1526 2339 1622 2406 stabi·

283 2446 381 2513 liatur
414 2446 586 2530 catholica,
622 2452 780 2531 augeatur
814 2442 956 2511 fidelium
990 2463 1139 2509 numerus
1168 2453 1200 2510 et
1228 2443 1376 2510 anoxiis
1408 2448 1621 2528 preservelur.

284 2551 336 2618 Ad
360 2552 446 2636 quod
474 2552 604 2636 quidem
633 2574 691 2620 nos
719 2559 887 2639 promptos
918 2550 1017 2616 dante
1041 2549 1169 2617 domiuo
1193 2551 1391 2636 reperisset
1415 2551 1542 2616 omnino
1566 2569 1621 2634 pa-

283 2665 381 2727 ratos.
428 2660 522 2726 Licet
545 2666 653 2726 autem
677 2660 800 2727 offense
823 2658 965 2745 predicti
990 2658 1107 2723 Bavari
1132 2656 1293 2724 excedant
1316 2676 1426 2724 omnes
1449 2656 1540 2739 alias,
1558 2675 1619 2739 que

283 2767 474 2852 legantura
503 2773 629 2853 patmm
662 2774 840 2834 nostrorum
877 2765 1073 2850 temporibus
1107 2764 1264 2830 hactenus
1295 2769 1509 2850 perpetratas,
1545 2764 1620 2845 quia

283 2880 391 2940 mmen
424 2873 500 2940 licet
531 2874 681 2940 immeriti
714 2877 803 2940 vices
834 2874 921 2938 illius
954 2873 987 2936 in
1017 2873 1111 2938 terris
1140 2873 1291 2956 gerimus,
1325 2870 1390 2954 qui,
1424 2891 1495 2936 cum
1519 2871 1620 2935 iratus

285 2981 393 3063 luerit,
420 3002 484 3047 non
507 2981 706 3048 obliviscitur
729 2982 883 3062 misereri,
914 2999 954 3045 ac
982 2999 1070 3045 more
1092 2979 1137 3064 pii
1163 2977 1263 3064 patris
1288 2979 1527 3045 conversionem
1551 2978 1620 3042 eius

284 3093 318 3154 ct
339 3088 473 3154 salutem
506 3089 641 3154 intensis
673 3086 842 3155 desideriis
875 3086 1077 3169 affectamus,
1113 3085 1155 3150 ad
1189 3084 1242 3151 dei
1272 3084 1425 3152 honorem
1454 3085 1564 3166 tuique
1587 3089 1620 3149 et

284 3195 419 3261 aliorum
441 3194 620 3281 principum
654 3194 870 3280 predictorum
894 3194 1057 3275 intuitum,
1093 3198 1125 3257 ct
1148 3197 1184 3257 ut
1208 3193 1294 3259 salus
1321 3191 1422 3277 ipsius
1445 3189 1563 3256 Barari
1586 3194 1619 3254 et

284 3303 454 3370 multorum
485 3303 619 3370 aliorum
645 3302 736 3368 vobis
765 3300 980 3368 mediantibus
1004 3305 1203 3385 procuretur,
1232 3299 1405 3381 offerimus,
1433 3298 1460 3364 si
1484 3295 1527 3364 ad
1550 3316 1618 3382 gre·

284 3412 382 3477 mium
405 3410 542 3476 ecclesie
572 3409 679 3477 redire
703 3409 841 3475 voluerit
869 3407 977 3475 dietus
1001 3408 1155 3489 Bararus,
1189 3405 1273 3472 sicut
1298 3405 1406 3489 debet,
1439 3405 1544 3489 ipsum
1568 3405 1619 3470 be-

285 3517 382 3602 nigne
415 3518 560 3603 recipere
592 3538 650 3585 nos
683 3523 815 3603 paratos
845 3517 938 3598 eique
967 3521 1090 3581 tautum
1114 3521 1147 3580 et
1171 3515 1266 3580 talem
1289 3513 1445 3599 impertiri
1468 3512 1618 3596 gratiam,

285 3645 350 3709 qua
373 3631 409 3691 tu
432 3633 465 3692 et
487 3626 650 3710 principes
673 3622 853 3710 supradicti
876 3623 1026 3707 poteritis
1050 3621 1164 3688 merito
1189 3622 1378 3687 contentari.
1426 3621 1499 3685 Dat.
1524 3620 1618 3686 Arin.

284 3733 319 3799 II
341 3733 387 3798 hl.
412 3731 541 3816 augusti
565 3753 595 3799 a.
619 3729 872 3815 quartodecimo.

391 3842 431 3906 In
454 3859 482 3905 c.
499 3859 540 3903 m.
559 3887 566 3903 .
584 3887 591 3901 .
611 3888 619 3904 .
636 3837 880 3924 archiepiscopo
904 3836 1105 3902 Treverensi.

392 3947 430 4013 In
455 3967 484 4014 e.
500 3968 543 4012 m.
567 3945 678 4013 Ottoni
701 3944 777 4012 duci
801 3944 940 4011 Austrie.

446 4071 520 4140 Rep.
539 4071 594 4122 115
618 4083 668 4138 ps.
687 4067 724 4122 ΙΙ
745 4068 771 4138 f.
790 4070 844 4123 171
870 4069 1032 4134 nr.1971,·
1063 4083 1168 4138 apogr.
1188 4067 1335 4123 mendosa
1358 4081 1407 4135 ap.
1427 4065 1566 4120 Murteae
1591 4065 1619 4119 et

442 4158 586 4227 Durcud,
609 4157 754 4214 Piraeum.
773 4173 841 4213 noo.
860 4158 968 4212 anecd.
989 4157 1029 4225 II,
1049 4158 1222 4226 800-806;
1240 4157 1279 4227 cf.
1300 4157 1351 4211 Ra.
1371 4156 1456 4211 1367.

389 4446 506 4515 laal.
538 4447 627 4513 1330
649 4445 726 4514 Jclt
748 4448 803 4512 31.
828 4445 995 4533 Avipuou.

392 4589 564 4675 [Iohannes
586 4589 697 4674 XXII]
721 4589 874 4676 episcopo
899 4589 1134 4673 Argeutiuonsi.

391 4697 442 4766 Ne
471 4697 582 4780 lingua
610 4697 707 4762 tertia
734 4717 812 4763 vcra
842 4697 1043 4782 supprimens
1070 4716 1126 4762 scu
1155 4695 1237 4760 salsa
1265 4695 1432 4781 proferens
1456 4696 1544 4761 circa
1566 4713 1616 4779 ea,

285 4825 348 4890 que
370 4825 429 4894 per
451 4807 585 4871 nuncios
611 4851 669 4870 ...
697 4803 851 4870 Iohannis
873 4803 961 4888 regis
984 4803 1115 4870 Boemie
1140 4821 1179 4868 ac
1201 4853 1208 4868 .
1228 4851 1261 4868 ..
1287 4799 1436 4869 Balduini
1460 4801 1618 4890 archiepi-
