3642 5509
756 367 827 424 raro
844 365 967 441 August
986 367 1030 423 aa.
1503 370 1557 426 aar

222 550 373 615 librarum
398 550 612 616 turonensium
637 569 809 636 parvorum
833 569 859 615 s
877 555 900 615 t.
914 548 944 615 d.
968 551 1110 617 valorem
1135 571 1272 617 annuum
1297 571 1360 616 non
1384 548 1555 627 excedunt,

223 664 392 724 vacantem
416 679 473 744 per
496 658 617 724 obitum
635 658 796 723 Tilmanni
822 657 863 723 de
887 657 1085 743 Brunisbcrg
1108 661 1255 746 perpetui
1279 658 1421 724 eiusdem
1445 659 1557 723 altaris

224 766 346 849 vicarii,
384 766 438 849 qui
472 765 558 853 apud
591 764 701 832 sedem
735 766 947 852 apostolicam
981 766 1066 833 diem
1097 767 1210 837 clausit
1239 786 1431 852 supremum.
1480 766 1556 831 Vult

224 880 329 939 autem
353 894 449 959 papa,
475 872 560 955 quod
585 872 737 939 Iohannis
761 872 848 939 dicte
873 874 995 940 vicarie
1018 878 1251 960 possessionem
1274 874 1447 960 pacificam
1472 894 1556 939 asse·

224 987 316 1048 cutus
347 981 380 1046 in
412 980 560 1067 predicta
591 980 729 1045 ecclesia
761 978 903 1047 resideat
936 1002 976 1047 ac
995 1002 1031 1048 se
1054 981 1096 1047 ad
1129 979 1343 1047 sacerdotium
1376 982 1556 1065 promoveri

222 1088 323 1153 faciat
347 1094 379 1153 ct
402 1089 517 1154 missas
541 1087 704 1153 celebrare
728 1092 884 1153 teneatur.

329 1194 505 1261 Probitatis
529 1201 562 1261 et
584 1196 718 1260 aliarum
743 1201 947 1261 tuarum...
973 1196 1049 1261 Dat.
1063 1196 1158 1261 Arin.
1176 1194 1271 1261 XVII
1295 1195 1339 1260 kl.
1364 1196 1556 1280 septembris

191 1368 196 1383 ,
222 1325 252 1368 a.
276 1303 423 1388 septimo.

329 1411 367 1475 ln
392 1429 419 1474 e.
444 1431 484 1474 m.
520 1409 643 1476 decano
668 1409 700 1476 S.
728 1410 871 1476 Castoris
905 1416 938 1475 et
970 1410 1171 1477 thesaurario
1206 1411 1239 1477 S.
1265 1410 1387 1477 Florini
1419 1412 1452 1476 in
1478 1412 1557 1478 (lon-

221 1518 358 1583 fluentia
382 1518 514 1582 Trever.
539 1516 624 1583 dioc.
649 1538 688 1583 ac
712 1518 809 1583 Petro
834 1517 875 1583 de
899 1518 1028 1584 Fraotis
1050 1519 1232 1604 preeentori
1255 1519 1415 1601 Aquensis
1439 1520 1517 1585 eccl.

381 1643 454 1711 aeq.
474 1642 530 1697 129
547 1642 570 1712 f.
591 1643 714 1697 esaar.
733 1645 797 1696 434.

327 1932 454 2001 23⁷5.
485 1935 572 1999 1340
596 1930 729 2019 Aapaat
754 1934 805 1995 18.
829 1930 996 2019 Aoipaoa.

327 2076 523 2144 Benedictus
552 2076 618 2141 XII
651 2072 904 2160 archiepiscopis
933 2080 966 2141 et
998 2075 1159 2160 episcopis
1183 2082 1244 2141 etc.
1269 2096 1393 2142 necnon
1417 2075 1553 2145 ducibus

219 2185 418 2271 principibus
450 2183 687 2249 marchionibus
722 2189 783 2248 etc.
816 2183 966 2266 nunciat,
1000 2181 1086 2266 qnod
1122 2183 1281 2249 concessit
1313 2184 1438 2250 litteras
1471 2184 1553 2251 salvi

220 2290 397 2357 conductus
433 2312 490 2377 per
523 2311 618 2356 unum
654 2309 770 2355 annum
804 2290 959 2355 valituras
993 2290 1134 2356 Henrico
1167 2289 1209 2355 dc
1242 2291 1413 2358 Tremonia
1445 2291 1552 2376 legum

220 2399 344 2466 doctori
362 2400 471 2466 Calon.
489 2400 585 2483 dioc,
609 2400 664 2482 qui
680 2418 782 2483 nuper
798 2418 855 2484 pro
872 2396 1061 2481 quibusdam
1088 2400 1183 2464 certis
1205 2399 1343 2483 negotiis
1366 2397 1409 2464 ad
1431 2397 1552 2464 curiam

220 2508 396 2573 Romanam
430 2508 568 2573 accessit
591 2512 624 2572 et
647 2525 731 2571 nunc
760 2504 802 2571 ad
833 2512 943 2592 partes
966 2505 1136 2572 Alamanie
1167 2506 1339 2573 revertitur
1370 2525 1486 2591 gerens
1518 2505 1551 2571 in

219 2617 325 2681 animo
349 2614 390 2679 ad
416 2612 536 2680 dictam
561 2615 681 2680 curiam
706 2613 862 2679 redeundi
888 2616 978 2693 (ciel)

326 2722 405 2788 Cum
430 2719 567 2787 dilectus
590 2719 678 2787 filins
702 2720 859 2788 Henricus
876 2774 884 2790 .
902 2769 936 2784 ..
983 2722 1059 2787 Dat.
1086 2722 1180 2788 Avin.
1205 2722 1267 2788 XV
1290 2720 1335 2791 ld.
1360 2723 1551 2808 septembris

219 2851 248 2895 a.
273 2836 375 2897 sento.

397 2936 470 3005 Rep.
489 2937 544 2992 128
562 2950 610 2991 rer.
630 2936 695 2990 244.

324 3207 449 3276 2376.
480 3208 568 3273 1340
590 3206 721 3294 Aapael
744 3209 798 3273 30.

324 3353 501 3438 Adolpbaa
525 3352 720 3418 Laodierraia
748 3353 924 3438 episcopan
952 3352 1087 3418 eccleeie
1117 3353 1152 3418 S.
1178 3353 1289 3419 Maria
1312 3350 1480 3438 Aquensis
1502 3357 1550 3420 ia·

217 3470 375 3548 corporat
406 3461 578 3526 ecclesiam
601 3459 837 3544 parochialem
867 3460 907 3525 de
934 3460 1102 3525 Ericelcaz
1126 3482 1201 3525 cam
1225 3460 1364 3526 ecclesia
1385 3462 1487 3547 filiali
1510 3463 1551 3528 de

217 3568 428 3649 Kilcbbooerr‚
465 3589 565 3653 qaam
600 3569 638 3631 ia
673 3565 846 3632 eccleciam
877 3567 1130 3653 parrochialem
1165 3569 1279 3655 cripit,
1315 3570 1550 3655 constiteritque

218 3677 371 3742 redditas
395 3684 426 3741 et
450 3677 565 3763 officia
588 3676 711 3740 macrii
732 3676 891 3759 parpeiar'
914 3675 1099 3761 utriusque.

323 3796 488 3863 Universis
513 3801 677 3881 presentes
701 3793 825 3861 litteras
849 3795 1041 3881 inspecturis
1063 3794 1232 3882 Adulphus
1260 3794 1312 3861 dei
1340 3796 1447 3879 gratia
1469 3794 1549 3863 Leo·

216 3903 336 3971 diensis
360 3904 529 3989 episcopus
552 3903 583 3967 in
609 3901 735 3968 Christo
760 3902 907 3969 salntem.

323 4012 371 4076 Ex
406 4017 497 4095 parte
529 4009 757 4076 venerabilium
791 4010 928 4075 virorum
962 4060 969 4075 .
1002 4008 1150 4075 ‚decani
1183 4016 1215 4076 et
1247 4010 1380 4096 capituli
1413 4010 1548 4077 ecclesie

216 4120 252 4184 B.
279 4120 379 4184 Marie
402 4119 560 4201 Aquensis
584 4123 691 4183 nostre
715 4116 853 4183 diocesis
885 4117 947 4182 luit
978 4118 1061 4184 alias
1094 4118 1290 4203 propositum
1314 4137 1421 4182 coram
1445 4118 1547 4201 nobis,

216 4224 301 4309 qnod
326 4246 432 4290 eorum
457 4225 594 4292 ecclesia
626 4224 823 4310 supradicta,
853 4244 949 4309 quam
982 4226 1056 4290 olim
1088 4224 1199 4290 inclite
1230 4225 1382 4290 memorie
1406 4224 1548 4291 christia-

215 4334 362 4399 nissimus
391 4334 540 4419 princeps
564 4331 698 4399 Carolus
726 4332 860 4416 Magnus
889 4334 986 4399 totius
1009 4332 1146 4398 Romani
1174 4339 1251 4396 tunc
1280 4351 1394 4415 regens
1423 4331 1548 4416 imperii

215 4440 433 4506 monarchiam
461 4440 502 4506 ad
527 4438 654 4506 laudem
677 4440 861 4525 specialiter
889 4447 922 4506 et
944 4439 1096 4506 honorem
1123 4438 1263 4525 gloriose
1292 4440 1424 4524 virginis
1447 4439 1548 4506 Marie

215 4546 368 4614 fundasse
381 4566 503 4613 necnon
520 4547 712 4633 sumptuosis
727 4546 898 4633 impendiis
915 4548 1141 4630 construxisse,
1162 4545 1246 4613 sicut
1266 4547 1398 4629 antiqua
1414 4552 1549 4612 testatur

215 4656 400 4737 auctoritas,
424 4654 555 4721 indubie
578 4654 774 4740 perhibetur,
799 4656 944 4738 quamvis
966 4656 1001 4721 in
1025 4655 1141 4721 ceteris
1164 4653 1236 4720 aliis
1258 4651 1355 4719 valde
1375 4654 1417 4720 sit
1439 4651 1548 4719 landa·

215 4764 321 4830 biliter
344 4762 500 4849 ordinata,
535 4762 775 4831 distributiones
809 4770 918 4832 tamen
949 4762 1123 4849 cotidiene,
1156 4782 1218 4848 que
1246 4761 1362 4829 dantur
1385 4760 1549 4827 canonicis
