3642 5509
229 452 264 506 12
749 453 820 509 1327
839 453 960 510 Jauuar
978 453 1024 510 29.

229 629 354 700 decano
377 639 412 698 et
435 633 578 719 capitulo
601 634 682 700 cccl.
706 633 740 700 S.
763 633 910 700 Severini
935 633 1112 700 exhibeant
1133 634 1272 718 integre,
1294 633 1470 700 monitione
1493 653 1563 719 pre

229 739 326 806 missa
349 760 407 826 per
426 761 592 807 censuram
611 741 865 807 ecclesiasticam
889 741 1108 827 appellatione
1131 749 1254 808 remota
1286 742 1469 828 compellat,
1491 761 1563 826 pro

227 848 298 913 viso
320 867 362 914 ne
384 849 418 914 in
441 853 559 914 terram
583 845 742 914 dictorum
766 849 917 915 comitum
940 849 1095 915 baronum
1116 855 1150 913 et
1171 847 1326 914 nobilium
1350 848 1563 915 excommuni-

229 955 365 1021 cationis
387 956 441 1022 vel
463 955 628 1022 interdicti
650 958 843 1024 sententiam
866 956 1024 1043 proferat,
1048 955 1110 1022 nisi
1134 955 1222 1022 aliud
1239 976 1363 1042 upupa
1384 975 1480 1042 super
1502 955 1564 1022 boo

227 1060 414 1128 mandatnm
437 1063 597 1148 receperit
619 1063 772 1150 speciale.

335 1168 564 1254 Significarnnt
586 1170 680 1238 nobis
707 1169 817 1237 dilecti
844 1219 853 1236 .
880 1219 888 1236 .
914 1220 924 1236 .
969 1170 1049 1236 Dat.
1074 1170 1169 1237 Aviu.
1192 1171 1260 1237 1111
1284 1170 1329 1236 lul.
1354 1168 1507 1236 februarii
1530 1190 1563 1255 p.

227 1296 260 1342 n.
277 1297 307 1342 a.
331 1275 512 1343 undecimo.

390 1400 440 1457 Or.
458 1401 581 1457 mmm.
601 1417 671 1458 cum
692 1403 820 1472 plumbo
834 1403 930 1473 pond„
974 1402 1039 1459 Sub
1061 1400 1148 1473 plico
1175 1401 1219 1457 ud
1241 1398 1377 1456 sinistra
1411 1401 1447 1457 N.
1476 1401 1563 1457 Bum.

389 1526 428 1580 un
444 1523 529 1597 pstea
541 1527 584 1583 aa
596 1527 710 1583 amre
729 1507 785 1562 1³⁰
804 1491 880 1548 Tl0·
900 1492 1058 1548 ¹²⁰m⁸¹¹¹⁰·
1094 1528 1133 1582 un
1151 1527 1259 1583 corso:
1287 1526 1494 1583 mononem
1524 1527 1563 1583 oo
1694 1497 1698 1500 ’

388 1651 477 1722 Reys.
498 1681 530 1691 -
551 1651 745 1725 Dttsseldorf.
770 1562 865 1710 w
882 1563 1156 1726 fffl'srverin.
1178 1653 1278 1710 Goion.
1296 1668 1345 1707 ar.
1364 1652 1404 1708 72
1421 1654 1450 1708 et
1467 1654 1514 1708 84.

333 1921 461 1989 *usu
487 1926 574 1990 1327
597 1926 739 1991 Joaaar·
761 1928 815 1992 29.
838 1925 1006 2013 Aoipuou.

334 2065 496 2132 Iohannes
520 2066 618 2132 XXII
642 2066 842 2134 thesaurario
866 2068 1004 2136 ecclesie
1027 2069 1224 2135 Xanctensis
1246 2067 1389 2150 mandat,
1413 2068 1562 2150 quatinus

228 2193 278 2256 ea,
302 2193 364 2257 que
388 2172 429 2239 de
454 2173 545 2238 bonis
568 2173 648 2240 eccl.
672 2174 707 2240 S.
725 2175 871 2242 Severini
896 2176 1007 2242 Golou.
1030 2176 1173 2242 alienata
1195 2176 1355 2243 invenerit
1377 2173 1491 2239 illicite
1510 2173 1562 2238 vel

228 2279 394 2366 distracta,
426 2278 470 2346 ad
504 2281 553 2348 ius
585 2288 618 2347 et
646 2283 877 2368 proprietatem
906 2283 985 2349 eccl.
1010 2283 1044 2350 S.
1070 2283 1217 2350 Severini
1241 2282 1385 2367 legitime
1407 2300 1560 2347 revocare

251 2393 387 2453 rouret.

228 2407 287 2473 [1⁰
335 2493 534 2560 Dilectornm
557 2492 694 2561 filiorum
720 2549 728 2565 .
751 2545 759 2562 .
783 2496 979 2563 decani...
1027 2498 1103 2563 Dat.
1128 2498 1224 2563 Aviu.
1248 2496 1316 2561 IIII
1336 2495 1382 2560 lul.
1406 2495 1561 2562 februarii

228 2622 261 2687 p.
279 2622 311 2668 u.
328 2621 357 2668 a.
382 2597 560 2666 undecimo.

404 2740 454 2795 Or.
482 2741 607 2796 manbr.
630 2757 699 2798 cum
723 2743 853 2813 plranbo
878 2744 971 2813 peno.
1007 2743 1071 2800 Sub
1090 2741 1179 2814 plico
1196 2743 1239 2798 ud
1257 2740 1375 2800 ιίιιὶιίτ.
1395 2741 1482 2799 nibil.
1523 2743 1562 2797 Ia

393 2864 479 2935 plica
498 2865 540 2921 ad
565 2867 678 2922 aeota:
710 2832 1034 2960 prffihg'cffiffigfm·
1077 2870 1115 2924 Iu
1133 2870 1244 2927 dorso:
1270 2867 1384 2924 Theod.
1410 2869 1449 2925 ‹le
1471 2868 1560 2939 Beys

397 3018 430 3031 -
449 2991 644 3062 Dbsssldorf.
663 2991 753 3048 Arcb.
769 3008 832 3063 rep.
851 2992 883 3050 S.
903 2992 1040 3050 Severus.
1060 2993 1160 3050 Oolou.
1179 3009 1228 3048 ur.
1246 2993 1293 3048 72.

336 3281 451 3347 1132.
481 3284 568 3348 1327
592 3284 746 3348 Febraor
769 3279 814 3369 2}
830 3282 996 3370 Aoipaou.

333 3425 502 3491 Iohannes
525 3426 637 3491 XXII
664 3434 846 3493 commotas
867 3428 1028 3513 precibus
1060 3424 1215 3493 Albeidt's
1238 3427 1279 3492 dc
1302 3428 1440 3492 Nasson
1464 3427 1561 3490 abba·

228 3533 307 3597 tissa
330 3533 527 3597 monosterii
549 3534 586 3597 iu
604 3531 792 3600 Olarsndal
814 3534 956 3599 maudut
979 3534 1455 3620 archicpiscopoMopuutioo,
1480 3554 1560 3618 qoo-

229 3639 321 3704 timas
350 3639 439 3704 dicto
460 3641 664 3706 monasterio
692 3642 884 3726 incorporet
908 3641 1082 3706 eccloeiam
1103 3641 1354 3726 parrochialem
1376 3641 1413 3705 io
1437 3639 1558 3705 Eubiu-

227 3745 323 3812 tam.

333 3851 506 3936 [Iohannes
544 3853 656 3939 XXII]
694 3854 870 3920 venerabili
906 3854 997 3920 fratri
1026 3904 1034 3920 .
1066 3904 1074 3920 .
1110 3853 1354 3940 archiepiscopo
1392 3854 1560 3939 Maguutio

228 3958 374 4026 salutem.

334 4067 395 4133 Pia
430 4073 507 4133 vota
538 4088 744 4153 personarum
777 4067 941 4134 humilium
974 4068 1092 4135 divinis
1125 4067 1275 4135 laudibus
1301 4088 1456 4153 sacroque
1489 4068 1561 4134 reli·

227 4173 333 4256 gionis
368 4174 570 4241 observantie
606 4174 787 4241 deditarum
815 4177 957 4259 gratioso
985 4197 1043 4242 uos
1079 4175 1229 4242 convenit
1265 4176 1375 4243 favore
1409 4176 1559 4262 prosequi

228 4286 261 4344 et
296 4281 393 4346 etiam
428 4301 616 4367 promovere
640 4302 679 4347 ao
710 4282 849 4368 ipsarum
885 4281 1132 4349 necessitatibus
1166 4303 1333 4349 occurrere
1367 4283 1560 4369 provisionis

227 4389 340 4471 gracia
363 4391 579 4473 congruentis.
636 4390 788 4456 Porrecto
812 4390 971 4474 siquidem
994 4391 1087 4458 nobis
1116 4411 1174 4476 pro
1198 4397 1290 4475 parte
1314 4389 1502 4457 dilectarum
1526 4389 1558 4455 in

228 4493 356 4561 Christo
380 4495 514 4562 filiarum
538 4495 695 4582 Alheydis
720 4497 883 4564 abbatisse
907 4504 939 4563 et
962 4517 1105 4564 sororum
1129 4496 1325 4564 monasterii.
1338 4498 1370 4561 in
1387 4494 1558 4563 Olarenclal

227 4622 329 4687 prope
363 4600 494 4689 opidum
519 4603 757 4689 Wyssebabdin
792 4602 914 4671 ordinis
946 4603 980 4671 S.
1010 4604 1104 4670 Clare
1137 4611 1191 4669 tue
1224 4603 1362 4669 diocesis
1394 4602 1559 4689 petitionis

227 4709 327 4776 series
349 4709 544 4795 continebat,
570 4711 655 4795 quod
672 4711 857 4778 Lndovicus
881 4709 923 4776 de
939 4710 1088 4795 Bavaria,
1113 4710 1187 4776 dum
1212 4710 1391 4793 predictum
1416 4707 1559 4795 opidum,

228 4815 313 4900 quod
342 4817 458 4885 nobilis
481 4818 542 4884 viri
566 4819 695 4886 Gerlaci
729 4818 855 4884 comitis
878 4817 1046 4886 Nassavvie
1078 4816 1220 4883 eiusdem
1253 4817 1416 4884 abbatisse
1446 4816 1559 4882 fratris
