3642 5509
815 460 884 520 1332
903 461 965 521 Juli
984 462 1010 520 4.
1507 463 1560 520 445

227 643 460 732 ..prepositus
478 694 485 710 .
503 694 511 709 .
528 643 671 712 deo-auus
694 650 727 711 et
751 645 927 731 capitulum
952 646 1053 730 ipsius
1076 645 1212 712 ecclesie
1237 695 1296 710 ...
1320 646 1494 711 Henricum
1520 644 1561 711 de

227 754 392 820 Brunswic
421 751 563 819 eiusdem
597 752 734 819 ecclesie
767 754 955 819 canonicum
986 752 1027 818 de
1055 752 1143 819 facto
1173 754 1205 817 in
1234 773 1342 820 eorum
1375 754 1560 838 episcopum

227 860 403 945 elegerunt,
433 860 486 942 qui
593 859 741 926 electioni
766 858 807 926 de
831 860 901 945 ipso
926 859 1013 926 facte
1038 861 1240 926 consentiens
1264 861 1403 926 obtinuit
1425 880 1496 925 eam
1521 880 1561 924 ex

227 968 449 1034 commissione
473 967 666 1034 venerabilis
691 967 799 1033 fratris
821 968 970 1034 nostri..
988 967 1446 1053 archiepiscopiTrcverensis
1470 987 1561 1032 occu-

227 1076 348 1160 patoris
372 1074 510 1140 ecclesie
533 1074 721 1159 Maguntine
744 1123 750 1136 .
770 1123 803 1140 ..
830 1073 1011 1141 confirmari
1044 1092 1143 1158 seque
1177 1082 1325 1159 prctcxtu
1359 1073 1446 1140 dicte
1479 1094 1563 1139 com-

225 1182 387 1248 missionis
409 1182 442 1246 in
466 1182 653 1268 episcopum
677 1181 953 1249 Hildesemensem
978 1183 1159 1248 consecrari
1190 1179 1230 1248 de
1260 1181 1348 1248 iacto
1372 1202 1411 1247 ac
1435 1182 1468 1246 in
1493 1183 1563 1265 ipsa

227 1287 426 1354 Hildemcnsi
455 1288 594 1356 ecclesia
621 1309 657 1356 se
685 1290 813 1355 intrusit
929 1287 997 1356 Nos
1020 1291 1130 1373 itaque
1246 1287 1431 1356 discretioni
1456 1299 1562 1354 vestre

229 1444 288 1464 ...
314 1394 515 1479 mandamus,
551 1396 703 1479 quatinus
729 1445 789 1462 ...
817 1397 945 1485 prefato
975 1397 1079 1463 electo
1108 1445 1167 1462 ...
1194 1397 1381 1463 assistentes
1404 1395 1562 1482 prefatum

226 1504 400 1570 Henricum
424 1503 588 1588 intrusum,
614 1512 648 1571 ut
671 1503 777 1571 eidem
801 1507 904 1572 electo
925 1505 1180 1592 possessiouem.
1199 1553 1205 1567 .
1225 1505 1282 1569 ‚iu
1305 1523 1387 1589 pace
1410 1502 1562 1586 dimittat,

228 1609 468 1677 ...inducatis
485 1662 492 1676 .
511 1660 544 1678 ..
592 1613 669 1678 Dat.
693 1612 787 1678 Avin.
813 1613 880 1678 Illl
904 1613 949 1677 kl.
973 1611 1042 1677 iulii
1066 1633 1096 1678 a.
1120 1610 1351 1679 sextodecimo.

376 1737 694 1806 mmmm

335 1993 458 2059 2129.
492 1995 579 2058 1332
603 1991 679 2058 Jatt
701 1994 733 2057 4.
764 1989 930 2078 Avigaou.

337 2118 499 2184 lohannes
523 2117 622 2183 XXII
658 2115 775 2202 Aleydi
808 2117 925 2183 nobilis
958 2115 1017 2181 viri
1050 2116 1200 2201 Symouis
1232 2113 1352 2180 domini
1382 2114 1423 2180 de
1446 2114 1565 2201 Lippia

228 2227 320 2293 uxori
337 2225 494 2310 indulget,
517 2231 551 2290 ut
569 2225 697 2291 missam
715 2232 887 2307 antequam
904 2223 1072 2290 illucescat
1088 2223 1168 2306 dics,
1192 2224 1279 2288 circa
1296 2231 1401 2289 tamen
1418 2221 1565 2290 diurnam

229 2336 344 2418 lucem,
378 2354 450 2400 cum
475 2333 613 2417 qualitas
636 2332 839 2417 negotiorum
862 2353 921 2416 pro
945 2342 1089 2417 ternpore
1112 2331 1327 2415 ingruentium
1351 2329 1385 2395 id
1409 2332 1564 2415 exegerit,

230 2441 337 2508 eidem
374 2441 471 2507 liceat
506 2460 564 2525 per
599 2441 760 2525 proprium
796 2439 847 2505 vel
883 2440 982 2504 alium
1022 2438 1224 2506 sacerdotem
1259 2437 1422 2523 ydoneum
1456 2437 1565 2504 facere

231 2549 398 2616 celebrari.

337 2655 470 2722 Sincere
494 2654 675 2721 devotionis
699 2654 836 2721 affectus
865 2703 872 2718 .
902 2703 910 2718 .
940 2703 947 2718 .
1007 2654 1082 2718 Dat.
1107 2652 1201 2719 Avin.
1226 2653 1294 2719 lllI
1319 2673 1419 2719 nonas
1442 2653 1510 2720 iulii
1535 2674 1564 2718 3.

230 2762 462 2830 sextodecimo.

339 2871 377 2935 ln
400 2890 429 2936 e.
446 2890 487 2934 m.
512 2869 609 2934 nobili
635 2870 703 2935 uiro
727 2868 861 2954 Symoui
884 2868 1014 2934 domino
1039 2867 1079 2932 de
1102 2867 1221 2952 Lippia
1245 2867 1356 2933 Calon.
1381 2868 1463 2934 dioc.

390 2995 464 3064 Ray.
484 2994 542 3048 103
559 3009 609 3048 nr.
629 2995 710 3047 1481.

337 3290 463 3360 arao.
499 3293 586 3358 1332
609 3289 686 3359 rurs
708 3293 741 3356 1.
768 3259 959 3378 nuqua

338 3435 500 3502 lohannes
518 3435 618 3502 XXII
643 3434 762 3520 Aleydi
786 3433 936 3519 Symouis
960 3431 1079 3499 domini
1096 3432 1137 3497 dc
1152 3431 1272 3518 Lippia
1295 3434 1386 3498 uxori
1410 3432 1565 3518 indulget,

230 3551 265 3607 ut
289 3543 319 3608 ei
343 3542 442 3608 liceat
465 3542 584 3608 habere
607 3544 710 3609 altare
734 3542 896 3627 portatile.

337 3649 470 3716 Sincere
501 3648 683 3717 devotionis
714 3649 850 3715 allectus
879 3699 887 3714 .
917 3699 924 3714 .
954 3698 961 3712 .
1009 3649 1085 3714 Dat.
1110 3648 1204 3713 Aviu.
1230 3649 1295 3714 llll
1319 3670 1420 3715 nouas
1443 3650 1511 3715 iulii
1536 3671 1565 3715 a.

230 3755 460 3824 sextodecimo.

382 3864 699 3935 mmmm

338 3953 377 4019 In
401 3974 430 4019 e.
446 3975 487 4019 m.
512 3955 612 4020 nobili
635 3954 705 4020 viro
729 3953 862 4040 Symoni
887 3954 929 4019 de
952 3951 1071 4040 Lippia
1096 3951 1207 4020 Calon.
1232 3954 1316 4020 dioc.

380 4086 454 4157 Reg.
467 4086 526 4141 103
543 4101 591 4140 nr.
611 4087 693 4140 1482.

336 4371 452 4440 3131.
478 4375 565 4440 1333
588 4373 664 4442 133·
687 4376 719 4438 1.
747 4371 913 4460 Amnon.

340 4516 502 4583 Iohannes
518 4514 617 4582 XXII
641 4515 759 4602 Alcydi
782 4515 933 4599 Symonis
957 4515 1077 4582 domiui
1096 4515 1137 4582 de
1153 4515 1273 4601 Lippia
1296 4517 1388 4582 uxori
1411 4516 1568 4602 indulget,

237 4631 273 4689 ut
295 4623 321 4690 si
346 4624 456 4691 forsan
479 4624 521 4689 ad
551 4624 623 4690 loca
646 4623 867 4690 ecclesiastico
897 4625 1065 4711 supposita
1093 4623 1265 4690 interdicto
1296 4643 1367 4689 eam
1397 4625 1570 4709 contigerit

236 4731 410 4815 declinare,
443 4730 540 4798 liccat
573 4730 606 4796 in
638 4731 702 4798 illis
734 4730 840 4798 eidem
873 4732 1007 4816 eiusque
1040 4731 1252 4797 familiaribus
1285 4732 1413 4798 missam
1443 4738 1476 4797 et
1504 4730 1569 4797 alia

234 4838 346 4906 divina
368 4839 474 4906 officia
497 4839 605 4906 facere
629 4839 787 4905 celebrari
810 4839 915 4907 ianuis
939 4839 1057 4906 clausis
1081 4847 1141 4906 atc.
