3642 5509
756 445 824 506 raas
843 448 964 520 sumt
982 447 1008 505 a.
1490 449 1523 504 cr

296 629 438 714 Exigunt
462 636 515 694 tue
538 629 653 695 merita
668 680 674 694 .
689 679 719 694 ..
744 631 818 695 Dat.
845 631 939 693 Avin.
963 649 1063 694 nonas
1087 630 1215 712 augusti
1239 651 1269 694 a.
1293 629 1472 697 undecimo.

299 737 337 802 In
361 757 389 802 e.
415 758 456 801 rn.
491 735 624 819 decano,
657 737 828 802 scolastIco
861 757 900 801 ao
934 735 1131 801 thesaurario
1161 736 1238 800 eccl.
1267 737 1300 802 S.
1325 737 1467 802 Castoris
1491 737 1524 802 in

193 843 393 910 Confluentis
417 845 549 910 Trevcr.
574 844 658 909 dioc.

353 968 425 1038 ch.
445 970 482 1022 84
498 967 524 1037 f.
544 968 611 1022 340‘
629 983 677 1022 ror.
696 966 782 1022 2886.

300 1172 413 1240 1248
439 1173 524 1238 1327
539 1169 672 1260 Aapcst
693 1175 725 1238 8.
756 1171 924 1260 Avtpooo.

297 1316 457 1384 Iohannes
475 1317 581 1382 xxss.
602 1315 804 1401 patriarchis,
828 1315 1090 1401 archiepiscopis,
1125 1315 1285 1402 episcopis
1308 1324 1370 1383 etc.
1399 1336 1525 1383 necnon

192 1425 329 1491 ducibus
363 1424 560 1510 principibus
593 1429 666 1500 etc,
699 1422 743 1489 ad
776 1443 855 1506 quos
885 1429 1051 1509 presentes
1074 1423 1181 1488 littere
1203 1424 1419 1508 provenerint,
1444 1444 1527 1489 corn·

191 1531 326 1598 mendat
349 1531 523 1597 Henrioum
547 1530 588 1596 de
612 1531 734 1596 luliaco
767 1529 965 1616 prepositum
994 1529 1031 1594 B.
1055 1530 1157 1595 Maria
1180 1529 1222 1595 ad
1250 1530 1369 1614 gradus
1392 1530 1460 1597 Ool.
1485 1531 1527 1597 de

192 1639 283 1705 curia
307 1637 452 1704 Romana
474 1636 679 1703 recedentem
703 1636 745 1702 ad
770 1645 877 1722 partes
898 1637 1067 1702 Alamanie
1091 1657 1147 1721 pro
1172 1639 1268 1702 certis
1291 1639 1430 1721 negotiis
1454 1659 1527 1723 apo·

192 1747 307 1812 atoIIce
339 1744 426 1811 sedis
454 1751 487 1810 et
515 1745 659 1810 Romane
683 1745 830 1827 ecclesie,
864 1764 926 1827 que
950 1745 980 1809 ei
1003 1742 1198 1828 imponenda
1220 1764 1307 1828 papa
1330 1744 1431 1828 duxit,
1456 1767 1528 1830 pro

191 1851 365 1937 sequendis
388 1859 421 1918 et
445 1850 488 1918 ad
512 1851 644 1918 eandem
669 1851 778 1917 sedem
803 1852 943 1918 breviter
967 1870 1176 1916 reversurum.

300 1961 379 2025 Cum
404 1958 542 2026 dilectus
565 1957 648 2025 filins
662 2007 669 2024 .
684 2007 714 2025 ..
739 1960 815 2024 Dat.
839 1959 934 2025 Avin.
960 1958 1005 2024 VI
1029 1957 1101 2023 idus
1124 1957 1253 2042 augusti
1276 1979 1306 2024 a.
1330 1958 1511 2026 undecimo.

349 2085 421 2154 Rep.
442 2086 495 2139 114
513 2099 559 2153 ps.
579 2083 615 2136 11
630 2083 654 2153 f.
675 2084 710 2138 79
729 2099 776 2138 cr.
798 2087 885 2152 1081·
906 2085 959 2139 Ra.
979 2085 1044 2138 896.

301 2353 423 2422 1249.
454 2357 541 2420 1327
564 2352 698 2443 Acpast
719 2357 751 2424 9.
777 2354 944 2443 Aoipnoa.

303 2499 462 2566 Iohannes
485 2499 585 2565 XXII
612 2499 856 2586 archiepiscopo
880 2500 1072 2565 Coloniensi.

304 2606 411 2672 Habet
434 2605 524 2672 fama
546 2607 677 2692 publica
700 2616 732 2673 et
756 2607 833 2673 facti
851 2607 1014 2673 evidentia
1029 2606 1225 2690 manifestat,
1251 2607 1336 2690 quod
1349 2607 1527 2674 Winandus

196 2712 302 2779 dictus
326 2713 443 2779 ffircus
470 2722 544 2780 tuus
572 2721 604 2779 et
637 2715 773 2782 ecclesie
798 2714 996 2780 ColonIensis
1037 2715 1203 2796 vassallus,
1235 2714 1289 2797 qui
1324 2714 1443 2780 dudum
1480 2734 1528 2781 ec·

197 2821 294 2887 clesie
318 2819 463 2886 Romane
487 2841 526 2886 ac
549 2820 650 2907 ipsius
674 2821 815 2886 fidelium
839 2822 1002 2904 obsequiis
1030 2839 1086 2906 per
1109 2820 1220 2904 aliqua
1243 2828 1389 2907 tempora
1412 2821 1530 2888 institit

197 2927 229 2993 in
253 2929 399 3012 partibus
421 2927 628 3008 Lornbarrlic‚
652 2949 804 3014 nuper..
823 2979 830 2994 .
849 2949 920 2994 curn
944 2929 1082 3012 pecunia
1105 2926 1247 2993 ciusdem
1264 2928 1410 3006 ecclesie,
1434 2950 1529 3012 quam

198 3055 256 3119 pro
289 3033 458 3119 stipendiis
491 3036 556 3100 suis
588 3041 756 3120 receperat
789 3043 821 3100 ct
845 3057 902 3121 pro
927 3054 991 3117 qua
1014 3034 1119 3100 eidem
1144 3035 1313 3100 tenebatur
1335 3037 1456 3101 servire
1479 3056 1530 3103 ec·

196 3141 305 3224 alseio,
333 3141 375 3206 ad
398 3139 598 3206 Ludovioum
623 3142 697 3206 olim
724 3142 860 3207 Bovario
889 3141 1004 3206 ducem
1028 3141 1337 3206 excommunicatum
1355 3162 1458 3210 ...se
1486 3142 1530 3208 la·

196 3255 300 3313 tenter
324 3250 487 3315 transtulit
508 3297 515 3312 .
534 3296 541 3312 .
560 3297 567 3314 .
586 3249 834 3315 Fraternitatem
859 3256 947 3314 tuam
970 3268 1158 3314 monemus.
1177 3297 1184 3312 .
1203 3297 1210 3313 .
1228 3249 1376 3330 quatinus
1392 3247 1530 3314 cundem

199 3354 390 3421 Winandum
415 3357 745 3422 excommunicatum.
762 3405 769 3421 .
784 3405 791 3421 .
808 3356 911 3422 facias
935 3356 1063 3441 publice
1088 3356 1230 3420 nunciari
1248 3404 1255 3418 .
1275 3403 1308 3419 ..
1334 3357 1408 3420 Dat.
1434 3355 1529 3422 Avin.

198 3461 226 3526 V
251 3461 323 3528 idus
346 3463 477 3546 augusti
500 3485 530 3530 a.
554 3463 733 3530 undecimo.

358 3587 424 3656 Ray
454 3588 507 3640 111
525 3599 571 3654 pa.
592 3586 665 3658 Hs.
684 3589 731 3642 451
749 3603 797 3643 cr.
817 3589 881 3643 870.

306 3857 428 3926 laco.
454 3861 540 3926 1327
564 3857 696 3947 Aopcat
721 3861 773 3925 10.
804 3857 970 3945 Aor'pcoo.

307 4003 465 4070 Iohannes
491 4002 591 4068 XXII
626 4001 737 4068 Ottoni
766 4001 870 4067 electo
902 4001 1173 4086 llagdeburgensi
1205 4003 1345 4085 nunciat,
1384 4001 1468 4085 quod
1502 4005 1531 4069 ei

200 4111 296 4174 urittit
328 4112 467 4195 palleum
501 4129 558 4196 per
593 4109 761 4174 Henricum
797 4108 836 4174 dc
862 4109 984 4174 luliaco
1017 4109 1174 4174 decanum
1204 4111 1340 4175 ecclesie
1370 4110 1532 4176 Albersta-

200 4215 308 4283 eleusis
332 4217 480 4284 nuncium
506 4224 538 4282 ct
561 4224 799 4302 procuratorem
824 4215 977 4281 eiusdem.

307 4324 385 4390 Cum
410 4325 550 4410 palleum
573 4325 698 4408 insigne
716 4371 723 4385 .
742 4374 749 4388 .
769 4371 775 4389 .
805 4323 880 4387 Dat.
898 4324 992 4388 Avin.
1010 4323 1055 4388 VI
1071 4321 1143 4388 idus
1159 4323 1287 4407 augusti
1304 4345 1333 4389 a.
1351 4323 1531 4389 undecimo.

360 4451 433 4520 Rep.
455 4452 572 4517 111pa.
593 4448 628 4502 II
642 4448 666 4518 f.
687 4453 723 4502 45
742 4463 789 4501 rur.
809 4449 876 4502 866.

308 4659 422 4727 12151.
454 4662 540 4727 1327
565 4659 698 4746 Acpaat
723 4661 774 4724 12.
799 4657 965 4746 Acipnoa.

308 4801 469 4871 Iohannes
497 4801 596 4871 XXII
639 4803 759 4870 Iacobo
800 4801 842 4870 de
877 4800 1041 4885 Heldinga
1081 4799 1342 4868 consideracione
1380 4799 1533 4868 Iohannis
