3642 5509
771 471 841 526 1899
859 471 979 528 lanuar
997 471 1040 527 24.
1507 475 1561 532 909

226 649 400 716 secundum
424 650 599 718 facultates
622 651 723 736 ipsius
747 657 779 716 et
802 649 888 718 dctis
905 652 935 717 ei
952 672 1010 738 per
1026 653 1147 719 dictum
1164 656 1312 721 comitem
1328 657 1536 740 assignate..
1552 706 1559 722 .

227 757 302 823 Dat.
327 758 423 823 Avin.
449 757 544 824 v1111
568 758 612 823 kl.
638 758 792 824 februarii
817 781 846 825 a.
872 759 1104 826 tertiodecimo.

387 882 460 956 Req.
479 884 517 940 92
534 883 559 954 f.
579 885 635 936 136
652 899 699 937 ur.
719 885 806 948 1379,·
829 885 883 940 Ra
903 886 986 938 1135.

331 1146 455 1215 locu.
481 1146 568 1210 1329
593 1146 733 1210 Jouuur
755 1146 808 1208 24.
834 1142 1000 1230 Acipuou.

334 1290 504 1374 [Iohannes
527 1287 638 1371 XXII]
665 1287 818 1372 episcopo
842 1287 1027 1356 Leodiensi.

338 1396 457 1463 Oblata
480 1396 573 1461 nohis
604 1394 714 1459 dilecti
738 1394 795 1458 filii
818 1395 935 1461 nobilis
958 1395 1019 1460 viri
1047 1394 1199 1461 Willelmi
1228 1397 1353 1463 comitis
1376 1397 1562 1464 iuliacensis

226 1505 326 1571 Gelon
350 1503 433 1572 dioc.
458 1501 624 1588 petitionis
652 1502 751 1568 series
776 1501 975 1585 continebat,
1005 1501 1091 1585 quod
1115 1522 1187 1568 cum
1211 1501 1370 1585 quondam
1395 1503 1562 1589 Philippus

224 1611 372 1678 dominus
407 1609 448 1675 de
473 1608 703 1676 Wildenberch
736 1607 994 1692 consanguineus
1018 1629 1103 1692 suus,
1135 1629 1239 1693 quem,
1263 1608 1339 1675 dum
1363 1610 1453 1693 vixit,
1478 1612 1561 1676 inter

226 1726 350 1784 ceteros
389 1717 458 1783 eius
499 1717 754 1800 consanguineos
791 1716 947 1800 singulari
990 1716 1162 1782 affectione
1204 1715 1332 1801 dilexit,
1373 1717 1492 1783 dudum
1527 1719 1560 1782 in

226 1824 365 1909 quodam
399 1821 548 1890 conflictu
583 1823 715 1908 perierit
739 1829 770 1887 et
794 1825 826 1887 in
850 1825 1045 1889 monasterio
1069 1822 1317 1890 Steiuweldensi
1345 1824 1561 1890 Promonstra-

225 1933 325 1998 tensis
357 1930 477 1997 ordinis
512 1929 599 1995 dicte
626 1928 711 1995 dioc.
736 1928 832 1994 fuerit
856 1930 1041 2013 tumulatus,
1074 1929 1159 1995 idem
1192 1950 1299 1996 comes
1331 1950 1389 2015 pro
1419 1932 1563 1998 consola·

226 2041 313 2106 tione
336 2057 394 2104 sua
417 2045 450 2103 et
473 2058 531 2122 pro
555 2039 661 2102 anime
684 2035 763 2102 dicti
799 2035 944 2102 defuncti
979 2038 1084 2103 salute
1117 2036 1282 2104 desiderat
1315 2057 1430 2123 corpus
1461 2039 1562 2123 ipsius

225 2145 267 2211 ad
292 2143 453 2228 quandam
478 2145 647 2230 capellam,
676 2163 771 2227 quam
803 2142 888 2209 idem
914 2163 1022 2210 comes
1044 2145 1078 2209 in
1101 2143 1221 2230 oppido
1245 2164 1302 2212 suo
1324 2143 1467 2229 Nidegin
1490 2166 1560 2231 pre-

224 2251 294 2317 fate
317 2252 401 2317 dioc.
426 2250 468 2316 de
491 2257 601 2316 nostra
630 2250 763 2316 licentia
786 2250 847 2316 sihi
872 2270 1026 2318 concessa
1049 2252 1198 2337 proponit
1221 2251 1262 2317 dc
1287 2253 1379 2318 honis
1402 2254 1468 2318 suis
1491 2274 1561 2339 prc-

225 2358 302 2444 priis
335 2356 476 2424 construi
509 2355 616 2423 facere
640 2363 673 2422 et
697 2357 809 2424 doure
833 2378 873 2423 ac
895 2357 928 2423 in
951 2378 992 2424 ca
1015 2357 1172 2443 deputare
1195 2360 1337 2443 quinque
1366 2359 1561 2445 presbiteros

225 2467 257 2532 in
280 2472 454 2552 perpetuos
477 2465 674 2551 capellanos,
701 2467 754 2549 qui
779 2485 837 2551 pro
860 2485 919 2532 suo
944 2485 983 2531 ac
1006 2474 1173 2552 parentum
1197 2487 1324 2532 suornm
1349 2473 1381 2533 et
1405 2467 1485 2534 dicti
1508 2468 1561 2535 de

224 2574 327 2639 functi
351 2575 527 2639 animarum
559 2573 663 2640 salute
687 2573 851 2638 celebrare
875 2572 1016 2639 debeant
1040 2573 1150 2638 divina
1173 2573 1279 2638 officia
1302 2574 1335 2638 in
1359 2574 1483 2658 eudem,
1520 2574 1561 2642 de

224 2682 417 2748 monasterio
442 2680 598 2767 predicto,
623 2687 793 2766 postquam
818 2680 890 2765 ipsa
919 2680 1045 2765 capella
1069 2686 1254 2747 constructa
1278 2687 1310 2745 et
1333 2679 1447 2747 dotata
1470 2689 1503 2747 et
1526 2683 1559 2747 in

225 2809 265 2854 ea
287 2789 426 2854 instituti
449 2786 586 2873 predicti
612 2787 758 2873 perpetui
782 2787 942 2873 capellani
968 2786 1099 2870 fuerint,
1131 2787 1298 2853 transferri
1322 2788 1410 2853 etin
1435 2789 1561 2873 capella

225 2893 405 2962 huiusmodi
429 2895 568 2980 sepeliri.
615 2893 722 2972 Quare
753 2894 897 2978 prefatus
921 2914 1030 2960 comcs
1053 2893 1146 2959 nohis
1168 2892 1331 2959 humiliter
1354 2895 1559 2980 supplicavit,

225 3007 260 3067 ut
283 3001 355 3086 sibi,
380 3002 434 3084 qui
458 3002 491 3066 in
515 3000 628 3067 eadem
654 3001 781 3084 capella
806 3002 903 3066 etiam
929 2999 1060 3086 sepeliri
1082 3000 1245 3085 proponit,
1278 3001 1418 3066 faciendi
1443 3023 1559 3088 corpus

225 3107 366 3174 eiusdem
391 3107 536 3174 defuncti
560 3106 603 3174 ad
628 3109 785 3193 capellam
809 3107 958 3184 eandem,
983 3116 1018 3173 nt
1034 3107 1237 3194 premittitur,
1264 3109 1431 3175 transferri
1455 3117 1488 3175 et
1511 3129 1559 3175 se·

225 3215 317 3301 peliri
334 3217 366 3280 in
383 3235 432 3298 ea,
456 3217 623 3301 presertim
640 3236 711 3281 cum
729 3214 814 3280 idem
832 3213 1003 3282 defunctus
1019 3212 1099 3280 dicti
1118 3216 1305 3282 monasterii
1329 3216 1559 3300 parrochianus

223 3344 288 3389 non
319 3322 417 3388 fuerit
449 3342 509 3388 nec
542 3323 588 3389 ibi
616 3322 750 3405 elegerit
780 3323 920 3407 sepeliri,
953 3322 1116 3387 licentiam
1140 3320 1317 3387 concedere
1341 3320 1557 3405 dignaremur.

224 3430 293 3498 Nos
316 3431 463 3514 igitur..
482 3478 489 3495 .
506 3428 701 3500 fraternitati
727 3437 780 3495 tue
799 3479 805 3494 .
825 3478 831 3493 .
850 3483 857 3498 .
876 3429 1104 3496 committimus
1119 3435 1153 3494 et
1174 3428 1372 3513 mandamus,
1397 3429 1557 3514 quatinus,

224 3539 349 3603 vocatis
381 3539 436 3621 qui
468 3537 589 3602 fuerint
621 3536 790 3618 evocandi,
827 3535 854 3601 si
878 3543 928 3602 est
950 3537 1007 3620 ita,
1042 3537 1169 3623 prefato
1199 3536 1319 3618 comiti,
1354 3535 1423 3602 iure
1450 3547 1558 3604 tamen

224 3643 418 3730 parrochiali
441 3645 473 3709 in
498 3644 570 3710 aliis
593 3663 721 3729 semper
736 3643 836 3722 salvo,
861 3645 1056 3709 auctoritate
1079 3651 1188 3710 nostra
1211 3643 1372 3709 concedas
1395 3645 1558 3712 licentiam

223 3750 433 3836 postulatam,
469 3749 722 3816 contradictores
758 3770 815 3835 per
850 3770 1017 3817 censuram
1052 3751 1304 3817 ecclesiasticam
1341 3752 1558 3836 appellatione

223 3858 405 3943 postposita
428 3857 661 3944 compescendo
687 3907 693 3922 .
721 3905 728 3922 .
754 3906 761 3922 .
808 3858 883 3923 Dat.
909 3858 1003 3923 Avin.
1029 3858 1125 3924 VIIII
1149 3857 1194 3922 kl.
1219 3858 1371 3924 februarii
1395 3880 1425 3925 a.
1450 3862 1556 3928 tertio·

224 3962 360 4031 decimo.

384 4089 458 4159 Rep.
479 4087 517 4143 90
534 4087 558 4158 f.
578 4087 648 4142 252¹
665 4088 819 4154 ur.1656;
840 4088 892 4144 Ra.
911 4088 993 4143 1126.

329 4361 452 4431 loos.
482 4365 569 4430 1329
592 4365 730 4430 ιῙιιιιιιαν
753 4367 807 4429 24.
832 4362 998 4452 Aoipuou.

331 4507 491 4573 Iohannes
516 4507 616 4572 XXII
640 4507 799 4575 Willclmo
824 4508 934 4574 comiti
958 4509 1130 4576 iuliacensi
1154 4509 1309 4595 indulget,
1333 4518 1369 4576 ut
1391 4512 1459 4578 eius
1483 4534 1556 4581 cou-

222 4611 327 4679 fessor
356 4633 427 4679 oum
456 4614 616 4699 religiosis
644 4634 914 4698 quorumcumque
937 4616 1094 4699 ordinum,
1131 4637 1210 4700 quos
1234 4617 1276 4683 ad
1301 4620 1427 4685 comitis
1449 4627 1483 4686 ct
1505 4623 1555 4688 Io·

224 4718 330 4786 hanne
361 4722 470 4787 uxoris
503 4741 543 4788 ac
566 4721 734 4788 Elisabeth
766 4723 878 4788 matris
910 4742 1036 4789 mensas
1063 4724 1174 4790 venire
1207 4727 1379 4809 contigerit
1411 4729 1556 4795 caritatis

222 4825 377 4914 pabulum
407 4834 622 4913 suscepturos,
656 4829 771 4912 quihus
803 4848 913 4895 eorum
945 4831 1058 4916 regula
1089 4850 1177 4898 esum
1207 4834 1349 4899 carnium
1378 4832 1555 4924 interdicit,
