3642 5509
767 417 837 473 1329
857 415 989 474 October
1008 417 1033 474 7.
1502 413 1554 470 271

220 604 358 670 ecclesia
392 603 424 667 in
464 599 707 687 Leychelingeu
742 621 782 665 ac
817 601 1059 667 canonicatibus
1100 607 1134 666 et
1169 599 1342 685 prebendis
1377 599 1555 664 Bunnensis

220 711 424 776 Assindensis
448 731 487 776 ac
513 708 730 792 Ditkirgensis
763 707 969 773 ecclesiarum
1001 707 1218 792 predictarum
1248 713 1379 792 propter
1409 705 1555 791 predicta

220 818 411 884 vacantibus
523 815 746 881 mandavimus
768 814 932 900 provideri
1063 815 1136 880 Dat.
1162 815 1259 880 Avin.
1286 835 1388 880 nonas
1413 815 1555 880 octobris

223 947 252 990 a.
278 925 529 1008 quartodecimo.

328 1035 365 1097 ln
388 1054 416 1098 e.
441 1055 482 1097 m.
506 1031 629 1097 decano
654 1037 687 1096 et
710 1032 880 1097 scolastico
905 1031 938 1096 S.
955 1033 1057 1098 hlaric
1081 1030 1122 1097 ad
1147 1029 1268 1116 gradus
1291 1031 1401 1096 Calon.
1427 1051 1466 1096 ac
1482 1031 1555 1095 Am-

221 1141 327 1207 brosio
351 1140 392 1206 do
415 1139 597 1206 Mediolano
622 1140 777 1205 canonico
801 1138 976 1206 Mediolan.
1001 1140 1219 1206 ecclesiarum.

370 1265 444 1334 Rea.
464 1264 502 1319 96
519 1279 567 1318 ar.
586 1264 674 1319 3860.

327 1528 448 1596 1773.
479 1530 565 1595 1329
589 1530 730 1595 October
753 1532 783 1595 7.
808 1527 974 1616 Aoipaoa.

328 1685 490 1752 Iohannes
515 1685 615 1750 XXII
647 1685 783 1752 Iohanni
814 1685 902 1752 dicto
927 1686 1015 1771 Voys
1043 1691 1119 1751 nato
1150 1684 1290 1751 Conradi
1315 1685 1403 1771 Voys
1431 1683 1557 1751 confert

222 1792 302 1858 cccl.
326 1792 360 1858 S.
385 1793 556 1879 Symeonis
585 1792 716 1858 Trever.
741 1793 975 1876 canonicatum,
999 1791 1196 1878 prehendam
1219 1812 1295 1860 vero
1329 1791 1434 1858 eidem
1458 1812 1558 1858 reser-

221 1907 288 1983 vat,
320 1920 384 1966 non
413 1900 561 1966 obstante
584 1899 670 1984 quod
693 1901 726 1966 in
749 1900 828 1966 eccl.
852 1901 1037 1967 Monasterii
1061 1901 1094 1965 in
1111 1899 1296 1985 Meynevelt
1311 1900 1442 1966 Trever.
1471 1899 1555 1965 dioc.

223 2008 445 2074 canonicatum
470 2015 503 2072 et
526 2005 721 2093 prebendam
747 2008 880 2074 obtinet.

328 2114 453 2180 Meritis
475 2121 530 2179 tue
554 2114 803 2198 probitatis...
835 2115 911 2180 Dat.
929 2114 1024 2180 Avin.
1049 2135 1149 2182 nonas
1172 2114 1354 2181 novembris
1377 2135 1406 2181 a.
1429 2121 1557 2198 quarto-

223 2221 360 2288 decimo,

329 2329 367 2394 In
391 2347 419 2394 e.
444 2349 484 2392 m.
519 2327 552 2394 S.
578 2327 710 2411 Georgii
735 2327 844 2394 Calon.
870 2335 902 2394 et
926 2329 960 2394 S.
985 2328 1106 2394 lilarini
1134 2329 1167 2392 in
1196 2327 1397 2394 Confluentis
1425 2328 1557 2395 Trever.

222 2435 307 2501 dioc.
331 2434 464 2501 decanis
488 2454 527 2500 ac
550 2434 723 2502 scolastico
747 2434 907 2501 Tullensis
931 2434 1149 2502 ecclesiarum.
1335 2442 1340 2451 '

383 2559 457 2628 Rea.
478 2560 515 2613 94
533 2573 581 2612 nr.
598 2560 662 2612 585.

327 2813 449 2883 1774.
478 2818 565 2882 1329
589 2817 728 2883 October
753 2819 805 2882 13.
829 2816 995 2905 Aoipaoa.

331 2959 500 3027 Iohannes
516 2961 627 3025 XXII
645 2961 860 3026 visitantibus
883 2961 1056 3027 ecclesiam
1080 2959 1306 3027 cathedralem
1329 2959 1558 3028 Colonieasem

224 3068 374 3135 concedit
396 3069 637 3156 iodalpeatias.

330 3213 501 3298 [Iohannes
523 3213 635 3298 xxn]
665 3211 834 3280 Universis
856 3211 976 3279 Christi
1000 3211 1148 3280 fidelibus
1172 3219 1337 3298 presentes
1361 3212 1486 3278 litteras
1509 3212 1556 3277 in-

222 3321 381 3406 specturis
405 3321 542 3387 salutem
566 3328 628 3387 cte.

330 3426 425 3494 Licet
447 3429 485 3512 is,
519 3428 560 3494 dc
585 3430 676 3494 cuins
707 3447 838 3494 munere
868 3429 967 3510 venit,
1000 3434 1035 3493 ut
1067 3428 1128 3493 sibi
1152 3448 1172 3492 a
1195 3426 1345 3492 fidelibus
1367 3427 1432 3492 suis
1456 3425 1556 3510 digne

224 3555 264 3601 ac
297 3533 504 3600 laudabiliter
535 3534 705 3618 serviatur,
747 3534 789 3600 de
821 3533 1044 3600 habundantia
1073 3535 1204 3618 pietatis
1239 3554 1305 3616 sue,
1347 3552 1408 3616 que
1444 3534 1558 3598 merita

223 3641 404 3727 supplicum
432 3641 563 3708 excedit
594 3649 626 3707 et
650 3648 735 3726 vota,
769 3643 851 3707 hene
878 3642 1092 3707 servientibus
1120 3641 1221 3706 multa
1247 3641 1370 3707 maiora
1392 3640 1558 3714 retribuat,

224 3768 319 3832 quam
355 3748 486 3814 valcant
519 3748 710 3835 promereri,
763 3747 988 3814 nichilominus
1027 3752 1135 3813 tamen
1174 3746 1396 3813 desiderantes
1430 3745 1558 3811 domino

223 3855 361 3922 reddere
393 3854 545 3942 populum
579 3855 813 3940 acceptabilem
848 3857 1001 3922 bonorum
1035 3876 1165 3940 operum
1199 3861 1404 3937 sectatorum,
1440 3853 1558 3920 Christi

223 3961 336 4031 fideles
364 3962 407 4030 ad
435 3962 699 4049 complacendum
729 3963 758 4028 ei
788 3963 879 4045 quasi
909 3962 1100 4046 quibusdam
1128 3962 1274 4027 alectivis
1303 3963 1336 4043 (l)
1364 3961 1558 4044 muneribus,

224 4070 433 4154 indulgentiis
456 4069 609 4136 videlicet
634 4075 667 4135 et
689 4069 939 4152 remissionibus,
971 4069 1153 4152 invitamus,
1183 4075 1219 4133 ut
1243 4067 1359 4134 exinde
1382 4065 1558 4134 reddantur

224 4176 333 4243 divine
356 4177 462 4261 gratie
485 4179 636 4262 aptiores.
669 4176 844 4262 Cupientes
867 4176 976 4259 igitur,
999 4182 1035 4241 ut
1059 4175 1196 4242 ecclesia
1219 4175 1418 4242 Coloniensis
1440 4173 1558 4240 devota
1629 4207 1637 4230 a

225 4284 362 4351 celebris
394 4291 427 4349 ct
459 4284 594 4366 famosa,
630 4303 692 4367 que
723 4283 757 4348 in
790 4281 911 4348 honore
940 4283 1130 4349 Beatissime
1157 4283 1259 4348 Mario
1292 4281 1426 4366 virginis
1457 4301 1496 4348 ac
1520 4281 1557 4346 B.

225 4388 313 4455 Petri
337 4390 552 4476 apostolorum
581 4391 735 4475 principis
759 4389 951 4472 celestisqne
980 4388 1144 4473 clavigeri,
1178 4390 1261 4455 sicut
1285 4389 1476 4474 accepimus,
1510 4396 1559 4455 est

224 4495 362 4563 fundata
393 4503 426 4562 et
456 4498 490 4562 in
523 4517 587 4580 qua
610 4496 721 4562 Trium
750 4496 939 4563 Sanctorum
969 4495 1094 4580 Regum
1117 4495 1284 4580 Magorum
1318 4515 1453 4582 corpora
1485 4502 1559 4562 sunt

225 4611 340 4670 ornatu
371 4603 505 4671 mirilico
538 4603 722 4690 specialiter
745 4603 915 4686 collocata,
953 4605 1102 4688 congruis
1135 4601 1307 4670 honoribus
1340 4603 1559 4686 frequentetur

224 4717 259 4778 et
282 4711 402 4778 Christi
434 4710 547 4779 fideles
575 4732 614 4778 eo
642 4709 805 4777 confluant
837 4710 993 4776 libencius
1017 4717 1050 4775 ct
1073 4709 1226 4777 devocius
1250 4708 1292 4776 ad
1316 4708 1463 4794 eandem,
1496 4731 1559 4795 quo

224 4819 329 4904 magis
357 4839 398 4885 ex
426 4818 488 4886 hoc
515 4819 735 4906 spiritualibus
756 4818 872 4903 gratiis
896 4817 1123 4905 conspexerint
1146 4837 1182 4884 se
1204 4816 1345 4884 resectos
1368 4823 1401 4883 ct
1424 4815 1559 4905 proinde
