3642 5509
265 453 319 508 120
809 450 879 506 1328
897 449 1016 505 Jannar
1034 449 1077 504 23.

374 631 553 698 Laudabile
577 630 803 712 testimonium,
827 628 913 713 quod
937 678 944 694 .
968 678 1006 695 ..
1044 629 1119 695 Dat.
1146 630 1241 695 Avin.
1266 629 1298 694 X
1322 627 1366 694 kl.
1390 629 1545 695 februarii
1570 649 1600 693 a.

267 738 470 807 duodecimo.

373 848 411 912 In
435 867 464 911 e.
489 868 531 913 m.
567 844 691 911 decano
714 846 746 909 in
770 843 894 910 Liohen
920 849 952 909 et
975 846 1097 910 cantori
1124 844 1157 913 S.
1176 844 1391 909 Bartholomei
1416 842 1600 909 Francken-

266 952 426 1020 fordensis
450 954 594 1036 Msgunt.
628 950 712 1018 dioe.
745 971 784 1016 ae
813 952 933 1017 laoobo
966 950 1008 1016 de
1031 950 1156 1016 Mutina
1187 950 1363 1043 scolastico,
1383 950 1467 1016 Tull.
1496 950 1598 1017 aeole-

266 1061 396 1127 siarum.

435 1168 508 1241 Ray.
527 1165 606 1237 881⁴.
626 1167 682 1222 170
699 1182 747 1221 ar.
767 1167 851 1221 3453.

372 1430 497 1496 laea.
524 1432 611 1496 1328
633 1433 772 1497 Jonaar
795 1433 849 1496 23.
874 1428 1039 1517 Aoipooa.

373 1573 532 1640 lohannes
547 1573 647 1638 XXII
671 1573 822 1658 Philippo
843 1572 885 1638 de
900 1572 1085 1638 Chalsmont
1110 1571 1234 1637 confert
1257 1570 1337 1636 eool.
1352 1570 1601 1637 Wormatiensis

266 1680 503 1763 canonicatum,
526 1678 724 1765 prebendam
749 1700 825 1745 vero
849 1679 954 1745 eidem
978 1684 1133 1745 reservat.

374 1786 562 1873 Apostoline
586 1785 791 1852 liberalitatis
814 1785 981 1852 dexteram
999 1834 1006 1851 .
1025 1834 1059 1851 ..
1106 1786 1181 1851 Dat.
1208 1784 1301 1849 Avin.
1319 1785 1351 1850 X
1375 1783 1420 1849 kl.
1444 1784 1597 1851 februarii

267 1915 297 1960 a.
321 1892 524 1959 duodecimo.

375 2001 412 2064 ln
436 2020 464 2066 e.
491 2021 532 2065 m.
566 2001 686 2067 laoobo
706 1980 759 2068 'de
791 2001 916 2067 Mutina
947 2000 1119 2067 scolastico
1142 2000 1226 2065 Tull.
1251 2007 1284 2064 et
1317 1997 1439 2065 decano
1464 1998 1599 2063 Wilbur-

267 2108 377 2191 gensis
400 2128 439 2172 ao
464 2108 588 2173 cantori
612 2107 857 2175 Wetslariensis
879 2110 1012 2175 Trever.
1037 2108 1120 2174 dioc.
1145 2106 1364 2174 eeclesiarum.

430 2231 501 2302 Ray.
522 2232 560 2287 88
576 2230 600 2302 f.
620 2234 675 2288 170
692 2247 740 2286 nr.
760 2233 845 2287 3464.

372 2505 492 2573 1400.
522 2507 609 2569 1328
632 2505 771 2571 Joaoar
793 2508 847 2570 23.
872 2504 1035 2593 Aoipooa.

373 2650 535 2715 Iohannes
559 2647 659 2712 XXll
683 2645 851 2713 Lndovieo
877 2647 918 2713 de
943 2648 1041 2714 Clare
1067 2649 1183 2715 clerieo
1205 2650 1317 2715 Colon.
1343 2655 1486 2715 reservat
1510 2648 1600 2713 bene

267 2756 374 2822 tioium
407 2754 662 2821 ecelesiasticam
697 2773 768 2819 oum
804 2774 880 2820 cura
904 2756 955 2820 vel
988 2755 1056 2821 sine
1086 2776 1163 2821 eura
1193 2755 1234 2821 ad
1266 2755 1508 2841 dispositionem
1532 2773 1601 2839 pre·

267 2863 364 2949 positi
395 2862 511 2928 decani
541 2868 574 2926 et
602 2860 736 2945 capituli
760 2861 839 2926 eccl.
864 2860 896 2926 S.
921 2860 1077 2928 Gereonio
1100 2862 1210 2928 Oolon.
1236 2864 1445 2929 communiter
1474 2861 1525 2927 vel
1555 2860 1599 2925 di-

267 2969 361 3036 visim
385 2968 560 3053 pertinens,
585 2968 675 3033 euius
698 2966 832 3049 fruetus,
862 2968 890 3033 si
914 2988 985 3033 eum
1011 2989 1097 3051 eura,
1124 2970 1247 3053 viginti,
1281 2971 1308 3035 si
1332 2988 1407 3035 vero
1431 2968 1500 3033 siue
1525 2987 1600 3033 eura

268 3077 375 3158 fuerit,
400 3073 583 3159 quindecim
607 3073 808 3139 marcharum
832 3076 959 3159 argenti
983 3096 1007 3141 s.
1030 3082 1052 3139 t.
1077 3075 1108 3141 d.
1134 3076 1274 3141 valorem
1299 3096 1437 3141 annuum
1461 3094 1525 3139 non
1548 3093 1601 3139 ex·

268 3182 397 3264 cedant,
432 3202 495 3248 non
530 3182 679 3247 obstante
714 3179 799 3264 quod
835 3181 998 3263 quoddam
1033 3183 1170 3268 simplex
1202 3182 1340 3249 officium
1372 3182 1441 3249 sine
1468 3200 1552 3261 eura
1568 3180 1600 3243 in

268 3288 383 3357 eadem
407 3290 545 3355 eoolesia
567 3288 701 3355 obtinet.

375 3397 426 3461 Ex
450 3402 504 3461 tue
528 3394 709 3461 devotionis
726 3442 734 3459 .
752 3443 759 3459 .
778 3444 786 3460 .
810 3395 886 3460 Dat.
904 3395 1002 3461 Aviu.
1020 3396 1050 3461 X
1068 3396 1114 3462 kl.
1132 3396 1283 3463 februarii
1307 3418 1337 3462 a.
1362 3394 1562 3461 duodecimo.

377 3504 413 3567 ln
436 3522 465 3568 e.
491 3523 532 3567 m.
567 3502 601 3568 S.
626 3501 772 3567 Severini
803 3508 836 3567 et
865 3502 899 3567 S.
925 3503 1056 3586 Georgii
1082 3504 1192 3569 Gelon.
1217 3503 1348 3569 decanis
1378 3523 1416 3567 ao
1447 3502 1599 3585 magistro

268 3609 406 3677 Nieolao
430 3608 471 3674 de
488 3608 616 3673 Fraotis
639 3608 796 3673 canonico
818 3609 1024 3675 Patraoeusis
1048 3609 1127 3676 eoel.
1151 3609 1327 3675 litteramm
1352 3608 1599 3694 apostolicarum

270 3716 454 3782 eorreotori.

419 3838 492 3907 Rep.
510 3839 550 3891 88
568 3836 592 3908 f.
613 3839 658 3892 761
678 3852 726 3892 or.
744 3839 833 3894 3203.

373 4116 491 4184 1401.
517 4121 605 4184 1328
628 4120 782 4185 Ferrum
804 4122 836 4186 6.
860 4118 1025 4207 Aoipooo.

375 4262 543 4327 Iohannes
568 4262 679 4327 XXII
713 4264 892 4351 deprecaido
930 4266 1043 4330 comiti
1075 4266 1230 4331 (iodrensi
1267 4266 1444 4351 confirmat
1470 4285 1601 4349 possea-

269 4372 396 4435 aioaem
429 4372 534 4435 contri
565 4371 606 4435 de
630 4372 838 4457 Noviomapo
871 4378 903 4436 et
936 4373 1078 4438 thelonei
1110 4374 1151 4438 de
1180 4373 1331 4437 Lobbede
1365 4394 1387 4436 a
1420 4372 1601 4437 demetrio

268 4478 502 4542 Romanorum
524 4497 600 4563 repe
624 4478 739 4542 ortam·
763 4479 876 4543 comiti
898 4479 1055 4545 Geireaai
1079 4480 1115 4543 ia
1137 4478 1280 4565 faedam
1305 4499 1545 4544 concessorum.

377 4599 548 4685 [Iohannes
569 4601 681 4686 XXII]
705 4600 875 4686 Reynaldo
899 4603 1008 4668 comiti
1033 4602 1190 4670 Gelrensi.

376 4707 489 4794 Nuper
520 4706 673 4791 quasdam
707 4709 831 4774 litteras
855 4708 896 4774 ie.
921 4729 965 4777 re.
991 4710 1116 4777 Nicolai
1141 4729 1225 4795 pape
1250 4710 1341 4774 llll.
1366 4760 1372 4774 .
1406 4709 1601 4795 inspeximus

270 4814 467 4882 continentie
498 4834 556 4901 por
588 4814 696 4881 omnia
726 4816 966 4899 subsequentis:
1015 4816 1167 4885 Nicolens
1198 4817 1368 4902 episeopus
1397 4836 1508 4882 servus
1538 4836 1601 4881 ser·
