3642 5509
240 431 294 489 9611
800 429 869 490 1999
888 430 962 489 Juul
981 431 1005 488 9.

241 613 370 681 Iordani
395 615 436 680 de
462 614 620 681 Wiswilre
652 615 790 700 puellam
819 614 994 680 litteratam
1020 614 1200 699 cupientem
1224 635 1287 681 una
1311 634 1383 680 cum
1407 614 1572 689 abbatissa

241 729 273 786 01
303 728 460 787 conventu
485 722 667 788 monasterii
698 721 739 787 de
763 724 983 807 ll'eyuauwen
1012 721 1080 788 ord.
1096 723 1402 790 Premonstrateusis
1430 722 1572 788 eiusdem

241 827 324 895 dioc.
350 828 478 894 domiuo
501 829 660 912 famulari,
689 830 715 896 si
739 831 781 896 sit
803 829 932 915 ydonee
956 836 988 895 et
1012 828 1100 895 aliud
1125 831 1312 895 canonicum
1336 850 1400 897 uon
1423 831 1569 911 obsistat,

239 937 271 1000 in
295 936 382 1003 dicto
407 938 600 1003 monasterio
624 937 747 1002 iaciant
770 937 804 1002 iu
828 936 1018 1002 monacham
1042 936 1153 1022 recipi.

347 1045 427 1110 (lum
458 1046 540 1110 sieut
569 1045 751 1130 accepimus
781 1093 787 1110 .
819 1093 826 1110 .
856 1093 863 1110 .
913 1045 988 1111 Det.
1017 1044 1111 1111 Avia.
1144 1044 1278 1110 111111.
1307 1044 1384 1110 iunii
1408 1065 1438 1111 a.
1464 1043 1571 1110 tertio·

240 1150 374 1218 decimo.

399 1281 472 1351 Regu.
491 1282 527 1335 91
545 1281 570 1352 f.
591 1281 654 1336 151‘
673 1297 719 1336 nr.
741 1281 824 1337 2448.

350 1551 472 1619 1724.
504 1556 754 1621 1329111012.
789 1552 956 1641 Auipaca.

346 1695 516 1778 [lohannes
539 1695 651 1786 XXII]
687 1697 848 1784 Eyderico
882 1698 1046 1784 preposito
1080 1697 1217 1764 ecclesie
1246 1698 1280 1763 S.
1305 1697 1451 1763 Severini
1480 1696 1571 1762 Colo·

238 1803 358 1870 niensis
382 1805 549 1890 capellano
573 1807 693 1892 papali.
951 1879 953 1883 ,

346 1911 447 1976 Grata
475 1912 586 1978 dilecti
610 1913 670 1998 ¹filii
700 1915 736 1979 P.
762 1913 803 1980 de
827 1914 956 1998 Ungula
983 1914 1098 1998 prioris
1123 1912 1236 1979 domus
1260 1910 1429 1997 hospitalis
1453 1911 1570 1976 'Pholo-

238 2019 307 2083 saui
331 2017 365 2084 S.
389 2018 541 2086 Iohannis
563 2020 810 2087 ierosolimitaui
844 2021 954 2086 nuncii
987 2022 1087 2088 nostri
1119 2021 1152 2085 in
1185 2021 1231 2085 eis
1260 2018 1405 2104 partibus
1432 2019 1570 2084 insinua·

239 2125 325 2189 tione
357 2127 568 2212 percepimus,
603 2127 688 2209 quod
718 2126 759 2192 ad
789 2147 840 2210 eu,
875 2147 937 2210 que
969 2127 1061 2193 nobis
1085 2135 1117 2192 et
1141 2125 1318 2212 apostolice
1348 2124 1417 2192 sedi
1440 2125 1570 2209 plaeere

239 2231 392 2316 percipis,
428 2232 555 2299 devotis
590 2235 752 2318 obsequiis
789 2233 963 2319 prudenter
986 2255 1025 2300 ac
1049 2235 1173 2300 solicite
1207 2241 1239 2298 te
1271 2231 1432 2317 impendis
1465 2231 1569 2297 eidem

238 2339 336 2423 priori
361 2339 447 2404 circa
470 2339 531 2404 boe
555 2342 696 2409 consiliis
720 2348 751 2406 01
773 2343 899 2408 auxiliis
923 2341 1061 2407 fideliter
1078 2361 1117 2406 ac
1133 2340 1356 2406 favorabiliter
1379 2337 1569 2404 assistendo.

238 2439 342 2524 Super
374 2441 489 2522 quibus
523 2453 608 2507 ruam
642 2442 844 2508 devotionem
878 2445 909 2506 in
943 2443 1072 2508 domiuo
1102 2442 1271 2528 plurimum
1296 2439 1569 2521 commendantes,

238 2545 473 2631 providentiam
498 2556 584 2614 tuam
608 2571 781 2634 rogamus.
802 2598 833 2612 ..
863 2551 1013 2633 quatinus
1037 2551 1192 2635 premissa
1216 2549 1403 2615 continuare
1427 2568 1490 2612 nou
1514 2547 1568 2612 de·

238 2653 345 2719 ferens
369 2674 408 2719 ea
435 2654 670 2740 nichilominus,
702 2656 787 2741 [que]
822 2657 927 2723 dictus
960 2657 1056 2744 prior,
1091 2656 1186 2741 [cum]
1220 2661 1360 2722 nostram
1385 2662 1418 2719 et
1442 2674 1568 2720 camere

238 2767 345 2827 nostre
377 2761 636 2829 commoditatem
664 2765 849 2849 respiciant,
882 2771 936 2830 tue
969 2762 1181 2830 solicitudinis
1213 2761 1320 2829 studio
1349 2760 1568 2846 promovenda

238 2874 271 2933 01
294 2869 516 2953 prosequenda
539 2872 734 2937 commiserit
756 2873 808 2937 vel
831 2873 979 2955 suaserit,
1008 2873 1055 2938 sie
1078 2869 1251 2954 diligenter
1274 2889 1314 2936 ac
1337 2867 1475 2934 fideliter
1498 2889 1568 2954 pro·

238 2975 451 3058 sequaris...
484 2978 560 3043 Dat.
585 2979 651 3043 lIlI
675 2998 776 3045 nonas
798 2979 878 3044 iunii
902 3000 932 3044 a.
956 2976 1195 3044 terciodecimo.

344 3082 381 3148 ln
405 3103 432 3148 0.
450 3105 491 3149 m.
517 3084 717 3152 Godescaleo
741 3085 868 3152 officiali
895 3085 1087 3152 Coloniensi.

346 3191 383 3254 ln
406 3211 433 3256 e.
451 3212 492 3256 m.
517 3190 641 3258 decano
665 3191 801 3259 ecclesie
826 3194 1014 3259 Bunneusis.

390 3316 463 3384 Rep.
483 3317 537 3369 115
553 3332 601 3386 ps.
622 3317 641 3369 Ι
656 3316 680 3385 f.
701 3317 739 3370 99
757 3333 804 3370 ar.
823 3318 885 3371 571.

344 3574 466 3641 1725.
492 3576 578 3640 1329
606 3577 693 3641 Jaar‘
716 3577 746 3639 2.
776 3576 940 3661 Avipuou.

351 3717 517 3783 Iolroanes
530 3720 641 3782 XXII
672 3720 855 3784 licerinum
879 3719 1049 3803 qnondam
1073 3719 1205 3785 Aroe-ra·
1225 3718 1455 3784 Verticbmurk
1473 3739 1569 3803 prcu-

238 3825 380 3889 ba'teram
397 3825 437 3888 dc
453 3826 560 3889 solato
578 3827 737 3890 ctaolutu
751 3828 899 3912 punitum
917 3827 1073 3891 habilitat
1090 3827 1326 3910 dispensarique
1349 3847 1424 3890 cum
1445 3825 1568 3905 eodem,

237 3939 275 3994 ut
294 3932 544 4016 parrochialem
569 3933 800 3998 ecclesiactica
832 3934 947 3998 Wuulc
972 3934 1106 4012 (denuo)
1130 3935 1280 4018 recipcre
1303 3933 1424 3997 vulcat.

345 4065 515 4150 [lebannes
538 4066 650 4151 XXII]
677 4067 816 4132 Henrico
841 4065 1001 4150 quondam
1025 4067 1149 4132 Alberti
1175 4065 1398 4132 Verticbmarlr
1423 4064 1463 4130 de
1487 4066 1569 4132 Dus·

238 4174 319 4257 berg
343 4173 519 4259 presbitero
544 4173 743 4240 Coloniensis
767 4172 905 4240 diocesis
929 4173 1076 4240 salutem.

345 4281 515 4364 Illegitime
538 4282 675 4364 genitos,
707 4302 786 4364 quos
809 4282 875 4346 vite
905 4280 1038 4346 decorat
1061 4281 1224 4362 honestas,
1247 4279 1499 4364 illegittimitatis
1522 4279 1569 4344 vi·

238 4389 317 4454 tium
341 4389 469 4452 minime
493 4386 676 4470 dedecorat,
711 4390 786 4472 qnia
810 4387 910 4454 decus
937 4390 1091 4454 virtutum
1123 4394 1237 4454 nature
1269 4389 1381 4453 vitium
1410 4387 1569 4470 abstergit

237 4495 270 4560 in
300 4495 381 4560 lilios
405 4495 439 4579 (l)
464 4501 495 4560 et
526 4494 682 4580 pudicitia
711 4516 833 4562 morum
858 4495 961 4582 pudor
985 4496 1119 4579 originis
1142 4496 1298 4561 aboletur.
1346 4495 1432 4561 Saue
1456 4495 1569 4580 petitio

238 4608 293 4668 tua
325 4603 417 4668 nobis
450 4602 595 4668 exhibita
629 4603 826 4687 continebat,
860 4603 946 4687 qnod
977 4603 1052 4669 olim
1078 4610 1181 4669 tecum
1205 4623 1303 4690 super
1326 4601 1456 4668 deiectu
1479 4609 1569 4668 nata·

238 4709 324 4792 lium,
359 4729 451 4791 quem
485 4711 604 4794 pateris
634 4709 674 4775 de
704 4711 809 4777 soluto
833 4712 962 4794 genitus
986 4717 1018 4776 01
1041 4711 1157 4794 soluta,
1192 4710 1276 4794 quod
1301 4709 1482 4776 huiusmodi
1504 4731 1568 4776 nou

239 4817 387 4883 obstante
411 4817 541 4884 defectu
571 4838 680 4906 posses
703 4817 745 4884 ad
770 4837 879 4885 omnes
902 4818 1032 4885 ordines
1054 4820 1235 4905 promoveri
1260 4825 1292 4885 et
1315 4818 1570 4885 ecclesiasticum
