3642 5509
249 417 302 474 278
792 416 862 472 1329
881 416 1012 473 October
1030 416 1073 471 26.

251 597 367 664 altaria
390 596 432 663 de
455 599 547 664 bonis
570 598 708 683 propriis
737 596 886 662 fundavit
909 604 942 662 et
966 596 1092 663 dotavit
1116 603 1147 663 et
1171 595 1204 662 in
1228 616 1291 680 qua
1314 596 1484 663 multorum
1509 600 1583 662 sunt

251 711 434 771 sanctorum
457 705 592 789 reliquie
616 705 781 780 collocate,
806 704 839 769 in
863 705 997 788 singulis
1022 704 1251 770 festivitatibus
1274 705 1308 768 B.
1325 704 1426 769 llario
1451 703 1583 786 virginis

252 820 284 878 et
308 820 494 878 octavarum
518 812 632 878 diebus
656 811 772 877 devote
796 811 1009 894 visitaverint,
1038 810 1253 895 quadraginta
1276 810 1345 877 dies
1370 810 1410 876 de
1434 809 1583 874 iniunctIs

252 920 299 986 eis
322 921 506 1004 penitentiIs
529 919 663 985 relaxat.

359 1028 433 1093 Vite
464 1025 636 1112 perhennis
665 1026 768 1110 glorta
797 1075 804 1090 .
834 1074 841 1091 .
872 1075 879 1090 .
927 1027 1002 1091 Dat.
1036 1025 1131 1092 Avin.
1165 1025 1226 1091 VII
1259 1025 1304 1091 kl.
1338 1025 1520 1092 novembris
1552 1045 1582 1089 a.

252 1133 503 1219 quartodecimo.

400 1259 473 1330 Rep.
493 1259 531 1313 96
548 1274 596 1312 nr.
615 1259 701 1314 3006.

360 1562 481 1630 1⁷8⁷.
506 1565 593 1629 1329
618 1564 757 1630 October
780 1567 834 1628 26.
862 1563 1027 1650 Avipuou.

355 1707 515 1773 Iohannes
531 1706 631 1770 XXII
655 1705 856 1773 Theoderico
881 1706 991 1771 comiti
1008 1705 1156 1773 Olevensi
1180 1705 1336 1790 indulget,
1360 1713 1396 1771 ut
1419 1705 1488 1772 eius
1512 1726 1584 1770 con·

251 1813 363 1895 fessor,
389 1833 482 1897 quern
499 1813 542 1878 ad
559 1813 620 1879 boc
636 1812 764 1879 duxerit
780 1813 974 1899 eligendum,
999 1813 1072 1899 ipsi,
1096 1816 1160 1898 qui,
1184 1815 1268 1880 siout
1292 1813 1416 1896 asserit,
1434 1834 1583 1896 magnam

252 1919 394 2005 corporis
427 1919 626 1986 debilitatem
660 1927 692 1986 et
725 1920 898 1987 discresias
915 1923 948 2002 (l)
973 1921 1168 2004 frequentes,
1202 1922 1316 2004 quibus
1346 1940 1418 1987 esus
1442 1921 1583 1985 ciborum

253 2027 576 2112 quadragesimalium
601 2027 770 2112 plurimum
795 2034 843 2093 est
866 2029 1008 2111 nocivus,
1034 2029 1164 2112 patitur,
1195 2027 1346 2094 vescendi
1371 2028 1458 2093 lielte
1483 2028 1583 2092 carni-

252 2135 312 2201 bus
335 2142 477 2219 tempore
501 2134 621 2215 ieiunii,
646 2154 717 2199 cum
734 2134 796 2200 hoc
812 2134 930 2200 viderit
947 2133 1110 2219 expedire,
1136 2134 1297 2200 licentiam
1314 2134 1422 2200 valeat
1442 2133 1582 2218 elargiri.

359 2241 471 2325 Exigit
498 2262 614 2325 magne
643 2241 854 2308 devotionis.
880 2291 888 2306 .
915 2291 922 2306 .
969 2243 1045 2307 Dat.
1070 2242 1164 2307 Avin.
1190 2241 1252 2306 VII
1280 2241 1325 2307 kl.
1349 2241 1530 2308 novembris
1553 2261 1582 2305 a.

254 2347 504 2431 quartodecimo.

412 2497 484 2568 Rep.
504 2496 541 2552 95
568 2511 616 2552 ar.
635 2499 702 2552 550.

360 2817 483 2884 1⁷88.
514 2821 600 2884 1329
624 2821 763 2886 October
786 2822 840 2884 26.
867 2818 1032 2906 Aoiprtorr.

359 2961 519 3028 Iohannes
534 2963 633 3027 XXII
657 2962 857 3029 Theoderico
882 2963 991 3028 conniti
1009 2962 1157 3029 Clevensi
1180 2962 1336 3046 indulget,
1360 2969 1396 3027 ut
1420 2962 1488 3028 eius
1512 2982 1584 3027 con·

253 3068 354 3135 sessor
378 3088 449 3135 cum
473 3069 725 3153 quibuscumque
748 3069 908 3154 religiosis
932 3071 1159 3153 cuiuscumque
1183 3068 1304 3135 ordinis
1320 3068 1363 3135 ad
1379 3069 1583 3153 Theoderici,

253 3177 361 3243 uxoris
389 3182 422 3242 et
454 3177 625 3243 liberorum
661 3197 787 3244 suorum
824 3197 949 3243 mensas
978 3197 1036 3244 seu
1067 3177 1212 3262 hospicIa
1240 3177 1440 3243 venientibus
1464 3175 1584 3243 ibidem

254 3285 398 3350 caritatis
422 3285 572 3370 papulum
599 3287 634 3366 (l)
658 3284 865 3371 suscepturis,
899 3285 1015 3368 quibus
1048 3305 1135 3351 esum
1167 3285 1309 3350 carnium
1337 3304 1445 3351 eorum
1473 3284 1584 3369 regula

193 3461 198 3469 ,
253 3391 426 3476 interdicit,
460 3390 545 3475 quod
577 3393 611 3457 in
644 3392 816 3458 eorundem
850 3392 1003 3477 hospiciis
1035 3391 1124 3460 licite
1156 3393 1279 3476 possint
1307 3391 1395 3457 vesei
1424 3390 1583 3474 carnibus,

253 3499 406 3582 quociens
429 3498 514 3564 idern
539 3498 703 3565 confessor
727 3497 844 3565 viderit
867 3505 1068 3584 oportunum,
1093 3498 1281 3584 dispensare
1304 3499 1423 3564 valeat.

360 3606 486 3670 Eximie
515 3605 696 3671 devotionis
724 3605 859 3672 affectus
891 3656 898 3671 .
934 3656 940 3671 .
974 3656 981 3670 .
1029 3607 1103 3672 Dat.
1129 3605 1223 3672 Avin.
1249 3607 1311 3672 VII
1341 3605 1522 3672 novembris
1551 3627 1581 3670 a.

255 3713 497 3795 quartodecImo

403 3837 477 3908 Rep.
496 3839 534 3891 95
552 3852 600 3891 or.
613 3840 677 3892 546.

361 4128 484 4195 178⁰.
511 4131 597 4195 1329
621 4131 761 4197 October
783 4134 836 4195 26.
870 4131 1037 4218 Avipaorr.

360 4272 520 4339 Iohannes
544 4273 643 4338 XXII
676 4272 879 4340 Theodorico
914 4276 1022 4340 comiti
1057 4276 1205 4342 Olevensi
1239 4283 1271 4340 et
1302 4276 1484 4360 Margarete
1518 4275 1585 4342 eius

253 4381 345 4445 uxori
368 4378 524 4463 indulget,
549 4386 584 4444 ut
608 4383 782 4465 confessor,
806 4402 899 4465 quem
924 4383 1074 4448 duxerInt
1097 4383 1291 4468 eligendum,
1316 4385 1455 4448 omnium
1472 4403 1585 4468 pecca·

255 4495 357 4552 torum
387 4486 486 4553 semel
514 4493 636 4553 tantum
665 4490 698 4554 in
726 4490 861 4555 articulo
891 4491 1002 4556 mortis
1032 4490 1110 4575 ipsis
1138 4497 1170 4556 et
1194 4490 1326 4556 cuilibet
1348 4493 1488 4576 ipsorum
1513 4511 1584 4556 con·

254 4593 369 4660 cedere
392 4594 510 4661 valeat.
559 4595 634 4661 Vult
663 4603 781 4680 antem,
812 4595 897 4679 quod
926 4598 952 4662 si
977 4617 1017 4662 ex
1042 4596 1236 4664 confidentia
1258 4598 1454 4665 remissionis
1479 4596 1583 4663 buius-

252 4699 341 4765 modi
364 4701 472 4784 aliqua
495 4701 579 4768 forte
604 4704 849 4787 committerent,
873 4703 979 4786 quoad
998 4704 1052 4770 illa
1076 4704 1223 4789 predicta
1246 4707 1390 4772 remIssio
1414 4705 1491 4791 ipsis
1515 4705 1581 4769 nul-

256 4809 382 4875 latenus
405 4809 607 4893 suffragetur.
