<?xml version="1.0" encoding="UTF-8"?>
<!DOCTYPE html PUBLIC "-//W3C//DTD XHTML 1.0 Transitional//EN"
    "http://www.w3.org/TR/xhtml1/DTD/xhtml1-transitional.dtd">
<html xmlns="http://www.w3.org/1999/xhtml" xml:lang="en" lang="en">
 <head>
  <title>
</title>
<meta http-equiv="Content-Type" content="text/html;charset=utf-8" />
  <meta name='ocr-system' content='tesseract 3.04.00' />
  <meta name='ocr-capabilities' content='ocr_page ocr_carea ocr_par ocr_line ocrx_word'/>
</head>
<body>
  <div class='ocr_page' id='page_1' title='image "./urkundenundrege00thimgoog_0539.png"; bbox 0 0 3642 5509; ppageno 0'>
   <div class='ocr_carea' id='block_1_1' title="bbox 287 417 1093 473">
    <p class='ocr_par' dir='ltr' id='par_1_1' title="bbox 287 417 1093 473">
     <span class='ocr_line' id='line_1_1' title="bbox 287 417 1093 473; baseline 0 -1"><span class='ocrx_word' id='word_1_1' title='bbox 287 418 341 473; x_wconf 80' lang='lat'>510</span> <span class='ocrx_word' id='word_1_2' title='bbox 825 419 894 473; x_wconf 72' lang='lat'><strong>1337</strong></span> <span class='ocrx_word' id='word_1_3' title='bbox 913 417 1032 473; x_wconf 79' lang='lat' dir='ltr'>Januar</span> <span class='ocrx_word' id='word_1_4' title='bbox 1051 417 1093 473; x_wconf 91' lang='grc'>10.</span> 
     </span>
    </p>
   </div>
   <div class='ocr_carea' id='block_1_2' title="bbox 286 596 1621 1521">
    <p class='ocr_par' dir='ltr' id='par_1_2' title="bbox 286 596 1621 1521">
     <span class='ocr_line' id='line_1_2' title="bbox 288 596 1621 683; baseline -0.002 -20"><span class='ocrx_word' id='word_1_5' title='bbox 288 605 321 663; x_wconf 87' lang='lat' dir='ltr'>et</span> <span class='ocrx_word' id='word_1_6' title='bbox 344 597 476 663; x_wconf 89' lang='lat' dir='ltr'>aliorum</span> <span class='ocrx_word' id='word_1_7' title='bbox 500 597 693 664; x_wconf 82' lang='lat' dir='ltr'><strong>vasallorum</strong></span> <span class='ocrx_word' id='word_1_8' title='bbox 727 597 869 664; x_wconf 88' lang='lat' dir='ltr'>eiusdem</span> <span class='ocrx_word' id='word_1_9' title='bbox 904 598 1040 664; x_wconf 80' lang='lat' dir='ltr'>ecclesie</span> <span class='ocrx_word' id='word_1_10' title='bbox 1073 597 1271 683; x_wconf 86' lang='lat' dir='ltr'>Magantine‚</span> <span class='ocrx_word' id='word_1_11' title='bbox 1303 599 1333 664; x_wconf 92' lang='lat' dir='ltr'>si</span> <span class='ocrx_word' id='word_1_12' title='bbox 1361 599 1415 680; x_wconf 91' lang='lat' dir='ltr'>qui</span> <span class='ocrx_word' id='word_1_13' title='bbox 1443 617 1541 683; x_wconf 90' lang='lat' dir='ltr'>super</span> <span class='ocrx_word' id='word_1_14' title='bbox 1566 596 1621 662; x_wconf 91' lang='lat' dir='ltr'>ho-</span> 
     </span>
     <span class='ocr_line' id='line_1_3' title="bbox 288 704 1621 789; baseline 0 -20"><span class='ocrx_word' id='word_1_15' title='bbox 288 705 395 789; x_wconf 86' lang='lat' dir='ltr'>magio</span> <span class='ocrx_word' id='word_1_16' title='bbox 427 705 477 769; x_wconf 90' lang='lat' dir='ltr'>vel</span> <span class='ocrx_word' id='word_1_17' title='bbox 510 704 666 770; x_wconf 91' lang='lat' dir='ltr'>fidelitate</span> <span class='ocrx_word' id='word_1_18' title='bbox 695 706 745 771; x_wconf 90' lang='lat' dir='ltr'>vel</span> <span class='ocrx_word' id='word_1_19' title='bbox 776 707 1014 772; x_wconf 82' lang='lat' dir='ltr'>assecuratione</span> <span class='ocrx_word' id='word_1_20' title='bbox 1038 706 1089 772; x_wconf 90' lang='lat' dir='ltr'>vel</span> <span class='ocrx_word' id='word_1_21' title='bbox 1113 706 1286 772; x_wconf 79' lang='lat' dir='ltr'>securitate</span> <span class='ocrx_word' id='word_1_22' title='bbox 1310 705 1361 771; x_wconf 89' lang='lat' dir='ltr'>vel</span> <span class='ocrx_word' id='word_1_23' title='bbox 1385 705 1449 771; x_wconf 91' lang='lat' dir='ltr'>alio</span> <span class='ocrx_word' id='word_1_24' title='bbox 1474 724 1621 789; x_wconf 87' lang='lat' dir='ltr'>quocum·</span> 
     </span>
     <span class='ocr_line' id='line_1_4' title="bbox 288 811 1616 897; baseline -0.002 -20"><span class='ocrx_word' id='word_1_25' title='bbox 288 832 349 895; x_wconf 91' lang='lat' dir='ltr'>que</span> <span class='ocrx_word' id='word_1_26' title='bbox 365 811 459 878; x_wconf 95' lang='lat' dir='ltr'>modo</span> <span class='ocrx_word' id='word_1_27' title='bbox 476 812 690 897; x_wconf 90' lang='lat' dir='ltr'>prestitissent</span> <span class='ocrx_word' id='word_1_28' title='bbox 702 813 760 878; x_wconf 91' lang='lat' dir='ltr'>tibi</span> <span class='ocrx_word' id='word_1_29' title='bbox 774 813 906 878; x_wconf 82' lang='lat' dir='ltr'>forsitan</span> <span class='ocrx_word' id='word_1_30' title='bbox 923 814 1112 895; x_wconf 89' lang='lat' dir='ltr'>iuramenta,</span> <span class='ocrx_word' id='word_1_31' title='bbox 1125 813 1201 878; x_wconf 93' lang='lat' dir='ltr'>licet</span> <span class='ocrx_word' id='word_1_32' title='bbox 1217 812 1258 878; x_wconf 91' lang='lat' dir='ltr'>de</span> <span class='ocrx_word' id='word_1_33' title='bbox 1273 814 1342 877; x_wconf 89' lang='lat' dir='ltr'>iure</span> <span class='ocrx_word' id='word_1_34' title='bbox 1357 833 1420 877; x_wconf 94' lang='lat' dir='ltr'>non</span> <span class='ocrx_word' id='word_1_35' title='bbox 1436 818 1616 893; x_wconf 90' lang='lat' dir='ltr'>teneantur,</span> 
     </span>
     <span class='ocr_line' id='line_1_5' title="bbox 288 918 1621 1005; baseline -0.001 -20"><span class='ocrx_word' id='word_1_36' title='bbox 288 942 308 985; x_wconf 91' lang='lat' dir='ltr'>a</span> <span class='ocrx_word' id='word_1_37' title='bbox 332 921 520 985; x_wconf 90' lang='lat' dir='ltr'>iuramentis</span> <span class='ocrx_word' id='word_1_38' title='bbox 544 919 724 985; x_wconf 92' lang='lat' dir='ltr'>huiusmodi</span> <span class='ocrx_word' id='word_1_39' title='bbox 748 921 875 1005; x_wconf 90' lang='lat' dir='ltr'>penitus</span> <span class='ocrx_word' id='word_1_40' title='bbox 899 919 1097 986; x_wconf 89' lang='lat' dir='ltr'>absolvendo</span> <span class='ocrx_word' id='word_1_41' title='bbox 1121 919 1256 1005; x_wconf 89' lang='lat' dir='ltr'>ipsaque</span> <span class='ocrx_word' id='word_1_42' title='bbox 1278 920 1422 985; x_wconf 88' lang='lat' dir='ltr'>totaliter</span> <span class='ocrx_word' id='word_1_43' title='bbox 1444 918 1621 985; x_wconf 85' lang='lat' dir='ltr'>relaxando</span> 
     </span>
     <span class='ocr_line' id='line_1_6' title="bbox 288 1026 1621 1112; baseline 0 -20"><span class='ocrx_word' id='word_1_44' title='bbox 288 1027 447 1110; x_wconf 88' lang='lat' dir='ltr'>dictisque</span> <span class='ocrx_word' id='word_1_45' title='bbox 471 1027 595 1092; x_wconf 91' lang='lat' dir='ltr'>nunciis</span> <span class='ocrx_word' id='word_1_46' title='bbox 619 1047 715 1112; x_wconf 91' lang='lat' dir='ltr'>super</span> <span class='ocrx_word' id='word_1_47' title='bbox 738 1028 884 1093; x_wconf 89' lang='lat' dir='ltr'>omnibus</span> <span class='ocrx_word' id='word_1_48' title='bbox 907 1026 1062 1112; x_wconf 90' lang='lat' dir='ltr'>parendo,</span> <span class='ocrx_word' id='word_1_49' title='bbox 1088 1046 1150 1110; x_wconf 91' lang='lat' dir='ltr'>que</span> <span class='ocrx_word' id='word_1_50' title='bbox 1172 1028 1251 1111; x_wconf 80' lang='lat' dir='ltr'>ipsis</span> <span class='ocrx_word' id='word_1_51' title='bbox 1275 1047 1332 1112; x_wconf 90' lang='lat' dir='ltr'>per</span> <span class='ocrx_word' id='word_1_52' title='bbox 1348 1026 1472 1092; x_wconf 77' lang='lat' dir='ltr'>litteras</span> <span class='ocrx_word' id='word_1_53' title='bbox 1495 1033 1621 1092; x_wconf 87' lang='lat' dir='ltr'>nostras</span> 
     </span>
     <span class='ocr_line' id='line_1_7' title="bbox 288 1132 1620 1218; baseline -0.002 -18"><span class='ocrx_word' id='word_1_54' title='bbox 288 1133 479 1217; x_wconf 82' lang='lat' dir='ltr'>exequenda</span> <span class='ocrx_word' id='word_1_55' title='bbox 503 1134 727 1216; x_wconf 88' lang='lat' dir='ltr'>commisimus,</span> <span class='ocrx_word' id='word_1_56' title='bbox 761 1133 795 1198; x_wconf 92' lang='lat' dir='ltr'>in</span> <span class='ocrx_word' id='word_1_57' title='bbox 825 1133 941 1215; x_wconf 89' lang='lat' dir='ltr'>quibus</span> <span class='ocrx_word' id='word_1_58' title='bbox 969 1153 1011 1199; x_wconf 82' lang='lat' dir='ltr'>ex</span> <span class='ocrx_word' id='word_1_59' title='bbox 1039 1140 1132 1218; x_wconf 91' lang='lat' dir='ltr'>parte</span> <span class='ocrx_word' id='word_1_60' title='bbox 1154 1139 1266 1200; x_wconf 88' lang='lat' dir='ltr'>nostra</span> <span class='ocrx_word' id='word_1_61' title='bbox 1289 1141 1322 1198; x_wconf 91' lang='lat' dir='ltr'>te</span> <span class='ocrx_word' id='word_1_62' title='bbox 1345 1132 1496 1200; x_wconf 84' lang='lat' dir='ltr'>duxerint</span> <span class='ocrx_word' id='word_1_63' title='bbox 1518 1135 1620 1217; x_wconf 89' lang='lat' dir='ltr'>requi·</span> 
     </span>
     <span class='ocr_line' id='line_1_8' title="bbox 287 1239 1621 1325; baseline 0.001 -20"><span class='ocrx_word' id='word_1_64' title='bbox 287 1239 431 1322; x_wconf 91' lang='lat' dir='ltr'>rendum,</span> <span class='ocrx_word' id='word_1_65' title='bbox 455 1247 487 1306; x_wconf 89' lang='lat' dir='ltr'>te</span> <span class='ocrx_word' id='word_1_66' title='bbox 511 1239 558 1306; x_wconf 90' lang='lat' dir='ltr'>sie</span> <span class='ocrx_word' id='word_1_67' title='bbox 581 1240 697 1306; x_wconf 87' lang='lat' dir='ltr'>nostris</span> <span class='ocrx_word' id='word_1_68' title='bbox 721 1246 753 1306; x_wconf 89' lang='lat' dir='ltr'>et</span> <span class='ocrx_word' id='word_1_69' title='bbox 776 1239 919 1306; x_wconf 89' lang='lat' dir='ltr'>eiusdem</span> <span class='ocrx_word' id='word_1_70' title='bbox 943 1239 1029 1306; x_wconf 91' lang='lat' dir='ltr'>sedis</span> <span class='ocrx_word' id='word_1_71' title='bbox 1053 1239 1264 1325; x_wconf 84' lang='lat' dir='ltr'>beneplacitis</span> <span class='ocrx_word' id='word_1_72' title='bbox 1287 1260 1345 1325; x_wconf 91' lang='lat' dir='ltr'>per</span> <span class='ocrx_word' id='word_1_73' title='bbox 1370 1241 1488 1307; x_wconf 93' lang='lat' dir='ltr'>bonum</span> <span class='ocrx_word' id='word_1_74' title='bbox 1512 1241 1621 1307; x_wconf 92' lang='lat' dir='ltr'>obedi·</span> 
     </span>
     <span class='ocr_line' id='line_1_9' title="bbox 287 1345 1619 1433; baseline 0.002 -20"><span class='ocrx_word' id='word_1_75' title='bbox 287 1347 373 1413; x_wconf 90' lang='lat' dir='ltr'>entie</span> <span class='ocrx_word' id='word_1_76' title='bbox 396 1345 589 1432; x_wconf 87' lang='lat' dir='ltr'>coaptando,</span> <span class='ocrx_word' id='word_1_77' title='bbox 613 1355 648 1412; x_wconf 92' lang='lat' dir='ltr'>ut</span> <span class='ocrx_word' id='word_1_78' title='bbox 671 1346 765 1414; x_wconf 89' lang='lat' dir='ltr'>sedes</span> <span class='ocrx_word' id='word_1_79' title='bbox 787 1348 859 1433; x_wconf 87' lang='lat' dir='ltr'>ipsa</span> <span class='ocrx_word' id='word_1_80' title='bbox 883 1346 980 1413; x_wconf 87' lang='lat' dir='ltr'>talem</span> <span class='ocrx_word' id='word_1_81' title='bbox 1005 1354 1037 1412; x_wconf 89' lang='lat' dir='ltr'>te</span> <span class='ocrx_word' id='word_1_82' title='bbox 1061 1346 1215 1432; x_wconf 87' lang='lat' dir='ltr'>deinceps</span> <span class='ocrx_word' id='word_1_83' title='bbox 1238 1347 1389 1431; x_wconf 89' lang='lat' dir='ltr'>reperiat,</span> <span class='ocrx_word' id='word_1_84' title='bbox 1419 1349 1523 1431; x_wconf 88' lang='lat' dir='ltr'>qualis</span> <span class='ocrx_word' id='word_1_85' title='bbox 1547 1369 1619 1414; x_wconf 87' lang='lat' dir='ltr'>esse</span> 
     </span>
     <span class='ocr_line' id='line_1_10' title="bbox 286 1453 1187 1521; baseline -0.002 -1"><span class='ocrx_word' id='word_1_86' title='bbox 286 1454 415 1521; x_wconf 86' lang='lat' dir='ltr'>teneris.</span> <span class='ocrx_word' id='word_1_87' title='bbox 462 1456 538 1520; x_wconf 89' lang='lat' dir='ltr'>Dat.</span> <span class='ocrx_word' id='word_1_88' title='bbox 563 1455 656 1520; x_wconf 86' lang='lat' dir='ltr'>Avin.</span> <span class='ocrx_word' id='word_1_89' title='bbox 683 1455 748 1519; x_wconf 88' lang='lat' dir='ltr'>llll</span> <span class='ocrx_word' id='word_1_90' title='bbox 772 1453 844 1520; x_wconf 92' lang='lat' dir='ltr'>idus</span> <span class='ocrx_word' id='word_1_91' title='bbox 867 1455 1003 1520; x_wconf 87' lang='lat' dir='ltr'>ianuarii</span> <span class='ocrx_word' id='word_1_92' title='bbox 1027 1475 1057 1520; x_wconf 88' lang='lat' dir='ltr'>a.</span> <span class='ocrx_word' id='word_1_93' title='bbox 1082 1455 1187 1520; x_wconf 90' lang='lat' dir='ltr'>tertio.</span> 
     </span>
    </p>
   </div>
   <div class='ocr_carea' id='block_1_3' title="bbox 437 1603 909 1674">
    <p class='ocr_par' dir='ltr' id='par_1_3' title="bbox 437 1603 909 1674">
     <span class='ocr_line' id='line_1_11' title="bbox 437 1603 909 1674; baseline -0.002 -16"><span class='ocrx_word' id='word_1_94' title='bbox 437 1604 511 1674; x_wconf 77' lang='lat' dir='ltr'>Bep.</span> <span class='ocrx_word' id='word_1_95' title='bbox 530 1603 587 1658; x_wconf 70' lang='lat'>124</span> <span class='ocrx_word' id='word_1_96' title='bbox 605 1619 652 1658; x_wconf 85' lang='lat' dir='ltr'>nr.</span> <span class='ocrx_word' id='word_1_97' title='bbox 672 1603 730 1672; x_wconf 82' lang='lat'>52;</span> <span class='ocrx_word' id='word_1_98' title='bbox 752 1603 804 1660; x_wconf 80' lang='lat' dir='ltr'>Ra.</span> <span class='ocrx_word' id='word_1_99' title='bbox 824 1605 909 1658; x_wconf 82' lang='grc'><em>1850,</em></span> 
     </span>
    </p>
   </div>
   <div class='ocr_carea' id='block_1_4' title="bbox 396 1903 1078 1992">
    <p class='ocr_par' dir='ltr' id='par_1_4' title="bbox 396 1903 1078 1992">
     <span class='ocr_line' id='line_1_12' title="bbox 396 1903 1078 1992; baseline -0.004 -20"><span class='ocrx_word' id='word_1_100' title='bbox 396 1903 525 1972; x_wconf 71' lang='lat'><strong>22⁷4.</strong></span> <span class='ocrx_word' id='word_1_101' title='bbox 563 1906 648 1970; x_wconf 80' lang='lat'><em>1337</em></span> <span class='ocrx_word' id='word_1_102' title='bbox 673 1906 812 1971; x_wconf 84' lang='lat' dir='ltr'>Jannor</span> <span class='ocrx_word' id='word_1_103' title='bbox 836 1906 888 1970; x_wconf 90' lang='grc'>10.</span> <span class='ocrx_word' id='word_1_104' title='bbox 913 1903 1078 1992; x_wconf 81' lang='lat' dir='ltr'>Auiqnon.</span> 
     </span>
    </p>
   </div>
   <div class='ocr_carea' id='block_1_5' title="bbox 285 2066 1620 2367">
    <p class='ocr_par' dir='ltr' id='par_1_5' title="bbox 285 2066 1620 2367">
     <span class='ocr_line' id='line_1_13' title="bbox 393 2066 1620 2151; baseline 0.001 -21"><span class='ocrx_word' id='word_1_105' title='bbox 393 2067 598 2132; x_wconf 75' lang='lat' dir='ltr'>Benedictus</span> <span class='ocrx_word' id='word_1_106' title='bbox 622 2066 699 2130; x_wconf 90' lang='lat' dir='ltr'>XII</span> <span class='ocrx_word' id='word_1_107' title='bbox 719 2067 803 2131; x_wconf 87' lang='lat' dir='ltr'>duos</span> <span class='ocrx_word' id='word_1_108' title='bbox 827 2067 967 2151; x_wconf 81' lang='lat' dir='ltr'>deputat</span> <span class='ocrx_word' id='word_1_109' title='bbox 990 2066 1141 2149; x_wconf 84' lang='lat' dir='ltr'>nuncios,</span> <span class='ocrx_word' id='word_1_110' title='bbox 1165 2069 1222 2150; x_wconf 84' lang='lat' dir='ltr'>qni</span> <span class='ocrx_word' id='word_1_111' title='bbox 1245 2087 1268 2131; x_wconf 87' lang='lat' dir='ltr'>a</span> <span class='ocrx_word' id='word_1_112' title='bbox 1290 2067 1489 2132; x_wconf 84' lang='lat' dir='ltr'>Baldewino</span> <span class='ocrx_word' id='word_1_113' title='bbox 1512 2067 1620 2131; x_wconf 75' lang='lat' dir='ltr'>arelli-</span> 
     </span>
     <span class='ocr_line' id='line_1_14' title="bbox 285 2173 1617 2259; baseline 0 -21"><span class='ocrx_word' id='word_1_114' title='bbox 285 2175 437 2259; x_wconf 79' lang='lat' dir='ltr'>episeopo</span> <span class='ocrx_word' id='word_1_115' title='bbox 476 2174 671 2238; x_wconf 71' lang='lat' dir='ltr'>itenerensi</span> <span class='ocrx_word' id='word_1_116' title='bbox 704 2174 946 2257; x_wconf 86' lang='lat' dir='ltr'>possessionem</span> <span class='ocrx_word' id='word_1_117' title='bbox 974 2181 1163 2238; x_wconf 86' lang='lat' dir='ltr'>castrorum</span> <span class='ocrx_word' id='word_1_118' title='bbox 1190 2173 1352 2238; x_wconf 85' lang='lat' dir='ltr'>villarum</span> <span class='ocrx_word' id='word_1_119' title='bbox 1387 2182 1418 2238; x_wconf 88' lang='lat' dir='ltr'>ct</span> <span class='ocrx_word' id='word_1_120' title='bbox 1453 2175 1617 2238; x_wconf 83' lang='lat' dir='ltr'>bonorum</span> 
     </span>
     <span class='ocr_line' id='line_1_15' title="bbox 287 2281 1552 2367; baseline 0 -21"><span class='ocrx_word' id='word_1_121' title='bbox 287 2281 524 2367; x_wconf 84' lang='lat' dir='ltr'>temporalium</span> <span class='ocrx_word' id='word_1_122' title='bbox 548 2281 682 2345; x_wconf 86' lang='lat' dir='ltr'>ecclesie</span> <span class='ocrx_word' id='word_1_123' title='bbox 713 2281 964 2346; x_wconf 83' lang='lat' dir='ltr'>Wornaatiensis</span> <span class='ocrx_word' id='word_1_124' title='bbox 987 2282 1155 2365; x_wconf 86' lang='lat' dir='ltr'>recipiant</span> <span class='ocrx_word' id='word_1_125' title='bbox 1179 2302 1281 2365; x_wconf 84' lang='lat' dir='ltr'>eaque</span> <span class='ocrx_word' id='word_1_126' title='bbox 1305 2281 1552 2346; x_wconf 76' lang='lat' dir='ltr'>administrent.</span> 
     </span>
    </p>
   </div>
   <div class='ocr_carea' id='block_1_6' title="bbox 282 2421 1619 4868">
    <p class='ocr_par' dir='ltr' id='par_1_6' title="bbox 283 2421 1618 2724">
     <span class='ocr_line' id='line_1_16' title="bbox 393 2421 1618 2508; baseline 0 -21"><span class='ocrx_word' id='word_1_127' title='bbox 393 2421 600 2508; x_wconf 89' lang='lat' dir='ltr'>[Benedictus</span> <span class='ocrx_word' id='word_1_128' title='bbox 624 2421 701 2505; x_wconf 79' lang='lat' dir='ltr'>xli]</span> <span class='ocrx_word' id='word_1_129' title='bbox 736 2421 875 2505; x_wconf 84' lang='lat' dir='ltr'>Guigoni</span> <span class='ocrx_word' id='word_1_130' title='bbox 905 2421 946 2487; x_wconf 93' lang='lat' dir='ltr'>de</span> <span class='ocrx_word' id='word_1_131' title='bbox 970 2421 1005 2488; x_wconf 92' lang='lat' dir='ltr'>S.</span> <span class='ocrx_word' id='word_1_132' title='bbox 1029 2423 1189 2488; x_wconf 86' lang='lat' dir='ltr'>Germano</span> <span class='ocrx_word' id='word_1_133' title='bbox 1213 2423 1393 2489; x_wconf 83' lang='lat' dir='ltr'>Anieiensis</span> <span class='ocrx_word' id='word_1_134' title='bbox 1421 2430 1454 2488; x_wconf 92' lang='lat' dir='ltr'>et</span> <span class='ocrx_word' id='word_1_135' title='bbox 1481 2424 1618 2492; x_wconf 88' lang='lat' dir='ltr'>Nicolao</span> 
     </span>
     <span class='ocr_line' id='line_1_17' title="bbox 283 2527 1612 2616; baseline -0.002 -18"><span class='ocrx_word' id='word_1_136' title='bbox 283 2529 420 2616; x_wconf 78' lang='lat' dir='ltr'>Capotie</span> <span class='ocrx_word' id='word_1_137' title='bbox 453 2529 494 2596; x_wconf 88' lang='lat' dir='ltr'>de</span> <span class='ocrx_word' id='word_1_138' title='bbox 526 2530 604 2595; x_wconf 90' lang='lat' dir='ltr'>urbe</span> <span class='ocrx_word' id='word_1_139' title='bbox 628 2528 670 2595; x_wconf 85' lang='lat' dir='ltr'>S.&#39;</span> <span class='ocrx_word' id='word_1_140' title='bbox 689 2527 863 2595; x_wconf 89' lang='lat' dir='ltr'>Andomari</span> <span class='ocrx_word' id='word_1_141' title='bbox 887 2529 929 2595; x_wconf 91' lang='lat' dir='ltr'>de</span> <span class='ocrx_word' id='word_1_142' title='bbox 952 2530 984 2596; x_wconf 88' lang='lat' dir='ltr'>S.</span> <span class='ocrx_word' id='word_1_143' title='bbox 1009 2528 1194 2596; x_wconf 85' lang='lat' dir='ltr'>Andomaro</span> <span class='ocrx_word' id='word_1_144' title='bbox 1218 2529 1408 2597; x_wconf 77' lang='lat' dir='ltr'>Mutinensis</span> <span class='ocrx_word' id='word_1_145' title='bbox 1436 2530 1612 2600; x_wconf 88' lang='lat' dir='ltr'>diocesium</span> 
     </span>
     <span class='ocr_line' id='line_1_18' title="bbox 284 2635 1010 2724; baseline -0.001 -22"><span class='ocrx_word' id='word_1_146' title='bbox 284 2635 457 2724; x_wconf 89' lang='lat' dir='ltr'>prepositis</span> <span class='ocrx_word' id='word_1_147' title='bbox 480 2637 657 2723; x_wconf 86' lang='lat' dir='ltr'>capellanis</span> <span class='ocrx_word' id='word_1_148' title='bbox 680 2643 712 2703; x_wconf 89' lang='lat' dir='ltr'>et</span> <span class='ocrx_word' id='word_1_149' title='bbox 735 2636 860 2703; x_wconf 90' lang='lat' dir='ltr'>nunciis</span> <span class='ocrx_word' id='word_1_150' title='bbox 883 2638 1010 2703; x_wconf 87' lang='lat' dir='ltr'>nostris.</span> 
     </span>
    </p>

    <p class='ocr_par' dir='ltr' id='par_1_7' title="bbox 282 2742 1619 4868">
     <span class='ocr_line' id='line_1_19' title="bbox 392 2742 1618 2832; baseline 0.002 -22"><span class='ocrx_word' id='word_1_151' title='bbox 392 2745 469 2810; x_wconf 82' lang='lat' dir='ltr'>Oum</span> <span class='ocrx_word' id='word_1_152' title='bbox 494 2765 562 2828; x_wconf 87' lang='lat' dir='ltr'>vos,</span> <span class='ocrx_word' id='word_1_153' title='bbox 586 2744 628 2810; x_wconf 89' lang='lat' dir='ltr'>de</span> <span class='ocrx_word' id='word_1_154' title='bbox 652 2765 785 2827; x_wconf 92' lang='lat' dir='ltr'>quorum</span> <span class='ocrx_word' id='word_1_155' title='bbox 808 2744 1012 2811; x_wconf 89' lang='lat' dir='ltr'>solicitudine</span> <span class='ocrx_word' id='word_1_156' title='bbox 1028 2764 1067 2810; x_wconf 91' lang='lat' dir='ltr'>ac</span> <span class='ocrx_word' id='word_1_157' title='bbox 1088 2742 1245 2811; x_wconf 85' lang='lat' dir='ltr'>fidelitate</span> <span class='ocrx_word' id='word_1_158' title='bbox 1268 2751 1301 2811; x_wconf 88' lang='lat' dir='ltr'>et</span> <span class='ocrx_word' id='word_1_159' title='bbox 1324 2746 1618 2832; x_wconf 87' lang='lat' dir='ltr'>circumspectionis</span> 
     </span>
     <span class='ocr_line' id='line_1_20' title="bbox 284 2850 1617 2937; baseline 0 -19"><span class='ocrx_word' id='word_1_160' title='bbox 284 2852 443 2919; x_wconf 88' lang='lat' dir='ltr'>industria</span> <span class='ocrx_word' id='word_1_161' title='bbox 474 2850 602 2937; x_wconf 86' lang='lat' dir='ltr'>plenam</span> <span class='ocrx_word' id='word_1_162' title='bbox 631 2853 664 2916; x_wconf 95' lang='lat' dir='ltr'>in</span> <span class='ocrx_word' id='word_1_163' title='bbox 696 2850 826 2917; x_wconf 93' lang='lat' dir='ltr'>domino</span> <span class='ocrx_word' id='word_1_164' title='bbox 849 2851 999 2917; x_wconf 90' lang='lat' dir='ltr'>fiduciam</span> <span class='ocrx_word' id='word_1_165' title='bbox 1023 2851 1173 2935; x_wconf 87' lang='lat' dir='ltr'>gerimus,</span> <span class='ocrx_word' id='word_1_166' title='bbox 1206 2871 1264 2937; x_wconf 90' lang='lat' dir='ltr'>pro</span> <span class='ocrx_word' id='word_1_167' title='bbox 1289 2854 1434 2918; x_wconf 91' lang='lat' dir='ltr'>certis..</span> <span class='ocrx_word' id='word_1_168' title='bbox 1454 2855 1617 2937; x_wconf 82' lang='lat' dir='ltr'>,negotiis</span> 
     </span>
     <span class='ocr_line' id='line_1_21' title="bbox 285 2957 1617 3044; baseline 0 -17"><span class='ocrx_word' id='word_1_169' title='bbox 285 2960 424 3027; x_wconf 86' lang='lat' dir='ltr'>ecclesie</span> <span class='ocrx_word' id='word_1_170' title='bbox 455 2959 644 3043; x_wconf 84' lang='lat' dir='ltr'>Magantine</span> <span class='ocrx_word' id='word_1_171' title='bbox 678 2957 720 3024; x_wconf 91' lang='lat' dir='ltr'>ad</span> <span class='ocrx_word' id='word_1_172' title='bbox 757 2964 865 3044; x_wconf 92' lang='lat' dir='ltr'>partes</span> <span class='ocrx_word' id='word_1_173' title='bbox 899 2958 972 3024; x_wconf 92' lang='lat' dir='ltr'>illas</span> <span class='ocrx_word' id='word_1_174' title='bbox 1007 2959 1218 3044; x_wconf 88' lang='lat' dir='ltr'>personaliter</span> <span class='ocrx_word' id='word_1_175' title='bbox 1252 2959 1486 3044; x_wconf 87' lang='lat' dir='ltr'>providerimus</span> <span class='ocrx_word' id='word_1_176' title='bbox 1521 2960 1617 3027; x_wconf 88' lang='lat' dir='ltr'>desti·</span> 
     </span>
     <span class='ocr_line' id='line_1_22' title="bbox 283 3065 1619 3152; baseline 0 -19"><span class='ocrx_word' id='word_1_177' title='bbox 283 3066 433 3134; x_wconf 83' lang='lat' dir='ltr'>nendos.</span> <span class='ocrx_word' id='word_1_178' title='bbox 452 3114 459 3129; x_wconf 93' lang='lat'><strong>.</strong></span> <span class='ocrx_word' id='word_1_179' title='bbox 478 3115 485 3130; x_wconf 94' lang='lat'><em>.</em></span> <span class='ocrx_word' id='word_1_180' title='bbox 503 3065 719 3150; x_wconf 88' lang='lat' dir='ltr'>attendentes,</span> <span class='ocrx_word' id='word_1_181' title='bbox 743 3065 829 3150; x_wconf 92' lang='lat' dir='ltr'>quod</span> <span class='ocrx_word' id='word_1_182' title='bbox 854 3067 951 3132; x_wconf 85' lang='lat' dir='ltr'>etiam</span> <span class='ocrx_word' id='word_1_183' title='bbox 976 3067 1220 3133; x_wconf 86' lang='lat' dir='ltr'>Wormatiensis</span> <span class='ocrx_word' id='word_1_184' title='bbox 1243 3066 1382 3134; x_wconf 89' lang='lat' dir='ltr'>ecclesia</span> <span class='ocrx_word' id='word_1_185' title='bbox 1398 3117 1406 3133; x_wconf 91' lang='lat'><strong>.</strong></span> <span class='ocrx_word' id='word_1_186' title='bbox 1424 3118 1432 3133; x_wconf 90' lang='lat'><strong>.</strong></span> <span class='ocrx_word' id='word_1_187' title='bbox 1450 3120 1459 3136; x_wconf 89' lang='lat'><strong>.</strong></span> <span class='ocrx_word' id='word_1_188' title='bbox 1480 3088 1542 3152; x_wconf 90' lang='lat' dir='ltr'>que</span> <span class='ocrx_word' id='word_1_189' title='bbox 1563 3067 1619 3133; x_wconf 93' lang='lat' dir='ltr'>diu</span> 
     </span>
     <span class='ocr_line' id='line_1_23' title="bbox 284 3173 1618 3260; baseline -0.001 -19"><span class='ocrx_word' id='word_1_190' title='bbox 284 3175 428 3260; x_wconf 89' lang='lat' dir='ltr'>peccatis</span> <span class='ocrx_word' id='word_1_191' title='bbox 456 3173 660 3257; x_wconf 83' lang='lat' dir='ltr'>exigentibus</span> <span class='ocrx_word' id='word_1_192' title='bbox 692 3179 854 3258; x_wconf 89' lang='lat' dir='ltr'>pastorem</span> <span class='ocrx_word' id='word_1_193' title='bbox 878 3173 1044 3258; x_wconf 93' lang='lat' dir='ltr'>proprium</span> <span class='ocrx_word' id='word_1_194' title='bbox 1067 3194 1132 3239; x_wconf 94' lang='lat' dir='ltr'>non</span> <span class='ocrx_word' id='word_1_195' title='bbox 1155 3175 1299 3258; x_wconf 87' lang='lat' dir='ltr'>agnovit,</span> <span class='ocrx_word' id='word_1_196' title='bbox 1333 3176 1420 3241; x_wconf 89' lang='lat' dir='ltr'>circa</span> <span class='ocrx_word' id='word_1_197' title='bbox 1443 3174 1493 3242; x_wconf 92' lang='lat' dir='ltr'>sui</span> <span class='ocrx_word' id='word_1_198' title='bbox 1517 3182 1618 3241; x_wconf 86' lang='lat' dir='ltr'>status</span> 
     </span>
     <span class='ocr_line' id='line_1_24' title="bbox 284 3279 1618 3366; baseline -0.001 -19"><span class='ocrx_word' id='word_1_199' title='bbox 284 3281 542 3348; x_wconf 84' lang='lat' dir='ltr'>reformationem</span> <span class='ocrx_word' id='word_1_200' title='bbox 561 3328 568 3346; x_wconf 90' lang='lat'>.</span> <span class='ocrx_word' id='word_1_201' title='bbox 587 3328 594 3346; x_wconf 90' lang='lat'>.</span> <span class='ocrx_word' id='word_1_202' title='bbox 612 3331 619 3344; x_wconf 94' lang='lat'><em>.</em></span> <span class='ocrx_word' id='word_1_203' title='bbox 636 3281 812 3365; x_wconf 86' lang='lat' dir='ltr'>apostolice</span> <span class='ocrx_word' id='word_1_204' title='bbox 835 3279 1052 3346; x_wconf 88' lang='lat' dir='ltr'>solicitudinis</span> <span class='ocrx_word' id='word_1_205' title='bbox 1075 3280 1183 3346; x_wconf 88' lang='lat' dir='ltr'>studio</span> <span class='ocrx_word' id='word_1_206' title='bbox 1206 3300 1264 3366; x_wconf 88' lang='lat' dir='ltr'>per</span> <span class='ocrx_word' id='word_1_207' title='bbox 1284 3281 1454 3366; x_wconf 91' lang='lat' dir='ltr'>plurimum</span> <span class='ocrx_word' id='word_1_208' title='bbox 1478 3283 1618 3348; x_wconf 90' lang='lat' dir='ltr'>noscitur</span> 
     </span>
     <span class='ocr_line' id='line_1_25' title="bbox 285 3386 1618 3473; baseline 0.001 -19"><span class='ocrx_word' id='word_1_209' title='bbox 285 3388 439 3472; x_wconf 85' lang='lat' dir='ltr'>indigere,</span> <span class='ocrx_word' id='word_1_210' title='bbox 476 3386 661 3453; x_wconf 88' lang='lat' dir='ltr'>discretioni</span> <span class='ocrx_word' id='word_1_211' title='bbox 694 3395 801 3454; x_wconf 89' lang='lat' dir='ltr'>vestre</span> <span class='ocrx_word' id='word_1_212' title='bbox 915 3386 1115 3470; x_wconf 88' lang='lat' dir='ltr'>mandamus,</span> <span class='ocrx_word' id='word_1_213' title='bbox 1141 3389 1289 3470; x_wconf 90' lang='lat' dir='ltr'>quatinus</span> <span class='ocrx_word' id='word_1_214' title='bbox 1316 3388 1495 3473; x_wconf 87' lang='lat' dir='ltr'>predictam</span> <span class='ocrx_word' id='word_1_215' title='bbox 1518 3389 1618 3455; x_wconf 90' lang='lat' dir='ltr'>eccle·</span> 
     </span>
     <span class='ocr_line' id='line_1_26' title="bbox 284 3495 1618 3581; baseline -0.001 -18"><span class='ocrx_word' id='word_1_216' title='bbox 284 3498 364 3563; x_wconf 91' lang='lat' dir='ltr'>siam</span> <span class='ocrx_word' id='word_1_217' title='bbox 387 3496 654 3562; x_wconf 80' lang='lat' dir='ltr'>wormatiensem</span> <span class='ocrx_word' id='word_1_218' title='bbox 679 3502 788 3563; x_wconf 88' lang='lat' dir='ltr'>castra</span> <span class='ocrx_word' id='word_1_219' title='bbox 811 3502 844 3561; x_wconf 90' lang='lat' dir='ltr'>et</span> <span class='ocrx_word' id='word_1_220' title='bbox 867 3495 961 3562; x_wconf 90' lang='lat' dir='ltr'>villas</span> <span class='ocrx_word' id='word_1_221' title='bbox 990 3503 1024 3562; x_wconf 89' lang='lat' dir='ltr'>et</span> <span class='ocrx_word' id='word_1_222' title='bbox 1046 3496 1154 3562; x_wconf 92' lang='lat' dir='ltr'>omnia</span> <span class='ocrx_word' id='word_1_223' title='bbox 1177 3497 1262 3562; x_wconf 93' lang='lat' dir='ltr'>bona</span> <span class='ocrx_word' id='word_1_224' title='bbox 1285 3497 1474 3581; x_wconf 89' lang='lat' dir='ltr'>temporalia</span> <span class='ocrx_word' id='word_1_225' title='bbox 1497 3517 1618 3562; x_wconf 92' lang='lat' dir='ltr'>omnes-</span> 
     </span>
     <span class='ocr_line' id='line_1_27' title="bbox 285 3601 1618 3688; baseline -0.002 -18"><span class='ocrx_word' id='word_1_226' title='bbox 285 3623 346 3688; x_wconf 88' lang='lat' dir='ltr'>que</span> <span class='ocrx_word' id='word_1_227' title='bbox 370 3603 492 3668; x_wconf 87' lang='lat' dir='ltr'>fruetus</span> <span class='ocrx_word' id='word_1_228' title='bbox 515 3601 661 3668; x_wconf 87' lang='lat' dir='ltr'>redditus</span> <span class='ocrx_word' id='word_1_229' title='bbox 685 3611 717 3669; x_wconf 93' lang='lat' dir='ltr'>et</span> <span class='ocrx_word' id='word_1_230' title='bbox 740 3609 917 3688; x_wconf 90' lang='lat' dir='ltr'>proventus</span> <span class='ocrx_word' id='word_1_231' title='bbox 940 3603 980 3668; x_wconf 90' lang='lat' dir='ltr'>ad</span> <span class='ocrx_word' id='word_1_232' title='bbox 1005 3623 1146 3670; x_wconf 89' lang='lat' dir='ltr'>mensam</span> <span class='ocrx_word' id='word_1_233' title='bbox 1172 3603 1387 3688; x_wconf 90' lang='lat' dir='ltr'>episcopalem</span> <span class='ocrx_word' id='word_1_234' title='bbox 1412 3604 1512 3688; x_wconf 91' lang='lat' dir='ltr'>ipsius</span> <span class='ocrx_word' id='word_1_235' title='bbox 1531 3605 1618 3670; x_wconf 90' lang='lat' dir='ltr'>Wor-</span> 
     </span>
     <span class='ocr_line' id='line_1_28' title="bbox 285 3709 1618 3795; baseline 0 -20"><span class='ocrx_word' id='word_1_236' title='bbox 285 3710 448 3776; x_wconf 77' lang='lat' dir='ltr'>mutiensis</span> <span class='ocrx_word' id='word_1_237' title='bbox 472 3710 608 3775; x_wconf 88' lang='lat' dir='ltr'>ecclesie</span> <span class='ocrx_word' id='word_1_238' title='bbox 631 3711 830 3795; x_wconf 90' lang='lat' dir='ltr'>pertinentes</span> <span class='ocrx_word' id='word_1_239' title='bbox 854 3709 1079 3775; x_wconf 88' lang='lat' dir='ltr'>aBaldevvino</span> <span class='ocrx_word' id='word_1_240' title='bbox 1103 3710 1347 3795; x_wconf 89' lang='lat' dir='ltr'>archiepiscopo</span> <span class='ocrx_word' id='word_1_241' title='bbox 1364 3710 1555 3777; x_wconf 86' lang='lat' dir='ltr'>Treverensi</span> <span class='ocrx_word' id='word_1_242' title='bbox 1578 3731 1618 3775; x_wconf 92' lang='lat' dir='ltr'>ac</span> 
     </span>
     <span class='ocr_line' id='line_1_29' title="bbox 285 3815 1615 3902; baseline 0.002 -20"><span class='ocrx_word' id='word_1_243' title='bbox 285 3817 425 3902; x_wconf 89' lang='lat' dir='ltr'>capitulo</span> <span class='ocrx_word' id='word_1_244' title='bbox 450 3815 593 3883; x_wconf 86' lang='lat' dir='ltr'>eiusdem</span> <span class='ocrx_word' id='word_1_245' title='bbox 617 3817 754 3883; x_wconf 91' lang='lat' dir='ltr'>ecclesie</span> <span class='ocrx_word' id='word_1_246' title='bbox 777 3824 809 3882; x_wconf 93' lang='lat' dir='ltr'>et</span> <span class='ocrx_word' id='word_1_247' title='bbox 834 3817 906 3883; x_wconf 89' lang='lat' dir='ltr'>aliis</span> <span class='ocrx_word' id='word_1_248' title='bbox 931 3818 1184 3902; x_wconf 90' lang='lat' dir='ltr'>quibuscumque</span> <span class='ocrx_word' id='word_1_249' title='bbox 1208 3817 1428 3883; x_wconf 88' lang='lat' dir='ltr'>detentoribus</span> <span class='ocrx_word' id='word_1_250' title='bbox 1451 3837 1507 3884; x_wconf 90' lang='lat' dir='ltr'>seu</span> <span class='ocrx_word' id='word_1_251' title='bbox 1524 3838 1615 3884; x_wconf 91' lang='lat' dir='ltr'>occu-</span> 
     </span>
     <span class='ocr_line' id='line_1_30' title="bbox 284 3923 1617 4010; baseline 0.002 -21"><span class='ocrx_word' id='word_1_252' title='bbox 284 3924 449 4010; x_wconf 89' lang='lat' dir='ltr'>patoribus</span> <span class='ocrx_word' id='word_1_253' title='bbox 474 3923 645 3990; x_wconf 89' lang='lat' dir='ltr'>eorundem</span> <span class='ocrx_word' id='word_1_254' title='bbox 669 3924 856 3990; x_wconf 90' lang='lat' dir='ltr'>abstrahere</span> <span class='ocrx_word' id='word_1_255' title='bbox 881 3932 915 3990; x_wconf 91' lang='lat' dir='ltr'>et</span> <span class='ocrx_word' id='word_1_256' title='bbox 938 3923 981 3989; x_wconf 89' lang='lat' dir='ltr'>ad</span> <span class='ocrx_word' id='word_1_257' title='bbox 1003 3945 1117 3991; x_wconf 90' lang='lat' dir='ltr'>manus</span> <span class='ocrx_word' id='word_1_258' title='bbox 1139 3931 1264 3990; x_wconf 88' lang='lat' dir='ltr'>vestras</span> <span class='ocrx_word' id='word_1_259' title='bbox 1286 3926 1414 3990; x_wconf 92' lang='lat' dir='ltr'>nomine</span> <span class='ocrx_word' id='word_1_260' title='bbox 1437 3932 1546 3991; x_wconf 92' lang='lat' dir='ltr'>nostro</span> <span class='ocrx_word' id='word_1_261' title='bbox 1569 3945 1617 3991; x_wconf 90' lang='lat' dir='ltr'>re·</span> 
     </span>
     <span class='ocr_line' id='line_1_31' title="bbox 283 4029 1617 4116; baseline -0.001 -19"><span class='ocrx_word' id='word_1_262' title='bbox 283 4033 392 4116; x_wconf 88' lang='lat' dir='ltr'>cipere</span> <span class='ocrx_word' id='word_1_263' title='bbox 416 4039 448 4096; x_wconf 91' lang='lat' dir='ltr'>et</span> <span class='ocrx_word' id='word_1_264' title='bbox 472 4039 591 4114; x_wconf 88' lang='lat' dir='ltr'>tenere,</span> <span class='ocrx_word' id='word_1_265' title='bbox 629 4030 732 4096; x_wconf 91' lang='lat' dir='ltr'>donee</span> <span class='ocrx_word' id='word_1_266' title='bbox 761 4051 856 4116; x_wconf 90' lang='lat' dir='ltr'>super</span> <span class='ocrx_word' id='word_1_267' title='bbox 884 4031 947 4096; x_wconf 89' lang='lat' dir='ltr'>hiis</span> <span class='ocrx_word' id='word_1_268' title='bbox 976 4030 1063 4096; x_wconf 93' lang='lat' dir='ltr'>aliud</span> <span class='ocrx_word' id='word_1_269' title='bbox 1088 4029 1300 4096; x_wconf 89' lang='lat' dir='ltr'>ordinandum</span> <span class='ocrx_word' id='word_1_270' title='bbox 1324 4029 1520 4116; x_wconf 85' lang='lat' dir='ltr'>duxerimus,</span> <span class='ocrx_word' id='word_1_271' title='bbox 1554 4041 1617 4097; x_wconf 88' lang='lat' dir='ltr'>stu-</span> 
     </span>
     <span class='ocr_line' id='line_1_32' title="bbox 284 4137 1617 4223; baseline -0.002 -19"><span class='ocrx_word' id='word_1_272' title='bbox 284 4139 399 4205; x_wconf 80' lang='lat' dir='ltr'>deatis.</span> <span class='ocrx_word' id='word_1_273' title='bbox 446 4139 497 4206; x_wconf 85' lang='lat' dir='ltr'>Ac</span> <span class='ocrx_word' id='word_1_274' title='bbox 529 4138 752 4205; x_wconf 90' lang='lat' dir='ltr'>nichilominus</span> <span class='ocrx_word' id='word_1_275' title='bbox 784 4140 1022 4223; x_wconf 89' lang='lat' dir='ltr'>particulariter</span> <span class='ocrx_word' id='word_1_276' title='bbox 1052 4145 1085 4204; x_wconf 92' lang='lat' dir='ltr'>et</span> <span class='ocrx_word' id='word_1_277' title='bbox 1113 4137 1266 4205; x_wconf 89' lang='lat' dir='ltr'>distincte</span> <span class='ocrx_word' id='word_1_278' title='bbox 1290 4138 1332 4205; x_wconf 92' lang='lat' dir='ltr'>de</span> <span class='ocrx_word' id='word_1_279' title='bbox 1355 4140 1502 4205; x_wconf 91' lang='lat' dir='ltr'>omnibus</span> <span class='ocrx_word' id='word_1_280' title='bbox 1525 4140 1617 4205; x_wconf 88' lang='lat' dir='ltr'>bonis</span> 
     </span>
     <span class='ocr_line' id='line_1_33' title="bbox 283 4245 1616 4331; baseline -0.001 -21"><span class='ocrx_word' id='word_1_281' title='bbox 283 4245 500 4312; x_wconf 90' lang='lat' dir='ltr'>immobilibus</span> <span class='ocrx_word' id='word_1_282' title='bbox 523 4253 556 4313; x_wconf 92' lang='lat' dir='ltr'>et</span> <span class='ocrx_word' id='word_1_283' title='bbox 578 4246 749 4312; x_wconf 90' lang='lat' dir='ltr'>mobilibus</span> <span class='ocrx_word' id='word_1_284' title='bbox 772 4251 805 4312; x_wconf 90' lang='lat' dir='ltr'>et</span> <span class='ocrx_word' id='word_1_285' title='bbox 828 4247 1036 4331; x_wconf 89' lang='lat' dir='ltr'>pecuniarum</span> <span class='ocrx_word' id='word_1_286' title='bbox 1065 4246 1298 4329; x_wconf 88' lang='lat' dir='ltr'>quantitatibus</span> <span class='ocrx_word' id='word_1_287' title='bbox 1323 4246 1407 4311; x_wconf 87' lang='lat' dir='ltr'>vasis</span> <span class='ocrx_word' id='word_1_288' title='bbox 1438 4246 1544 4312; x_wconf 90' lang='lat' dir='ltr'>aureis</span> <span class='ocrx_word' id='word_1_289' title='bbox 1567 4267 1616 4310; x_wconf 92' lang='lat' dir='ltr'>ar-</span> 
     </span>
     <span class='ocr_line' id='line_1_34' title="bbox 283 4353 1616 4438; baseline -0.002 -18"><span class='ocrx_word' id='word_1_290' title='bbox 283 4355 409 4438; x_wconf 88' lang='lat' dir='ltr'>genteis</span> <span class='ocrx_word' id='word_1_291' title='bbox 433 4360 466 4418; x_wconf 94' lang='lat' dir='ltr'>et</span> <span class='ocrx_word' id='word_1_292' title='bbox 482 4353 553 4420; x_wconf 88' lang='lat' dir='ltr'>aliis</span> <span class='ocrx_word' id='word_1_293' title='bbox 576 4353 838 4436; x_wconf 88' lang='lat' dir='ltr'>quibuscumque,</span> <span class='ocrx_word' id='word_1_294' title='bbox 863 4353 953 4418; x_wconf 89' lang='lat' dir='ltr'>libris</span> <span class='ocrx_word' id='word_1_295' title='bbox 977 4372 1104 4437; x_wconf 90' lang='lat' dir='ltr'>qnoque</span> <span class='ocrx_word' id='word_1_296' title='bbox 1121 4359 1154 4418; x_wconf 93' lang='lat' dir='ltr'>et</span> <span class='ocrx_word' id='word_1_297' title='bbox 1169 4353 1243 4418; x_wconf 90' lang='lat' dir='ltr'>aliis</span> <span class='ocrx_word' id='word_1_298' title='bbox 1267 4353 1423 4419; x_wconf 88' lang='lat' dir='ltr'>localibus</span> <span class='ocrx_word' id='word_1_299' title='bbox 1446 4373 1503 4419; x_wconf 89' lang='lat' dir='ltr'>seu</span> <span class='ocrx_word' id='word_1_300' title='bbox 1520 4354 1616 4418; x_wconf 88' lang='lat' dir='ltr'>rebus</span> 
     </span>
     <span class='ocr_line' id='line_1_35' title="bbox 282 4458 1612 4546; baseline -0.001 -21"><span class='ocrx_word' id='word_1_301' title='bbox 282 4459 433 4546; x_wconf 87' lang='lat' dir='ltr'>pretiosis</span> <span class='ocrx_word' id='word_1_302' title='bbox 466 4459 609 4526; x_wconf 90' lang='lat' dir='ltr'>eiusdem</span> <span class='ocrx_word' id='word_1_303' title='bbox 641 4460 778 4526; x_wconf 89' lang='lat' dir='ltr'>ecclesie</span> <span class='ocrx_word' id='word_1_304' title='bbox 811 4459 1025 4525; x_wconf 87' lang='lat' dir='ltr'>inventarium</span> <span class='ocrx_word' id='word_1_305' title='bbox 1054 4458 1096 4526; x_wconf 86' lang='lat' dir='ltr'>ad</span> <span class='ocrx_word' id='word_1_306' title='bbox 1119 4461 1261 4524; x_wconf 88' lang='lat' dir='ltr'>futuram</span> <span class='ocrx_word' id='word_1_307' title='bbox 1285 4459 1443 4525; x_wconf 89' lang='lat' dir='ltr'>cautelam</span> <span class='ocrx_word' id='word_1_308' title='bbox 1469 4458 1612 4526; x_wconf 88' lang='lat' dir='ltr'>eiusdem</span> 
     </span>
     <span class='ocr_line' id='line_1_36' title="bbox 283 4564 1615 4652; baseline -0.003 -18"><span class='ocrx_word' id='word_1_309' title='bbox 283 4568 420 4634; x_wconf 90' lang='lat' dir='ltr'>ecclesie</span> <span class='ocrx_word' id='word_1_310' title='bbox 449 4588 489 4634; x_wconf 87' lang='lat' dir='ltr'>ae</span> <span class='ocrx_word' id='word_1_311' title='bbox 517 4568 708 4634; x_wconf 89' lang='lat' dir='ltr'>venerabilis</span> <span class='ocrx_word' id='word_1_312' title='bbox 738 4567 846 4633; x_wconf 87' lang='lat' dir='ltr'>fratris</span> <span class='ocrx_word' id='word_1_313' title='bbox 869 4565 970 4632; x_wconf 90' lang='lat' dir='ltr'>nostri</span> <span class='ocrx_word' id='word_1_314' title='bbox 994 4564 1181 4632; x_wconf 89' lang='lat' dir='ltr'>Salamanni</span> <span class='ocrx_word' id='word_1_315' title='bbox 1204 4565 1448 4632; x_wconf 86' lang='lat' dir='ltr'>Wormatiensis</span> <span class='ocrx_word' id='word_1_316' title='bbox 1472 4567 1615 4652; x_wconf 84' lang='lat' dir='ltr'>episcopi</span> 
     </span>
     <span class='ocr_line' id='line_1_37' title="bbox 282 4671 1614 4761; baseline -0.002 -20"><span class='ocrx_word' id='word_1_317' title='bbox 282 4695 341 4761; x_wconf 90' lang='lat' dir='ltr'>per</span> <span class='ocrx_word' id='word_1_318' title='bbox 363 4695 491 4740; x_wconf 89' lang='lat' dir='ltr'>manum</span> <span class='ocrx_word' id='word_1_319' title='bbox 520 4674 681 4760; x_wconf 89' lang='lat' dir='ltr'>publicam</span> <span class='ocrx_word' id='word_1_320' title='bbox 709 4673 848 4739; x_wconf 85' lang='lat' dir='ltr'>fideliter</span> <span class='ocrx_word' id='word_1_321' title='bbox 871 4671 940 4738; x_wconf 85' lang='lat' dir='ltr'>fieri</span> <span class='ocrx_word' id='word_1_322' title='bbox 970 4671 1121 4756; x_wconf 91' lang='lat' dir='ltr'>dictoque</span> <span class='ocrx_word' id='word_1_323' title='bbox 1147 4671 1342 4739; x_wconf 88' lang='lat' dir='ltr'>Salamanno</span> <span class='ocrx_word' id='word_1_324' title='bbox 1367 4673 1532 4759; x_wconf 89' lang='lat' dir='ltr'>episeopo,</span> <span class='ocrx_word' id='word_1_325' title='bbox 1561 4674 1614 4758; x_wconf 91' lang='lat' dir='ltr'>qui</span> 
     </span>
     <span class='ocr_line' id='line_1_38' title="bbox 282 4780 1611 4868; baseline -0.002 -20"><span class='ocrx_word' id='word_1_326' title='bbox 282 4783 379 4868; x_wconf 90' lang='lat' dir='ltr'>longo</span> <span class='ocrx_word' id='word_1_327' title='bbox 403 4789 546 4867; x_wconf 89' lang='lat' dir='ltr'>tempore</span> <span class='ocrx_word' id='word_1_328' title='bbox 571 4791 702 4848; x_wconf 89' lang='lat' dir='ltr'>coactus</span> <span class='ocrx_word' id='word_1_329' title='bbox 725 4787 775 4847; x_wconf 90' lang='lat' dir='ltr'>est</span> <span class='ocrx_word' id='word_1_330' title='bbox 798 4787 929 4865; x_wconf 88' lang='lat' dir='ltr'>propter</span> <span class='ocrx_word' id='word_1_331' title='bbox 952 4780 1150 4846; x_wconf 88' lang='lat' dir='ltr'>subditorum</span> <span class='ocrx_word' id='word_1_332' title='bbox 1174 4799 1302 4845; x_wconf 87' lang='lat' dir='ltr'>suorum</span> <span class='ocrx_word' id='word_1_333' title='bbox 1326 4780 1483 4847; x_wconf 91' lang='lat' dir='ltr'>malitiam</span> <span class='ocrx_word' id='word_1_334' title='bbox 1506 4801 1611 4868; x_wconf 85' lang='lat' dir='ltr'>apre-</span> 
     </span>
    </p>
   </div>
   <div class='ocr_carea' id='block_1_7' title="bbox 0 0 1826 5509">
    <p class='ocr_par' dir='ltr' id='par_1_8' title="bbox 0 0 1826 5509">
     <span class='ocr_line' id='line_1_39' title="bbox 0 0 1826 5509; baseline 0 1"><span class='ocrx_word' id='word_1_335' title='bbox 0 0 1826 5509; x_wconf 95' lang='lat' dir='ltr'> </span> 
     </span>
    </p>
   </div>
  </div>
 </body>
</html>
