3642 5509
821 485 889 540 1327
908 483 982 540 Junl
1001 484 1044 540 17.

421 666 494 735 Rep.
512 667 550 718 84
568 665 592 735 f.
613 664 660 719 29‘
691 681 738 718 rer.
761 666 842 720 2074.
874 693 906 703 -
940 665 1197 733 Itomaumptum
1225 661 1259 716 in
1287 661 1431 719 taetram.
1460 661 1593 718 notarite

420 752 509 809 iussu
528 753 695 824 Godefrtde'
714 753 852 824 episcopi
870 754 1042 824 confectum
1061 753 1090 807 d.
1104 753 1185 807 2t'm.
1205 751 1319 822 aprilio
1338 770 1365 807 a.
1381 753 1457 807 1328
1475 754 1591 820 dotum

421 860 483 914 qua
507 842 669 914 episcopus
694 847 823 899 testatur·
848 861 880 898 se
908 859 972 898 esse
1001 844 1158 897 executum
1177 841 1358 911 predictam
1387 842 1593 911 dispensandi

418 933 606 1003 facultatem.
635 935 830 1004 Dtlseetdorf.
849 934 938 989 Arclr.
957 949 1019 1004 rep.
1041 932 1228 988 cleve-Mart
1245 933 1594 988 mr.159.—Laoombtet

422 1024 474 1078 III
489 1041 537 1079 ar.
557 1025 623 1081 225.
644 1056 677 1065 -
696 1027 749 1082 Re.
768 1027 825 1082 867
843 1041 872 1080 a.
893 1029 917 1081 1.

365 1315 482 1382 llos.
508 1319 594 1382 1327
618 1317 706 1384 Jurrt
729 1319 782 1382 17.
806 1316 970 1403 Autonoe.

369 1459 529 1526 Iohannes
544 1460 644 1525 XXII
668 1460 856 1544 Engilberto
880 1461 1149 1546 natoEngilberti
1174 1463 1301 1528 comitis
1325 1462 1366 1528 de
1382 1461 1498 1528 Morka
1521 1481 1594 1526 con·

262 1566 325 1632 fert
348 1567 486 1634 ecclesie
502 1567 710 1634 Treverensis
734 1570 967 1649 canonicatum,
992 1570 1188 1654 prebendam
1211 1590 1286 1635 vero
1311 1568 1414 1635 eidem
1439 1575 1596 1650 reservat,

261 1694 324 1740 non
352 1675 500 1741 obstante
529 1673 615 1758 quod
644 1675 676 1739 in
701 1675 811 1742 Colon.
837 1677 1061 1741 canonIcatum
1085 1684 1118 1741 et
1145 1676 1342 1762 prebendam
1371 1696 1411 1741 ac
1433 1675 1466 1740 in
1491 1697 1530 1741 ea
1553 1695 1593 1740 ex

262 1782 507 1869 dispensacione
540 1782 719 1869 apostolica
752 1785 930 1848 cantoriam
955 1791 987 1848 et
1010 1785 1043 1848 In
1067 1783 1100 1850 S.
1123 1784 1253 1849 Martini
1277 1783 1503 1849 Wormatiensi
1526 1803 1597 1867 pre·

261 1890 438 1975 posituram
463 1897 606 1956 curatam
631 1891 755 1956 othnet
770 1895 802 1954 et
822 1891 855 1955 in
871 1890 973 1955 Leod.
998 1891 1075 1956 eccl.
1099 1892 1159 1957 sub
1183 1889 1409 1977 expectatione
1432 1889 1595 1974 prebende

262 1998 454 2063 auctoritate
478 1997 657 2081 apostolica
680 1997 713 2061 in
737 1997 924 2062 canonicum
950 2006 998 2063 est
1021 2005 1179 2084 receptus.

369 2103 464 2170 Sedts
487 2104 663 2189 apostolice
692 2103 944 2188 providentia..
965 2153 972 2169 .
1019 2105 1095 2170 Dat.
1119 2104 1213 2171 Avin.
1239 2105 1300 2170 XV
1324 2103 1369 2172 kl.
1394 2103 1462 2169 iulii
1485 2125 1515 2169 a.
1540 2123 1595 2167 un·

262 2209 398 2277 decimo.

369 2320 407 2384 In
430 2338 458 2384 e.
481 2340 522 2384 m.
552 2318 706 2402 magistro
729 2317 902 2403 Raynaldo
931 2318 972 2383 de
995 2318 1068 2385 tiliis
1091 2319 1165 2385 Ursi
1188 2318 1415 2385 archidiacono
1440 2317 1482 2383 de
1505 2317 1596 2383 (lam-

262 2424 352 2511 pinia
375 2425 475 2491 Leod.
509 2427 633 2491 notorio
666 2426 776 2511 papali
810 2434 842 2491 et
875 2425 998 2492 decano
1023 2427 1057 2492 S.
1081 2428 1182 2492 Marie
1210 2424 1252 2491 ad
1276 2425 1397 2510 gradus
1421 2425 1531 2491 Calon.
1556 2445 1595 2489 ac

263 2532 407 2598 Levoldo
431 2531 472 2597 de
496 2531 612 2600 Nortoi
637 2534 790 2598 canonico
814 2533 957 2600 eiusdem
981 2533 1083 2600 Leod.
1108 2534 1326 2600 ecclesiarum.

411 2656 484 2724 Rea.
503 2657 541 2710 84
559 2655 652 2725 fiee
672 2672 720 2710 ar.
740 2656 829 2721 2134,·
850 2658 903 2712 Re.
924 2658 988 2711 867.

367 2936 495 3004 laco.
522 2940 607 3004 1327
631 2939 718 3004 Juar'
742 2939 794 3003 17.
818 2936 984 3023 Aor'prrorr.

370 3079 530 3146 Iohannes
545 3079 644 3144 XXII
668 3081 854 3164 episcopum
878 3078 1142 3148 Cameracensem
1166 3087 1199 3145 et
1214 3081 1383 3148 Tuicensis
1406 3101 1445 3146 ao
1468 3081 1500 3144 In
1517 3081 1596 3146 Her·

263 3187 347 3254 bach
371 3187 480 3254 Gelon.
507 3193 539 3253 et
561 3187 706 3271 Magunt.
731 3185 817 3253 dioc.
850 3189 1114 3253 monasteriorum
1144 3190 1280 3255 abbates
1309 3187 1445 3273 deputat
1474 3208 1598 3255 consar-

264 3301 392 3361 vatores
415 3294 596 3379 Engilberti
619 3295 688 3360 nati
711 3295 892 3378 Engilberti
924 3295 1049 3360 comitis
1076 3293 1118 3361 de
1141 3295 1256 3360 Morka
1278 3295 1433 3380 prepositi
1459 3295 1538 3361 eccl.
1562 3294 1597 3360 S.

264 3401 392 3467 Martini
417 3401 675 3468 wormaciensis.

371 3506 455 3586 Quia
478 3509 572 3574 nimis
596 3513 798 3575 excresceret
812 3556 819 3572 .
834 3555 864 3571 ..
889 3507 966 3571 Dat.
986 3507 1077 3572 Avin.
1096 3507 1158 3573 XV
1173 3507 1217 3572 kl.
1236 3507 1305 3573 iulii
1321 3527 1350 3572 a.
1367 3506 1547 3573 undecimo.

412 3633 485 3702 Ray.
505 3635 543 3687 84
561 3633 587 3703 f.
606 3634 647 3686 30
664 3648 712 3686 mr.
732 3633 829 3700 mre,-
851 3633 904 3687 Ile.
924 3634 987 3687 866.

371 3897 485 3963 12⁰1.
521 3899 607 3963 1327
631 3899 717 3964 Jonr
743 3901 794 3963 17.
819 3896 986 3984 sepsos.

369 4041 538 4106 Iolrarrme
561 4041 671 4105 XXII
700 4039 941 4106 Alecamtrom
965 4042 1116 4105 abbatem
1145 4041 1350 4106 tuitiensem
1370 4040 1537 4122 admonet,
1561 4047 1599 4104 at

265 4150 414 4236 eorripat
438 4169 546 4214 mores
570 4169 648 4213 suos
671 4148 862 4214 dissolutos.

372 4290 532 4357 Iohannes
555 4291 655 4356 XXII
687 4289 876 4357 Alexandro
906 4290 1018 4358 abbati
1047 4291 1232 4356 monasterii
1255 4289 1449 4375 Tuyciensis
1478 4287 1599 4354 ordinIs

266 4399 300 4465 S.
317 4397 438 4466 Bened.
463 4398 573 4465 Gelon.
599 4395 683 4463 dioc.

373 4505 522 4572 Relatum
546 4510 605 4588 est,
638 4505 694 4588 fili,
727 4505 914 4591 apostolicis
937 4505 1079 4588 auribus,
1109 4502 1194 4588 quod
1222 4510 1256 4569 tu
1280 4523 1392 4587 agrum
1416 4503 1543 4585 montis,
1567 4503 1600 4568 In

267 4632 330 4696 quo
362 4612 514 4678 bonorum
548 4631 678 4697 operum
712 4619 854 4697 segetem
888 4612 1023 4678 deberes
1054 4610 1201 4678 excolere
1224 4611 1307 4676 bone
1331 4609 1417 4676 fame
1440 4616 1474 4675 et
1496 4611 1599 4676 suavi-

267 4721 343 4787 tatis
372 4719 503 4785 odorem
533 4739 592 4805 per
621 4720 769 4805 exempla
799 4720 949 4784 virtutum
981 4721 1074 4784 iuxta
1096 4724 1151 4784 tue
1173 4716 1381 4803 professtonis
1404 4722 1511 4782 votum
1536 4723 1600 4782 sta·

266 4835 396 4911 tumque
426 4825 485 4892 tibi
515 4826 673 4892 commissi
704 4827 865 4910 regiminIs
901 4825 1138 4910 producturam,
1166 4824 1319 4890 Incultum
1343 4829 1374 4889 et
1398 4823 1522 4889 aridum
1547 4823 1600 4890 de-
