3642 5509
797 464 865 522 real
885 465 1021 522 Februar
1040 464 1083 521 26.
1554 459 1606 518 395

269 643 343 713 dem
367 648 504 713 ecclesie
527 646 726 712 inmittentes
740 648 784 729 (t),
808 645 883 712 dnm
901 647 1097 732 capitulares
1113 651 1269 712 tractatus
1292 643 1324 709 in
1350 651 1383 710 et
1402 663 1498 730 snper
1513 643 1607 710 bonis

268 763 302 820 et
325 754 516 820 utilitatibus
540 755 640 840 ipsius
664 753 801 822 eccelsie
824 761 898 820 sunt
922 753 1076 837 habendi,
1100 755 1265 820 universos
1289 760 1323 819 et
1345 754 1488 837 singulos
1511 771 1604 817 cano·

267 863 358 928 nicos
373 861 590 947 prebendatos
606 861 749 928 eiusdem
766 862 903 928 ecclesie
919 861 960 927 ad
978 861 1049 927 illos
1066 867 1203 927 evocant
1227 867 1259 926 et
1275 860 1458 942 admittunt,
1483 859 1604 924 dictum

266 969 463 1055 prepositum
487 969 530 1034 ad
554 968 683 1035 eosdem
708 974 864 1035 tractatus
887 991 950 1036 non
975 977 1147 1035 evocantes
1177 988 1237 1034 neo
1266 969 1363 1034 etiam
1387 966 1604 1049 admittentes,

268 1077 419 1162 quinymo
452 1075 609 1142 debonis
636 1075 779 1142 eiusdem
803 1077 941 1143 ecclesie
965 1076 1138 1163 disponunt
1171 1083 1204 1142 et
1236 1077 1320 1141 inter
1351 1096 1386 1141 se
1410 1074 1604 1140 distribuunt

267 1190 300 1250 et
324 1183 365 1250 de
388 1183 467 1269 ipsis
490 1182 640 1250 ordinant
663 1182 775 1249 eodem
800 1185 964 1270 preposito
981 1184 1109 1250 minime
1134 1185 1305 1267 requisitos
1330 1182 1415 1248 unde
1440 1202 1510 1247 cum
1534 1201 1605 1266 pre·

267 1293 354 1356 latus
377 1291 570 1377 prepositus,
606 1291 690 1357 sieut
712 1293 838 1374 asserit,
874 1291 1018 1358 eiusdem
1042 1292 1179 1358 ecclesie
1209 1293 1251 1358 sit
1274 1291 1447 1356 canonicus
1470 1289 1601 1374 preben-

267 1397 363 1464 datus
386 1405 418 1464 et
440 1401 565 1465 ratione
589 1400 790 1484 prepositure
813 1419 870 1465 sue
894 1398 1038 1464 ciusdem
1069 1397 1207 1465 ecclesie
1231 1399 1332 1464 maior
1355 1403 1388 1462 ct
1405 1396 1549 1481 superior
1572 1395 1605 1459 in

267 1504 380 1572 eadem
404 1526 527 1590 suaque
550 1507 703 1592 precipue
727 1506 854 1572 intersit
878 1507 1069 1573 tractatibus
1093 1507 1248 1572 interesse
1271 1504 1427 1591 predictis
1455 1510 1487 1569 ct
1510 1502 1604 1584 scire,

267 1612 427 1695 quomodo
449 1633 501 1679 res
525 1619 558 1679 et
581 1613 667 1679 bona
690 1613 790 1699 ipsius
814 1613 951 1678 ecclesie
967 1612 1179 1698 disponantur
1195 1611 1427 1678 distribuantur
1451 1617 1483 1676 et
1507 1609 1604 1675 etiam

136 1728 142 1734 '
265 1721 492 1805 gubernentur,
517 1723 609 1788 nobis
633 1721 798 1787 humiliter
822 1721 1028 1807 supplicavit,
1061 1727 1095 1786 ut
1119 1741 1190 1787 eum
1215 1726 1326 1805 utpote
1350 1720 1547 1804 prepositum
1572 1724 1605 1782 et

265 1828 455 1893 canonicum
471 1827 708 1913 prebendatum
725 1827 870 1894 ciusdem
888 1828 1026 1894 ecclesie
1050 1827 1093 1894 ad
1117 1848 1229 1895 vocem
1245 1828 1278 1892 in
1295 1826 1435 1911 capitulo
1460 1824 1604 1890 eiusdem

266 1934 402 2000 ecclesie
425 1936 508 2001 sicut
532 1936 627 2001 alium
653 1936 844 2001 canonicum
868 1934 1100 2019 prebendatum
1125 1941 1157 2001 et
1180 1933 1222 2000 ad
1243 1952 1425 2000 communes
1448 1938 1604 1998 tractatus

266 2048 300 2106 ct
332 2040 572 2108 distributiones
605 2041 724 2108 debere
760 2043 873 2108 vocari
909 2050 942 2108 et
976 2041 1127 2107 admitti.
1148 2092 1155 2107 .
1174 2091 1182 2106 .
1199 2041 1390 2108 auctoritate
1425 2038 1604 2124 apostolica

265 2148 456 2216 faceremus.
493 2149 577 2228 Quia
592 2148 691 2234 igitur
714 2149 755 2217 de
771 2150 936 2235 premissis
953 2151 1105 2216 noticiam
1129 2170 1193 2215 non
1209 2149 1362 2214 babemus
1380 2197 1387 2214 .
1406 2197 1414 2212 .
1433 2195 1440 2211 .
1456 2147 1602 2212 fraterni-

266 2256 325 2320 tati
349 2263 427 2322 tue.
451 2256 700 2340 ..mandamns
731 2257 880 2340 quatinus
905 2257 1040 2340 vocatis,
1074 2258 1126 2340 qni
1151 2256 1269 2322 fuerint
1293 2253 1460 2336 evocandi,
1494 2259 1526 2318 et
1549 2272 1602 2317 au·

266 2361 343 2428 ditis
376 2362 451 2428 hinc
485 2363 561 2428 inde
596 2364 767 2449 propositis
802 2383 898 2450 super
933 2363 1112 2450 predictis.
1131 2415 1138 2427 .
1157 2363 1284 2429 .facias
1312 2361 1438 2427 iusticie
1465 2361 1603 2445 complc-

266 2476 406 2535 mentum
430 2476 474 2554 et,
507 2469 593 2554 qnod
617 2468 809 2555 decreveris,
841 2491 1087 2557 percensuram
1112 2471 1363 2537 ecclesiasticam
1388 2467 1603 2553 appellatione

268 2583 392 2642 remota
418 2576 549 2643 firmiter
576 2578 769 2644 observari.
797 2627 805 2643 .
832 2630 839 2646 .
886 2577 963 2644 Dat.
992 2578 1086 2644 Avin.
1115 2578 1182 2643 Illl
1209 2577 1255 2642 kl.
1283 2575 1394 2643 marcii
1421 2597 1450 2640 a.
1479 2576 1602 2658 quinto·

269 2682 404 2750 decimo.

428 2790 501 2861 ch.
520 2791 558 2846 99
574 2790 599 2861 f.
619 2792 675 2847 137
692 2807 740 2846 nr.
760 2791 846 2847 1320.

372 3063 496 3131 2013.
523 3066 609 3129 1331
633 3065 787 3130 Februur
814 3066 867 3132 26.
889 3062 1055 3150 Aoiqnon.

374 3207 543 3272 Iohannes
566 3207 677 3272 XXII
696 3208 910 3292 Lodolplzum
934 3207 1125 3294 Hortnaqel
1153 3209 1348 3274 cohabititnt
1372 3208 1417 3272 ud
1441 3206 1601 3292 beneficia

267 3314 492 3380 ecelesiastica
515 3314 705 3380 obtinendo.

371 3436 543 3522 [lohannes
570 3438 680 3523 XXII]
708 3438 878 3524 Ludolpho
902 3439 990 3505 dieto
1016 3440 1194 3524 Hartnagel
1228 3440 1344 3506 clerico
1373 3438 1484 3505 Oolon.
1514 3437 1598 3504 dioc.

373 3544 548 3612 Probitatis
571 3547 695 3626 merita,
721 3547 834 3629 quibus
863 3597 870 3611 .
981 3547 1067 3614 Sane
1095 3547 1203 3614 oblate
1231 3548 1323 3614 nobis
1346 3567 1404 3632 pro
1428 3553 1519 3632 parte
1543 3553 1600 3611 tua

265 3651 430 3737 petitionis
453 3652 552 3718 series
577 3654 771 3734 continebat,
796 3653 881 3736 quod
898 3662 931 3719 tu
953 3654 1073 3720 dudum
1098 3656 1321 3722 canonicatum
1346 3662 1379 3721 et
1403 3651 1599 3739 prebendam

266 3759 299 3824 in
323 3758 465 3842 Hereke,
499 3759 614 3842 quibus
638 3779 714 3825 cura
736 3760 880 3826 imminet
903 3763 1091 3846 animarum,
1116 3762 1225 3828 Colon.
1250 3762 1333 3828 dioc.
1359 3762 1506 3828 obtinens
1530 3781 1599 3846 par·

265 3865 438 3930 rochialem
464 3865 632 3932 ecclesiam
657 3868 689 3931 in
707 3867 853 3953 Kersope
876 3867 964 3934 dicte
988 3867 1072 3934 dioc.
1090 3869 1171 3935 alias
1187 3869 1246 3934 tibi
1271 3871 1424 3936 canonice
1448 3869 1600 3938 collatam

265 3971 404 4057 adeptus
434 3972 522 4038 luisti
552 3991 687 4056 eamque
718 3995 781 4039 una
809 3994 880 4040 cum
905 3975 1095 4041 canonicatu
1121 3982 1153 4041 et
1176 3975 1341 4061 prebenda
1365 3977 1519 4062 predictis
1542 3996 1600 4061 per

265 4077 346 4144 duos
370 4099 470 4145 annos
494 4080 624 4145 tenuisti
648 4079 770 4147 fructus
793 4082 976 4166 percipiens
992 4101 1033 4147 ex
1056 4081 1188 4165 eisdem,
1213 4081 1361 4166 quodque
1386 4081 1599 4168 dictam'par-

264 4184 439 4250 rochialem
465 4186 635 4252 ecclesiam
661 4207 731 4252 cum
756 4189 894 4253 rectoria
918 4209 973 4254 seu
996 4196 1152 4274 perpetua
1168 4190 1290 4255 vicaria
1313 4191 1382 4256 sine
1404 4211 1481 4256 cura
1497 4189 1599 4256 ouius·

265 4290 339 4355 dam
363 4292 475 4358 altaris
505 4292 537 4356 in
568 4293 707 4359 ecclesia
730 4293 789 4360 SS.
815 4295 1040 4379 Apostolorum
1065 4297 1175 4365 Oolon.
1201 4297 1303 4382 primo
1328 4317 1366 4362 ac
1391 4296 1509 4363 deinde
1533 4295 1598 4363 dic·

265 4404 330 4464 tam
354 4399 507 4464 vicariam
541 4419 611 4465 curn
645 4400 839 4486 parrochiali
874 4401 1013 4468 ecclesia
1042 4403 1074 4467 in
1097 4404 1204 4470 Deme
1233 4403 1320 4470 dicte
1351 4404 1487 4471 diocesis
1517 4405 1601 4471 alias

264 4506 419 4572 canonice
443 4507 643 4592 permutasti,
678 4507 784 4574 dictos
814 4510 1039 4576 canonicatum
1063 4518 1096 4576 et
1119 4511 1314 4596 prebendam
1338 4513 1529 4599 simpliciter
1551 4513 1597 4578 di·

262 4611 496 4678 mittendo...
543 4614 611 4681 Nos
634 4613 733 4698 igitur
846 4623 877 4681 te
902 4615 1117 4699 habilitamus,
1161 4628 1195 4683 ut
1219 4618 1372 4704 predictis
1396 4641 1597 4704 nequaquam

263 4718 465 4785 obstantibus
493 4722 597 4806 possis
621 4721 662 4787 ad
688 4742 888 4806 quecumque
912 4723 1066 4790 beneficia
1091 4725 1313 4794 ecclesiastica
1338 4729 1466 4810 asernai,
1499 4729 1595 4793 etiam

263 4826 290 4890 si
325 4845 433 4891 curam
468 4827 608 4893 babeant
646 4830 821 4895 animarum
854 4836 911 4895 aut
944 4830 1121 4915 dignitates
1144 4834 1195 4898 vel
1230 4841 1417 4919 personatus
1446 4835 1596 4920 existant,
