3642 5509
781 463 852 520 1330
870 460 993 535 August
1010 461 1036 519 2.
1506 463 1560 522 359

222 665 285 729 que
307 646 457 713 viderunt
486 666 544 731 pro
568 644 831 713 consideracione
864 645 1030 731 qualitatis
1064 653 1097 713 et
1122 647 1273 733 temporis
1306 648 1467 734 expedire.
1514 649 1557 716 Et

221 754 298 820 licet
321 754 408 820 nulla
431 754 597 820 temeritas
619 773 676 820 seu
700 754 832 819 malicia
856 753 962 821 dictos
986 755 1073 821 cives
1098 761 1131 820 et
1154 754 1346 822 adherentes
1369 756 1490 824 eisdem
1514 757 1558 823 ad

221 863 435 949 patrationem
457 861 622 927 induxerit
645 862 872 947 premissorum
896 863 947 927 vol
971 862 1107 929 alicuius
1131 862 1315 947 eorundem,
1340 870 1458 947 tamen,
1482 867 1558 948 quia

220 970 370 1036 nonnulle
394 989 529 1055 persone
546 970 768 1036 ecclesiastice
793 970 982 1035 asserebant
1006 975 1037 1034 et
1053 976 1209 1053 asserunt,
1233 969 1353 1036 dudum
1377 971 1409 1037 in
1433 972 1559 1057 provin·

221 1077 296 1143 ciali
320 1077 454 1142 consilio
471 1076 504 1162 (l)
551 1077 739 1161 hlaguntino
763 1076 936 1142 lateralia
960 1082 1113 1142 statutum
1137 1075 1238 1143 luisse
1262 1083 1294 1143 ot
1311 1079 1407 1144 etiam
1431 1078 1558 1146 ordina·

221 1191 298 1267 tum,
322 1183 406 1267 quod
424 1190 490 1249 tam
505 1183 562 1248 filii
579 1183 714 1265 illorum,
739 1185 792 1265 qui
810 1183 983 1250 canonicos
1007 1185 1038 1249 in
1055 1204 1165 1250 sacros
1187 1183 1352 1252 ordinibus
1368 1187 1558 1255 constitutos

220 1299 254 1357 et
270 1298 394 1358 ceteros
407 1291 540 1358 clericos
553 1311 611 1376 pro
625 1291 750 1356 clericis
761 1311 797 1356 se
808 1298 959 1375 gerentes
975 1311 1015 1357 ac
1028 1291 1133 1357 aliasa
1148 1311 1302 1377 personas
1318 1292 1558 1360 ecclesiasticas

220 1400 397 1485 captivare,
422 1400 568 1484 captivos
586 1397 731 1464 detinere
747 1397 896 1464 occidere
913 1399 1063 1465 mutilare
1080 1404 1136 1464 aut
1152 1397 1302 1467 letalibus
1320 1419 1377 1467 seu
1393 1400 1556 1470 atrocibus

220 1507 403 1573 vulneribus
435 1506 603 1572 vulnerare
641 1511 871 1591 presumerent,
911 1526 1007 1589 qnam
1040 1508 1137 1573 etiam
1175 1507 1287 1574 talium
1326 1509 1556 1594 sacrilegorum

219 1615 384 1698 utriusque
418 1633 514 1680 seros
554 1614 596 1679 ah
632 1614 712 1698 ipsis
748 1612 948 1680 descendens
983 1615 1157 1699 posteritas
1195 1634 1296 1697 usquc
1331 1613 1372 1682 ad
1409 1621 1555 1699 quartam

220 1722 459 1805 generationem
492 1720 534 1785 ad
567 1740 677 1786 sacros
709 1719 838 1786 ordines
861 1719 912 1785 vel
936 1719 979 1785 ad
1012 1721 1121 1804 aliqua
1145 1721 1300 1788 beneficia
1333 1723 1556 1790 ecclesiastica

220 1835 276 1894 aut
299 1830 330 1893 in
356 1830 503 1895 claustris
525 1849 581 1894 scu
606 1830 747 1895 cenobiis
764 1828 991 1912 cuiuscumque
1015 1828 1135 1895 ordinis
1158 1850 1221 1895 non
1239 1829 1393 1897 deberent
1417 1829 1554 1914 admitti,

220 1934 380 2019 quodque,
418 1937 445 2001 si
483 1956 576 2002 secus
608 1936 708 2018 tieret,
749 1957 787 2002 eo
821 1937 892 2021 ipso
927 1934 1085 2002 deberent
1123 1935 1303 2003 huiusmodi
1340 1937 1479 2004 ordinati
1512 1939 1554 2004 ab

220 2045 410 2110 executione
433 2043 577 2109 ordinum
595 2050 751 2130 perpetuo
774 2064 940 2110 remanere
957 2045 1104 2130 suspensi
1129 2052 1162 2110 et
1186 2045 1307 2130 recepti
1332 2042 1373 2110 ad
1397 2043 1554 2111 beneficia

219 2151 408 2218 secularium
433 2152 641 2217 ecclesiarum
664 2171 722 2237 pro
737 2172 801 2217 non
824 2153 965 2236 receptis
983 2151 1104 2235 haberi,
1129 2150 1273 2218 dicentes
1290 2153 1398 2235 etiam,
1421 2153 1554 2237 posteri·

219 2265 319 2324 tatem
342 2256 558 2343 predictorum
575 2258 694 2324 civium
718 2266 750 2324 ct
773 2256 994 2325 adherentium
1013 2257 1133 2326 eisdem
1158 2279 1258 2345 penas
1282 2264 1315 2325 et
1330 2258 1552 2325 inhabilitates

219 2385 277 2450 per
300 2363 415 2432 dictab
439 2366 651 2451 provincialia
674 2385 730 2431 seu
758 2363 929 2450 synodalia
953 2371 1075 2433 statuta
1099 2366 1236 2432 ecclesie
1260 2365 1459 2450 Magantine,
1489 2385 1551 2449 que

219 2471 369 2538 dicuntur
391 2493 449 2558 per
471 2473 581 2540 sedem
610 2473 821 2559 apostolicam
844 2494 886 2541 ex
910 2479 999 2540 certa
1022 2475 1159 2540 scientia
1183 2474 1380 2556 confirmata,
1410 2473 1444 2539 in
1467 2492 1551 2538 com·

219 2581 365 2647 bnstores
398 2580 539 2647 locomm
564 2581 865 2663 ecclesiasticorum,
900 2587 1048 2666 captores
1081 2588 1114 2647 et
1137 2580 1321 2648 detentores
1355 2580 1551 2667 prelatorum

218 2694 251 2753 et
266 2707 473 2773 personarum
486 2689 787 2771 ecclesiasticarum,
804 2694 948 2773 raptores
964 2695 997 2753 et
1013 2694 1223 2774 occupatores
1240 2689 1393 2755 bonorum
1410 2689 1549 2773 ipsorum

193 2787 250 2862 'et
281 2795 536 2863 incastellatores
569 2797 832 2862 monasteriorum
865 2815 924 2862 seu
952 2795 1158 2864 ecclesiarum
1193 2802 1224 2862 et
1249 2795 1384 2862 aliorum
1407 2794 1549 2862 locorum

218 2903 509 2970 ecelesiasticorum
528 2909 561 2969 et
577 2903 789 2986 quorumlihet
809 2923 996 2969 excessuum
1013 2903 1168 2970 adversus
1184 2903 1339 2970 eeclesias
1354 2903 1550 2970 monasteria

217 3015 250 3075 et
272 3029 426 3094 personas
450 3010 687 3076 ecclesiasticas
714 3017 894 3095 patratores
918 3010 1138 3094 promulgatas
1162 3016 1294 3095 propter
1323 3011 1479 3094 premissa
1501 3010 1548 3075 in-

217 3119 364 3200 currisse,
389 3115 468 3183 dicti
491 3117 648 3183 officiales
672 3125 704 3182 et
728 3117 883 3199 consules,
909 3137 1043 3182 comune
1059 3137 1098 3182 ae
1119 3117 1234 3183 civitas
1257 3115 1403 3201 predicte
1426 3116 1470 3182 ad
1492 3137 1551 3183 nos

216 3243 313 3308 super
335 3223 398 3289 hiis
420 3232 618 3290 recurrentes
641 3224 733 3290 nobis
757 3223 919 3290 humiliter
941 3224 1172 3308 supplicarunt,
1195 3229 1231 3289 ut
1248 3271 1255 3288 .
1274 3271 1280 3288 .
1299 3273 1306 3288 .
1324 3223 1494 3308 providere
1517 3225 1550 3289 in

216 3329 278 3396 hac
310 3339 403 3416 parte
435 3331 476 3397 de
500 3337 657 3417 oportuno
688 3330 831 3396 remedio
854 3330 1069 3415 dignaremur.
1116 3332 1185 3399 Nos
1215 3331 1326 3414 itaque
1348 3380 1355 3396 .
1379 3378 1386 3395 .
1409 3379 1416 3395 .
1440 3350 1550 3398 omnes

216 3457 318 3523 penas
341 3444 374 3503 ot
397 3437 625 3514 inhabilitates,
655 3437 683 3504 si
708 3458 788 3521 quas
810 3439 984 3524 posteritas
1007 3436 1165 3504 dictorum
1195 3437 1312 3504 civium
1335 3444 1369 3503 et
1392 3437 1439 3504 eis
1463 3438 1550 3504 circa

216 3544 277 3611 hec
300 3543 523 3612 adherentium
547 3565 588 3611 en
612 3546 776 3631 premissis
805 3565 861 3611 seu
887 3545 994 3629 aliquo
1019 3546 1269 3630 premissorum.
1288 3593 1295 3610 .
1313 3593 1320 3608 .
1338 3544 1497 3610 incurrit.
1515 3595 1522 3609 .
1540 3591 1548 3611 .

217 3651 356 3719 tollimus
379 3654 571 3718 auctoritate
594 3653 773 3738 apostolica
796 3659 829 3719 et
853 3653 951 3719 etium
974 3653 1148 3719 abolemus.
1196 3651 1239 3718 Et
1261 3653 1390 3738 insuper
1408 3700 1415 3717 .
1434 3701 1441 3718 .
1460 3699 1467 3719 .
1484 3650 1549 3719 dis·

216 3779 387 3843 pensamus
410 3780 482 3826 oum
499 3762 556 3844 eis,
581 3759 666 3843 quod
682 3759 837 3846 predictis
853 3761 945 3845 penis
961 3767 995 3826 et
1010 3759 1266 3826 inhabilitatibus
1280 3809 1288 3825 .
1303 3807 1310 3824 .
1326 3809 1333 3825 .
1347 3779 1548 3844 nequaquam

216 3867 418 3934 obstantibus
454 3867 557 3952 possit
589 3869 807 3953 imposterum,
846 3867 928 3934 alias
961 3875 1068 3934 tamen
1096 3868 1250 3934 canonice
1283 3865 1325 3933 ad
1356 3866 1485 3933 ordines
1517 3873 1550 3933 et

216 3973 374 4039 beneficia
390 3993 578 4058 quecunque
594 3973 817 4040 ecclesiastica
834 4024 841 4040 .
861 4023 868 4040 .
887 4027 892 4037 .
911 3995 950 4040 ac
967 3973 1010 4040 ad
1027 3975 1199 4059 religiones
1215 3992 1432 4058 quascumque
1448 3975 1550 4058 recipi

217 4087 250 4146 et
273 4080 479 4147 admitti...
515 4081 665 4147 Ceterum
699 4101 757 4166 per
780 4083 936 4168 premissa
968 4081 1064 4149 dictis
1087 4082 1225 4166 statutis,
1259 4081 1428 4165 quominus
1456 4082 1551 4147 aliter

216 4196 248 4253 et
272 4189 353 4254 alias
376 4190 409 4254 in
432 4190 480 4255 sui
505 4189 628 4254 roboris
651 4188 800 4255 efficacia
823 4195 1038 4274 perseverent,
1072 4208 1136 4254 non
1158 4187 1353 4256 intendimus
1381 4188 1548 4273 derogare.

215 4296 303 4364 Nulli
327 4317 415 4381 ergo.
462 4297 537 4362 Dat.
562 4296 607 4361 kl.
632 4298 761 4380 angusti
784 4317 813 4360 a.
840 4295 1091 4381 quartodecimo.

365 4403 437 4472 Ray.
458 4405 512 4456 115
527 4417 561 4472 p.
580 4402 617 4456 11
629 4402 653 4472 f.
673 4406 712 4456 34
730 4418 778 4456 ar.
799 4405 870 4458 1171
888 4405 917 4458 ot
935 4404 1007 4473 Rea.
1028 4403 1066 4457 96
1083 4417 1131 4456 ar.
1152 4403 1235 4458 3361.

323 4574 444 4641 1937.
471 4577 558 4640 1330
581 4575 714 4663 Aepuot
737 4580 769 4641 2.
798 4575 964 4664 Aoiprroa.

323 4717 482 4784 lohannes
505 4719 604 4784 XXII
627 4719 762 4785 Iohanni
787 4718 926 4786 Conradi
956 4719 996 4786 de
1021 4719 1200 4788 Wissenich
1225 4720 1343 4787 clerico
1368 4719 1436 4786 Col.
1465 4718 1549 4785 dioc.

316 4861 346 4931 a)
365 4863 441 4917 alias
460 4877 497 4917 ac
515 4877 572 4918 ms.
625 4862 658 4931 b)
677 4863 774 4918 dictes
792 4877 847 4919 mo.
