3642 5509
759 424 830 486 1330
848 428 967 486 Januar
987 423 1028 486 lb.
1509 430 1562 488 303

228 614 255 680 si
280 610 416 679 eundem
439 610 601 697 ydoneum
625 612 781 696 repererit
804 611 940 677 scientia
968 610 1108 676 moribus
1138 616 1235 693 atque
1258 612 1336 694 vita,
1372 612 1560 678 beneficium

228 720 482 786 ecclesiasticum
516 739 587 784 cum
611 739 688 785 cura
712 719 763 784 vel
787 720 856 783 sine
880 739 957 783 cura
986 725 1171 783 consuetum
1205 717 1331 784 clericis
1364 719 1561 786 secularibus

228 828 397 912 assignari,
422 829 512 893 cuius
536 827 669 910 fructus
694 825 721 892 si
746 846 816 892 curn
842 846 929 908 eura,
955 825 1081 910 viginti,
1106 824 1132 891 si
1158 846 1233 890 vero
1258 826 1328 891 sine
1352 845 1429 891 cura
1453 827 1560 912 luerit,

229 933 410 1018 quindecim
440 934 642 1000 marcharum
671 934 795 1018 argenti
821 955 845 1000 s.
872 939 894 998 t.
920 932 950 996 d.
977 933 1117 998 valorem
1141 954 1277 998 annuum
1303 953 1365 998 non
1389 934 1560 1016 excedunt,

228 1042 270 1108 ad
294 1041 538 1127 dispositionem
571 1042 734 1108 abbatisse
759 1048 792 1106 et
815 1046 992 1106 conventus
1024 1040 1209 1106 monasterii
1241 1040 1320 1106 dieti
1354 1046 1562 1109 communiter·

228 1150 281 1216 vel
305 1149 433 1216 divisim
457 1156 618 1235 spectans,
649 1170 711 1214 non
736 1149 885 1214 obstante
908 1147 994 1231 quod
1018 1147 1102 1213 idem
1127 1149 1348 1214 canonicatum
1374 1157 1406 1215 et
1429 1152 1562 1235 preben-

227 1257 300 1323 dam
325 1258 358 1322 in
382 1257 521 1323 ecclesia
543 1256 730 1322 monasterii
753 1256 905 1341 prelibati
929 1256 1061 1321 obtinet.

335 1364 487 1431 Volentcs
510 1384 679 1450 personam
704 1362 893 1429 dilecti...
941 1364 1016 1428 Dat.
1030 1363 1124 1429 Avin.
1149 1363 1262 1429 XVIII
1287 1363 1330 1428 kl.
1356 1365 1507 1431 februarii
1531 1389 1560 1434 a.

227 1472 479 1556 quartodecimo.

386 1625 460 1693 Ray.
479 1625 519 1678 93
535 1639 584 1678 or.
603 1625 669 1677 646.

332 1925 454 1992 1835.
486 1927 574 1990 1330
600 1927 739 1992 Joaoor
763 1927 815 1990 15.
849 1924 1014 2012 Acipnon.

333 2071 493 2135 Iohannes
516 2069 615 2134 XXII
652 2069 806 2134 Wilmaro
836 2068 878 2135 de
907 2067 1123 2153 Meylinheym
1152 2068 1236 2136 laico
1265 2068 1374 2136 Oolcn.
1405 2070 1489 2136 dloc.
1515 2091 1561 2137 re·

226 2185 334 2242 servat
367 2176 564 2262 prebendam
598 2197 654 2242 seu
688 2178 826 2241 officium
854 2177 982 2242 solitam
1007 2177 1058 2242 vel
1087 2177 1214 2242 solitum
1244 2176 1336 2243 laicis
1361 2178 1411 2243 vel
1435 2178 1561 2244 clericis

227 2286 408 2369 coniugatis
437 2286 605 2367 assignari,
638 2283 681 2349 ad
705 2283 948 2369 dispositionem
978 2283 1093 2348 decani
1122 2284 1558 2350 etcele1·ariieccl.Oolon.

227 2392 435 2456 communiter
459 2391 511 2457 vel
535 2390 662 2456 divisim
686 2392 859 2476 pertinens.

333 2498 428 2565 Sedis
451 2499 628 2585 apostolice
652 2501 876 2583 gratiosa...
925 2500 999 2564 Dat.
1026 2499 1120 2565 Avin.
1145 2499 1258 2564 XVIII
1281 2499 1327 2565 kl.
1351 2501 1506 2566 februarii
1529 2522 1559 2566 a.

227 2605 479 2688 quartodecimo.

332 2714 371 2778 In
394 2734 421 2781 e.
448 2737 489 2781 m.
523 2716 687 2801 preposito
710 2715 906 2781 Xanctensis
934 2721 966 2780 et
990 2713 1113 2780 decano
1137 2714 1317 2780 Bonnensis
1339 2715 1449 2781 Oolon.
1474 2713 1558 2784 dioc.

227 2842 266 2887 ae
289 2822 444 2907 magistro
468 2823 588 2889 Iacobo
612 2821 653 2888 de
676 2822 801 2888 Mutina
823 2822 994 2890 scolastico
1019 2823 1179 2889 Tullensis
1203 2823 1420 2889 ecclesiarum.

386 2965 459 3036 Ray.
479 2963 516 3019 95
535 2980 584 3020 nr.
602 2968 667 3019 444.

333 3319 453 3391 1836.
480 3325 568 3388 1330
590 3323 729 3390 Janoor
755 3323 806 3388 17.
830 3319 996 3407 Acipnoo.

332 3465 491 3531 Iohannes
516 3465 617 3531 XXII
640 3465 885 3551 archiepiscopo
910 3465 1092 3531 Coloniensi
1117 3463 1258 3531 destinat
1281 3464 1416 3546 litteras,
1445 3465 1558 3547 quibus

224 3573 254 3637 ei
280 3572 422 3648 nunciat,
456 3593 491 3639 se
524 3572 687 3638 destinare
721 3573 843 3639 civibus
867 3572 1111 3638 coloniensibus
1140 3572 1275 3655 aliisque
1304 3571 1452 3637 fidelibus
1484 3573 1560 3637 civi*

225 3679 302 3745 tatis
335 3678 473 3745 diocesis
497 3700 536 3744 ac
560 3681 726 3764 provincie
749 3680 948 3746 Coloniensis
982 3679 1062 3746 alias
1091 3679 1225 3756 litteras,
1260 3677 1459 3761 eundemque
1489 3677 1560 3744 bor·

224 3791 320 3868 tatur,
345 3788 495 3868 quatinus
518 3793 584 3850 tam
608 3785 729 3851 eisdem
753 3786 879 3852 civibus
902 3806 997 3868 quam
1022 3786 1094 3852 aliis
1119 3787 1261 3853 civitatis
1284 3785 1423 3852 diocesis
1439 3794 1471 3851 et
1487 3806 1558 3872 pro-

224 3893 329 3958 vincie
354 3893 554 3959 coloniensis
577 3892 726 3959 fidelibus
749 3912 910 3978 exponere
935 3913 997 3958 non
1019 3894 1146 3958 omittat
1162 3893 1305 3979 pericula
1320 3913 1444 3959 necnon
1460 3913 1560 3979 penas

224 4001 341 4083 varias,
376 3999 501 4083 quibus,
534 4000 561 4064 si
593 3999 759 4065 Ludovieo
788 3999 829 4066 dc
853 4001 993 4065 Bavaria
1017 3998 1058 4065 ad
1082 4006 1191 4086 partes
1215 4000 1404 4066 Alamannie
1428 4020 1463 4066 se
1487 4020 1559 4066 con-

224 4105 308 4172 ferre
331 4126 388 4172 seu
411 4106 487 4172 illuc
511 4127 586 4172 suos
610 4105 764 4172 officiales
787 4107 925 4173 vicarios
950 4113 982 4172 et
1006 4107 1166 4174 ministros
1191 4106 1354 4174 destinare
1378 4107 1559 4193 disponenti

223 4213 373 4279 faverent
396 4219 452 4278 aut
475 4212 668 4279 adhererent
691 4233 748 4279 seu
771 4220 975 4299 receptcrcnt
998 4214 1139 4296 eosdem,
1163 4233 1198 4279 se
1221 4214 1430 4281 involverent.

331 4319 415 4398 Quia
438 4320 522 4386 sicut
545 4321 672 4388 noviter
694 4320 897 4388 Intellimus.
928 4371 935 4387 .
965 4371 972 4387 .
1018 4323 1095 4387 Dat.
1120 4321 1214 4387 Avin.
1238 4321 1317 4386 XVI
1341 4321 1384 4386 kl.
1408 4321 1559 4388 februarii

225 4426 476 4507 quartodecimo.

330 4535 369 4599 In
399 4555 428 4601 e.
453 4557 493 4601 m.
526 4535 717 4620 Mogontino
747 4543 780 4602 et
810 4535 1038 4621 Salzburgensi
1068 4535 1319 4623 archiepiscopis
1348 4543 1380 4602 et
1407 4537 1560 4624 episcopo

223 4642 460 4727 Argentinensi.

373 4779 447 4850 Req.
467 4782 521 4834 115
538 4795 586 4850 pa
606 4780 643 4833 II
654 4779 679 4850 f.
700 4781 755 4835 161
771 4797 818 4837 nr.
838 4783 933 4850 1915‚·
951 4781 1002 4838 Ra.
1023 4782 1099 4838 1249
1121 4798 1168 4838 nr.
1184 4785 1208 4838 1.
