3642 5509
787 481 855 536 1330
873 479 946 536 Juni
967 479 1008 536 38.
1516 479 1569 537 att

230 659 298 724 auri
324 680 394 725 cum
419 659 553 726 dimidia
577 660 618 726 ad
643 681 756 727 uranus
779 668 904 726 vestras
934 662 1061 726 nomine
1090 681 1216 726 camere
1245 661 1391 746 predicte
1419 661 1567 747 recipere

230 766 328 833 etad
353 769 455 852 ipsam
480 767 560 834 dicti
584 766 852 834 commendatoris
880 767 1053 853 expenlsis]
1085 776 1118 833 et
1139 769 1283 854 periculo
1307 768 1444 835 fideliter·
1468 769 1565 835 desti·

229 895 307 940 nare
330 876 460 959 curetis,
484 875 736 941 contradictores
761 875 922 958 quoslihet
946 883 978 940 et
1001 875 1139 942 sebcllcs
1160 929 1167 944 .
1186 926 1193 940 .
1213 925 1219 940 .
1242 896 1300 961 per
1324 896 1490 941 censuram
1514 897 1564 942 ec-

230 983 443 1049 clesiasticam
476 984 693 1068 appellatione
725 983 907 1067 postposita
940 981 1185 1068 compescendo,
1216 981 1366 1050 invocato
1391 991 1449 1049 etc.
1480 1033 1487 1048 .
1518 1031 1524 1045 .
1558 1033 1565 1049 .

230 1090 305 1155 Dat.
330 1091 397 1155 IlIl
420 1089 465 1154 kl.
490 1090 559 1156 iulii
582 1111 611 1155 a.
638 1088 892 1172 quartodecimo.

383 1215 456 1283 Rep.
476 1217 531 1267 115
545 1230 594 1284 ps.
615 1213 651 1268 ΙΙ
667 1214 692 1284 f.
711 1216 763 1268 157
781 1229 829 1268 nr.
849 1216 941 1284 1890;
968 1217 1018 1272 Re.
1040 1218 1122 1271 1335.

337 1482 454 1548 1018.
480 1483 568 1546 1330
594 1482 681 1548 Jani
705 1484 761 1546 28.
792 1481 983 1567 (Aoipnon.)

336 1625 496 1692 Iohannes
521 1623 619 1690 XXII
655 1623 859 1709 Heynderico
893 1624 927 1688 S.
952 1624 1100 1691 Severini
1133 1632 1165 1690 et
1198 1625 1233 1692 S.
1263 1625 1419 1692 Gereonio
1454 1625 1563 1692 Calon.

229 1734 400 1818 prepositis
423 1753 463 1799 ac
479 1731 679 1798 Godescalco
696 1731 737 1797 de
754 1731 905 1815 Bar-begh
930 1731 1102 1799 scolastico
1120 1733 1299 1799 Bonnensis
1323 1734 1402 1799 cccl.
1420 1733 1562 1817 mandat,

230 1841 379 1924 quatinus
412 1841 453 1906 ab
486 1841 656 1905 exactione
688 1839 849 1904 fructuum
883 1840 977 1924 primi
1006 1840 1081 1904 anni
1106 1840 1329 1906 beneficiorum
1354 1862 1374 1906 a
1396 1861 1484 1927 pape
1507 1861 1564 1926 per

229 1968 287 2033 per
310 1948 482 2014 triennium
498 1967 625 2013 camere
642 1946 819 2031 apostolice
835 1953 1069 2014 reservatorum
1094 1947 1325 2032 supersedeant
1348 1948 1381 2012 in
1397 1949 1563 2034 provincia

229 2055 422 2131 Coloniensi,
447 2075 612 2138 quousque
636 2053 723 2120 aliud
748 2057 780 2119 in
804 2054 967 2120 mandatis
990 2055 1181 2140 receperint.

336 2162 465 2228 Dudum
489 2183 546 2248 pro
571 2163 707 2228 ecclesie
730 2162 873 2250 Romane
890 2216 898 2231 .
918 2213 951 2228 ..
997 2163 1075 2230 Dat.
1101 2170 1255 2251 utsupra
1280 2163 1410 2245 (=Illl
1427 2161 1472 2228 kl.
1497 2162 1564 2228 iulii
1669 2187 1675 2194 ·

229 2291 259 2336 a.
284 2270 535 2354 quartodecimo.

388 2401 461 2469 Rep.
480 2401 534 2454 115
551 2399 577 2468 f.
598 2400 660 2455 168¹
678 2416 725 2453 nr.
746 2399 840 2466 189ae
858 2400 910 2456 aa.
925 2401 1011 2455 1336.

336 2670 452 2737 lale.
483 2673 571 2736 1330
594 2672 671 2739 Jaii
696 2675 724 2736 1.
759 2671 926 2757 Aoipnon.

336 2816 504 2881 Iohannes
538 2816 648 2880 XXII
683 2817 931 2901 archiepiscopo
968 2813 1157 2882 Coloniensi
1191 2825 1221 2882 et
1254 2817 1407 2902 episcopo
1437 2816 1564 2903 Arpan-

230 2923 352 2987 tinensi
385 2925 542 3005 mandat,
573 2925 733 3008 quatinus
767 2924 853 2988 ciues
881 2923 1100 3008 Mapnntinos
1133 2926 1175 2989 ab
1209 2925 1564 2990 accommanicationis

229 3033 394 3094 cente-ntia
426 3031 568 3114 aliisque
602 3031 777 3096 0110010001
807 3032 918 3115 penis,
951 3053 1035 3116 qaas
1068 3033 1285 3097 incurrerant
1316 3053 1360 3096 eac
1394 3052 1441 3107 eo,
1474 3029 1563 3115 qaod

228 3139 469 3203 monasteriam
501 3137 536 3203 S.
567 3137 693 3203 Albani
727 3146 757 3203 et
790 3139 964 3204 ecclesiam
997 3140 1175 3224 domosque
1209 3139 1244 3204 S.
1281 3139 1424 3204 Victoris
1454 3157 1561 3223 prope

229 3265 344 3309 maros
366 3246 512 3311 civitatis
534 3245 680 3311 cithatas
704 3247 893 3323 diruerant,
918 3269 982 3332 qno
1006 3248 1126 3312 melias
1149 3248 1191 3312 ab
1216 3245 1465 3331 archiepiscopo
1489 3247 1564 3311 Pre-

228 3353 359 3416 aerensi
390 3354 436 3417 ad
468 3355 718 3438 occupationem
746 3354 1055 3440 (archiepiscopatus
1085 3353 1280 3440 Mapantini
1309 3361 1431 3418 temere
1460 3354 1564 3418 inten-

230 3458 326 3523 dente
349 3461 492 3544 aliisque
515 3461 723 3527 adversariis
739 3462 880 3526 Henrici
903 3462 1148 3546 archiepiscopi
1164 3462 1359 3548 Mapantini
1382 3461 1564 3546 defendere

223 3573 363 3650 possent
379 3569 556 3646 civitatem,
581 3569 731 3654 qnodque
749 3590 917 3653 personas
935 3570 1175 3634 ecclesiasticas
1191 3570 1227 3634 in
1243 3569 1342 3633 dictis
1358 3569 1562 3633 monasterio

230 3674 443 3760 domibusqae
475 3676 664 3741 habitantes
702 3676 898 3741 lheoerensi
931 3678 1182 3762 archiepiscopo
1216 3676 1415 3742 adherentes
1448 3676 1566 3761 capai-

229 3789 327 3847 erant
351 3790 381 3849 et
405 3785 597 3848 verberibus
619 3783 877 3867 uolneribusque
900 3785 1097 3870 affecerant.

336 3897 506 3981 [lohannes
522 3895 634 3986 XXII]
652 3898 899 3985 archiepiscopo
917 3898 1098 3965 0010010001
1116 3904 1148 3964 01
1166 3899 1316 3985 00100000
1330 3897 1566 3982 Argentinensi.

336 4006 535 4070 Dilectorum
560 4005 695 4069 filiorum
713 4054 746 4071 ..
772 4007 940 4070 camerarii
965 4026 1004 4071 ac
1028 4006 1156 4071 sculteti
1180 4025 1303 4071 necnon
1328 4004 1469 4070 iudicum
1495 4025 1567 4072 oon-

229 4113 331 4178 sulum
355 4118 596 4196 ceterorumque
622 4113 739 4177 civium
763 4120 795 4177 et
817 4113 991 4178 incolarum
1010 4112 1151 4178 civitatis
1167 4113 1356 4196 Maguntine
1379 4112 1568 4178 transmissa

228 4220 321 4285 nohis
352 4218 567 4285 insinuatione
600 4220 813 4304 percepimus,
848 4219 934 4302 quod
968 4218 1087 4284 drrdum
1121 4220 1182 4304 ipsi
1218 4219 1305 4284 circa
1329 4217 1422 4283 finem
1448 4219 1567 4284 mensis

229 4327 298 4391 iulii
321 4346 377 4392 seu
410 4327 601 4412 principium
635 4326 753 4392 mensis
787 4328 916 4411 augusti
950 4328 1094 4412 proxime
1118 4327 1344 4411 preteritorum
1462 4331 1568 4391 atten-

229 4433 351 4517 dentes,
386 4433 470 4516 quod
504 4434 655 4499 nonnulle
689 4454 824 4519 persono
857 4434 1076 4499 ecclesiastice
1104 4433 1251 4499 faventes
1274 4432 1450 4498 venerabili
1475 4431 1570 4498 fratri

230 4549 337 4607 nostro
448 4540 692 4626 archiepiscopo
717 4541 909 4607 Treverensi
934 4539 976 4605 ad
1001 4541 1246 4625 occupationem
1271 4539 1567 4625 archiepiscopatus

229 4647 409 4730 Magantini
443 4653 562 4713 temere
594 4647 773 4714 intendenti
804 4669 843 4713 ac
872 4647 1116 4712 inhobedientes
1141 4647 1316 4712 venerabili
1340 4646 1433 4711 fratri
1457 4653 1565 4713 nostro

231 4804 238 4818 .
258 4803 265 4818 .
282 4753 423 4820 Henrico
441 4755 685 4841 archiepiscopo
702 4756 890 4839 Mar-grintina
916 4754 1080 4837 favebant,
1105 4759 1139 4818 01
1155 4753 1266 4819 favere
1290 4760 1452 4839 poterant,
1472 4773 1568 4838 super

230 4861 442 4947 occupatione
464 4861 610 4947 predicta
626 4861 761 4928 eundem
779 4861 1058 4948 archiepiscopum
1075 4861 1303 4928 Treverenscm
1318 4863 1352 4943 (l)
1377 4866 1409 4928 et
1434 4858 1566 4927 adhere-
