3642 5509
329 379 384 436 682
910 381 980 436 1328
999 381 1058 436 Mai
1077 379 1119 435 14.

436 564 555 630 2397
578 563 727 648 (rosea).
757 565 844 627 1328
865 585 923 628 um
948 563 1022 628 Mai
1047 565 1114 626 14.ι
1140 561 1333 648 (Aoipaoa.)

441 704 627 770 Heidenrici
652 705 808 789 prepositi
832 703 863 769 S.
891 704 1040 769 Severini
1066 704 1265 770 Coloniensis
1288 704 1492 791 supplicatio.

442 814 479 877 ln
503 820 589 877 terra
612 813 780 878 allemanie
812 813 909 897 pauci
943 819 1016 877 sunt
1050 812 1240 877 tabelliones
1269 814 1462 878 anctoritate
1485 815 1664 899 apostolica.

332 929 365 985 et
388 921 441 1003 qui
466 929 540 984 sunt
563 921 756 985 auctoritate
780 920 955 1004 imperiali,
980 918 1119 984 reddunt
1142 939 1177 984 se
1201 918 1355 985 difficiles
1378 921 1409 984 in
1434 923 1666 986 executionibns

334 1049 540 1112 processuum
565 1030 749 1094 emissorum
774 1027 946 1092 faciendis.
993 1026 1087 1094 Unde
1111 1028 1136 1092 si
1159 1027 1301 1111 placeret
1326 1027 1455 1094 domino
1479 1039 1596 1112 nostro,
1620 1051 1665 1093 er-

331 1134 468 1220 pediret,
504 1143 538 1200 ut
571 1134 662 1200 daret
696 1134 944 1219 archiepiscopo
970 1133 1151 1200 Coloniensi
1182 1136 1405 1200 auctoritatem
1436 1135 1565 1200 creandi
1594 1135 1667 1200 duos

332 1244 381 1307 vel
416 1252 481 1308 tres
515 1243 706 1308 tabelliones
738 1242 919 1327 apostolica
954 1243 1158 1307 auctoritate.
1213 1242 1305 1306 Tunc
1328 1243 1448 1326 eligere
1472 1253 1581 1327 posset
1604 1263 1666 1326 per-

333 1370 438 1429 sonas,
463 1370 524 1432 que
548 1357 760 1434 congruerent
783 1369 840 1434 pro
865 1349 1069 1434 processibus
1098 1349 1302 1433 publicandis
1326 1357 1358 1414 et
1382 1369 1445 1432 qne
1468 1357 1575 1415 essent
1598 1361 1666 1434 apte

332 1457 373 1523 ad
398 1455 536 1521 eundum
559 1455 602 1521 ad
626 1455 755 1521 diversa
777 1457 859 1538 loca,
884 1456 959 1538 quia
983 1455 1057 1519 dum
1082 1456 1164 1521 alias
1191 1475 1360 1540 processus
1376 1455 1500 1540 priores
1515 1457 1665 1542 publicari

332 1563 505 1642 debebant,
528 1564 561 1627 in
584 1562 705 1629 diocesi
731 1571 763 1627 et
785 1564 955 1648 provincia
972 1563 1154 1629 Coloniensi
1179 1563 1211 1628 in
1236 1562 1298 1628 biis
1320 1563 1467 1629 deiectus
1483 1563 1666 1629 habebatur.

483 1687 597 1742 Cedulo
612 1689 761 1742 cartaceo.
782 1689 937 1742 lustrum.
947 1686 1069 1742 miscell.
1081 1689 1201 1742 Armor.
1216 1687 1244 1742 C.
1253 1688 1464 1757 insciti-875
1484 1688 1513 1743 C.
1523 1687 1666 1742 Schrrolm

481 1777 516 1832 in
537 1777 634 1832 Neues
652 1777 764 1831 Arabio
783 1779 878 1843 XXV,
898 1778 963 1831 742.

327 2001 331 2009 '
437 2018 576 2085 *asos
598 2021 765 2101 irrasos).
801 2022 887 2084 1329
911 2021 1011 2083 oran
1034 2021 1065 2082 o.
1086 2017 1252 2104 Aapaoa.

437 2167 529 2227 Anno
560 2161 706 2246 predicto
740 2161 827 2243 [acii.
852 2160 1095 2245 MCCCXXIX]
1130 2160 1183 2224 die
1208 2159 1253 2225 VI
1277 2161 1386 2226 marcii
1420 2161 1549 2224 inerunt
1578 2161 1668 2224 misse

332 2290 389 2355 per
406 2270 573 2351 laquetum
601 2278 632 2332 ct
658 2268 851 2334 lacobellum
876 2287 1022 2332 cursores
1048 2268 1152 2332 littere
1177 2268 1352 2352 apostolice
1377 2267 1593 2351 infrascripta,
1610 2286 1667 2330 nna

332 2376 485 2442 videlicet
520 2377 630 2442 abbati
671 2374 859 2440 monasterii
896 2373 937 2439 de
961 2375 1121 2440 Helbraco
1157 2374 1290 2440 Cisterc.
1326 2374 1393 2440 ord.
1430 2373 1667 2458 Herbipolensis

334 2485 418 2550 dioc.
443 2484 577 2559 directa,
613 2484 732 2565 inqua
768 2481 942 2566 deputatur
978 2481 1065 2546 sedis
1102 2483 1279 2566 apostolice
1308 2483 1441 2547 nuncius
1471 2482 1667 2566 inpartibus

334 2591 502 2656 Alamanie
536 2589 578 2655 ad
613 2599 738 2675 partem
774 2590 961 2654 orientalem
1003 2589 1044 2654 ad
1083 2590 1275 2674 exigendum
1312 2597 1344 2654 et
1378 2588 1595 2673 recipiendum
1631 2589 1667 2652 ab

334 2699 505 2765 abbatibus
529 2697 607 2761 dicti
632 2697 752 2762 ordinis
776 2696 942 2762 dimidiam
970 2696 1127 2763 decimam
1153 2717 1210 2782 per
1230 2695 1373 2762 ordinem
1393 2696 1525 2761 Oisterc.
1543 2695 1668 2760 domino

334 2813 443 2870 nostro
466 2825 551 2889 pape
576 2805 764 2888 promissum
788 2805 821 2869 in
844 2804 1024 2870 subsidium
1051 2814 1163 2870 contra
1188 2804 1321 2870 rebelles
1338 2803 1484 2884 ecclesie,
1509 2805 1585 2867 item
1610 2803 1668 2866 alia

333 2913 444 2977 abbati
477 2913 660 2977 monasterii
693 2911 734 2978 de
765 2913 886 2996 Campo
924 2911 1004 2976 dicti
1033 2912 1155 2977 ordinis
1179 2911 1289 2976 Colon.
1314 2911 1409 2992 dioc,
1434 2911 1465 2974 in
1491 2931 1553 2992 qua
1577 2909 1668 2976 simili

333 3018 428 3084 modo
452 3018 625 3104 deputatur
649 3021 782 3085 nuncius
807 3021 837 3083 in
867 3017 1014 3103 partibus
1031 3019 1198 3082 Alamauie
1216 3017 1256 3082 ad
1280 3027 1402 3103 partem
1427 3016 1667 3082 occidentalem.

485 3127 611 3194 ibapm.
641 3124 714 3180 libri
743 3140 861 3179 comere
886 3123 1058 3194 apostolice.
1096 3123 1196 3178 Paris.
1226 3123 1304 3178 Bibl.
1331 3127 1394 3178 nat.
1424 3139 1479 3176 ms.
1507 3121 1596 3176 latin.
1624 3139 1667 3175 ar.

486 3216 602 3285 41917‘.
620 3219 663 3268 ar.

443 3485 582 3551 *2399
607 3486 770 3565 (utura).
802 3488 887 3549 1329
914 3488 1011 3550 Μανῆ
1035 3488 1088 3548 24.
1112 3487 1276 3571 Aoipaore.

442 3629 502 3692 llic
526 3627 659 3692 XXllll
682 3629 802 3692 mensis
837 3627 948 3691 marcii
973 3625 1014 3692 de
1039 3649 1122 3694 auno
1147 3627 1293 3712 predicto
1318 3629 1401 3712 [scil.
1426 3625 1668 3708 MOCCXXIX]

333 3736 463 3799 inerunt
479 3732 598 3798 tradite
614 3732 743 3798 domino
760 3729 965 3820 R[aimu]ndo
990 3733 1031 3799 de
1050 3734 1240 3800 Valleaurea
1256 3735 1319 3801 due
1344 3736 1449 3800 littere
1464 3735 1668 3818 infrascripto

333 3861 391 3926 per
422 3843 517 3906 istum
551 3840 708 3927 portende
732 3841 775 3906 ad
804 3840 965 3906 dominum
991 3843 1121 3907 Petrum
1148 3842 1304 3925 Guigonis
1328 3841 1369 3906 de
1393 3842 1593 3908 Castronovo
1619 3861 1668 3905 cs·

333 3949 482 4014 nonicum
496 3949 726 4032 vivariensem,
751 3950 783 4014 in
801 3968 934 4031 quarum
958 3970 1021 4014 una
1046 3951 1250 4014 continetur.
1271 3999 1277 4012 .
1296 3998 1303 4013 .
1321 3951 1398 4014 item
1423 3948 1455 4013 in
1479 3949 1543 4012 alia
1564 3947 1667 4012 eidem

333 4054 461 4120 domino
488 4055 583 4121 Petro
607 4056 731 4120 directa
755 4055 925 4120 mandatur
948 4057 1020 4136 sibi,
1051 4056 1136 4138 quod
1163 4077 1284 4122 ommes
1307 4064 1341 4121 et
1363 4055 1505 4139 singulos
1529 4055 1669 4138 prelatos

334 4169 367 4228 et
396 4182 550 4246 personas
583 4164 821 4228 ecclesiasticas
844 4163 1053 4228 Treverensis
1076 4169 1109 4226 et
1134 4164 1300 4228 Bisontiue
1333 4161 1579 4248 provinciarum,
1617 4161 1668 4242 qui

334 4269 502 4334 noluerunt
534 4270 653 4334 oiierre
683 4269 857 4334 subsidium
883 4269 1011 4334 domino
1036 4277 1145 4334 nostro
1170 4291 1265 4354 pape,
1300 4270 1442 4352 requirat
1465 4277 1498 4334 et
1527 4269 1671 4333 hortetur

334 4385 369 4440 ut
404 4377 555 4457 offerant,
592 4376 829 4441 certificaturus
865 4377 999 4442 eundern
1037 4376 1200 4442 dominum
1237 4385 1378 4444 nostrum
1414 4376 1455 4442 de
1490 4377 1670 4441 nominibus

334 4482 552 4548 obedientium
578 4490 610 4547 et
633 4483 894 4549 inobedientium.

435 4679 461 4739 1)
481 4676 559 4731 Huic
570 4679 634 4732 iere
647 4682 774 4747 tempori
785 4682 889 4735 censui
899 4687 1076 4748 sequentem
1091 4680 1342 4749 supplicationem
1357 4695 1423 4734 esse
1436 4677 1660 4732 attribuendam

336 4767 422 4837 Cous.
441 4781 488 4820 nr.
510 4769 581 4820 1481
601 4768 628 4820 et
647 4769 726 4821 1482.
