3642 5509
282 390 336 446 520
854 389 923 444 1337
940 388 1004 444 tuli
1024 389 1065 443 13.

388 595 521 661 2289.
552 598 637 661 1337
667 595 743 662 Juli
768 597 819 660 13.
843 592 1008 681 Aoiqnon.

389 740 594 804 Benedictus
619 739 695 802 XII
722 739 794 823 rept
817 739 1029 802 Francorum
1058 739 1208 820 nunciat,
1242 738 1331 823 quod
1359 737 1554 803 Gelrensem
1583 741 1614 798 et

282 845 507 911 Iuliocenaenr
532 847 666 912 comites
689 865 757 910 non
781 845 922 910 absolvit
946 866 968 910 o
991 846 1192 912 iuramentis
1213 845 1399 933 fidelitatis,
1423 845 1542 928 quibus
1561 843 1614 907 itti

281 957 361 1018 aunt
384 953 526 1018 astricti.

388 1093 606 1182 [Benedictus]
632 1094 736 1161 eidem
762 1094 936 1181 [Philippo]
961 1096 1032 1180 regi
1057 1095 1203 1162 Francie.

387 1202 582 1287 Suggestum
606 1202 675 1286 tibi,
699 1202 744 1268 fili
769 1204 942 1285 carissime,
974 1202 1015 1268 ab
1039 1202 1200 1285 aliquibus
1223 1203 1293 1269 iore
1316 1202 1532 1268 intelleximus
1554 1200 1615 1266 biis

280 1308 405 1392 diebus,
430 1310 513 1393 quod
539 1331 597 1376 nos
615 1362 621 1375 .
641 1360 674 1374 ..
706 1309 914 1376 Guelrensem
938 1317 971 1376 et
987 1309 1197 1407 Iuliacenpem
1221 1312 1354 1376 comites
1376 1308 1616 1375 absolveremus

280 1417 508 1484 ainramentis
531 1416 698 1484 fidelitatis
733 1425 765 1482 et
798 1417 879 1502 aliis,
916 1419 1030 1501 quibus
1066 1424 1121 1482 tue
1154 1417 1336 1484 celsitudini
1372 1424 1445 1482 sunt
1480 1414 1614 1495 astricti,

281 1522 430 1608 quodque
454 1523 583 1607 quidam
608 1527 777 1610 episeopus
801 1525 957 1609 Anglicns
980 1533 1125 1610 repertus
1153 1526 1187 1589 in
1211 1523 1399 1609 Burgundia
1422 1524 1474 1588 vel
1496 1521 1615 1587 Lotba-

280 1631 386 1715 ringis
409 1632 522 1708 tuerat,
548 1633 602 1715 qui
626 1634 751 1698 litteras
776 1639 900 1698 nostras
917 1632 1113 1718 apostolicas
1130 1681 1137 1696 .
1157 1682 1188 1696 ..
1229 1631 1390 1698 Eduardo
1414 1631 1484 1714 regi
1499 1628 1616 1712 Anglie

280 1738 396 1804 illustri
420 1738 561 1805 directas
593 1741 755 1825 portabat,
791 1759 937 1806 asserens
972 1738 1071 1805 nichil
1108 1758 1203 1824 posse
1238 1739 1299 1804 sibi
1324 1759 1432 1803 earnm
1468 1739 1616 1815 existere,

281 1844 453 1911 dummodo
469 1867 532 1910 non
549 1848 749 1932 aperirentur
765 1847 871 1913 littere
887 1845 1078 1923 huiusmodi,
1092 1845 1194 1911 donee
1212 1843 1255 1911 ad
1271 1866 1379 1930 regem
1396 1844 1617 1931 pervenissent

280 1952 472 2039 predictum.
524 1954 610 2020 Sane
646 1956 769 2035 regiam
805 1955 1027 2020 excellentiam
1064 1953 1210 2019 volumus
1245 1952 1463 2018 indubitanter
1496 1958 1616 2033 tenere,

281 2059 366 2143 quod
390 2080 487 2145 super
510 2062 710 2127 relaxatione
733 2062 785 2128 vel
811 2062 1011 2127 absolutione
1043 2063 1292 2127 iuramentorum
1317 2059 1533 2147 predictorum
1556 2078 1616 2123 nec

280 2187 338 2252 per
360 2167 448 2252 ipsos
465 2170 597 2235 comites
615 2171 665 2235 vel
688 2189 746 2254 per
770 2189 877 2234 eorum
894 2168 1029 2234 alterum
1053 2189 1113 2234 nec
1136 2189 1194 2254 per
1210 2169 1290 2234 alios
1306 2169 1412 2233 verbis
1435 2166 1487 2234 vel
1503 2166 1617 2232 litteris

280 2274 372 2340 nobis
390 2275 498 2340 extitit
521 2275 746 2361 supplicatum,
771 2275 855 2358 quod
880 2277 907 2341 si
924 2275 1044 2340 iactum
1066 2275 1193 2351 lumset,
1216 2295 1417 2358 nequaquam
1442 2273 1617 2340 audivisse-

281 2401 351 2447 mus
384 2381 523 2464 aliquem
548 2383 599 2448 vel
632 2383 757 2465 aliquos
792 2389 884 2467 parte
919 2383 1010 2466 regia
1043 2403 1107 2448 non
1140 2388 1288 2448 vocata.
1315 2431 1355 2447 ..
1403 2383 1453 2447 De
1488 2380 1616 2466 prelato

187 2569 189 2576 Α
280 2494 387 2553 autem
423 2488 574 2574 episcopo
599 2488 745 2572 dicimus,
780 2488 878 2572 quod,
910 2497 1005 2574 prout
1029 2510 1049 2553 a
1072 2489 1266 2555 cancellaria
1288 2497 1397 2556 nostra
1431 2487 1611 2563 didicimus,

281 2594 365 2660 idem
391 2596 571 2680 episcopus,
608 2597 661 2678 qui
689 2617 747 2681 per
771 2595 892 2662 dietum
929 2615 1038 2680 regem
1062 2597 1181 2681 Anglie
1205 2597 1366 2662 molestari
1392 2595 1560 2661 dicebatur
1582 2595 1615 2659 in

283 2704 349 2769 suis
372 2710 404 2768 et
427 2703 563 2772 ecclesie
599 2723 655 2769 sue
679 2703 811 2782 iuribus,
844 2703 970 2770 litteras
1003 2711 1129 2769 nostras
1165 2703 1490 2770 recommendatorias
1521 2722 1617 2787 super

283 2809 346 2875 hoc
370 2808 413 2875 ad
429 2829 538 2893 regem
561 2811 667 2895 ipsum
684 2811 832 2893 obtinuit,
857 2830 937 2893 quas
953 2830 1061 2876 secum
1085 2811 1220 2876 forsitan
1238 2811 1413 2877 deferebat.
1449 2810 1618 2878 Nescimus

283 2923 400 2992 tamen,
425 2918 452 2982 si
474 2936 574 3002 penes
597 2919 700 3002 ipsum
724 2917 775 2982 rel
800 2918 930 3000 quosvis
953 2917 1034 2983 alios
1065 2917 1147 2984 false
1169 2920 1370 3004 reperiantur
1392 2918 1509 2999 littere,
1541 2915 1618 2999 quia

283 3023 470 3106 frequenter
493 3022 641 3089 audimus
670 3023 820 3090 falsarios
842 3025 1020 3090 litterarum
1045 3031 1223 3090 nostrarum
1257 3026 1290 3089 in
1314 3024 1451 3090 diversis
1473 3024 1617 3108 partibus

283 3129 426 3215 reperiri.
474 3131 701 3197 Verumtamen
734 3152 804 3197 cum
834 3131 1080 3217 intercipiuntur
1106 3131 1187 3197 false
1221 3133 1337 3212 littere,
1373 3131 1415 3198 de
1449 3131 1542 3197 facili
1565 3151 1616 3197 co·

283 3244 481 3322 gnoscuntur
496 3240 692 3321 etmaxime,
718 3260 788 3305 cum
805 3259 914 3307 omnes
938 3246 971 3305 et
987 3240 1114 3324 singule
1136 3240 1243 3306 littere
1267 3246 1334 3306 tam
1350 3246 1499 3325 patentes
1522 3259 1616 3322 quam

284 3345 403 3424 clause,
437 3365 498 3429 qne
522 3367 579 3432 per
602 3353 741 3432 postram
768 3367 926 3412 cameram
951 3353 1129 3430 transeunt,
1161 3348 1372 3432 registrentur
1396 3397 1403 3412 .
1430 3396 1470 3411 ..
1517 3348 1616 3412 Porro

283 3451 419 3537 prefatis
451 3455 519 3536 regi
547 3455 670 3539 Angue,
708 3454 817 3520 comiti
850 3454 1021 3520 luliacensi
1059 3460 1092 3519 et
1123 3453 1290 3521 Ludovico
1323 3453 1365 3520 de
1389 3455 1529 3520 Bavaria
1560 3473 1619 3539 per

284 3557 428 3625 diversas
451 3568 577 3626 nostras
600 3560 766 3626 scribimus
790 3560 925 3644 litteras,
956 3581 1089 3645 quarum
1113 3568 1240 3627 tenores
1263 3563 1369 3627 nuncii
1394 3562 1439 3626 tui
1463 3563 1550 3627 missi
1574 3560 1616 3626 ad

284 3667 480 3751 presentiam
503 3674 643 3733 nostram
669 3667 840 3734 novissime
864 3667 954 3753 regie
980 3668 1164 3735 eelsitudini
1185 3668 1390 3735 exhibebunt.
1427 3669 1503 3734 Dat.
1521 3669 1615 3734 Avin.

286 3773 336 3839 ΙΙΙ
359 3772 431 3840 idus
455 3775 522 3839 iulii
547 3795 576 3840 a.
601 3775 711 3840 tercio.

445 3899 522 3970 Beq.
541 3898 597 3953 132
614 3897 638 3967 f.
659 3900 705 3952 ὅθ’
724 3915 773 3953 nr.
792 3901 866 3967 tam
885 3901 938 3955 Ba.
958 3902 1039 3955 taes.

390 4189 520 4255 anco.
546 4191 632 4257 1337
655 4190 732 4256 sure
755 4191 808 4255 20.
833 4188 1000 4276 neuun

391 4331 597 4399 Benedictus
622 4334 699 4397 XII
730 4333 900 4399 Ludovico
934 4334 974 4398 de
998 4333 1153 4399 Bovario
1184 4336 1364 4419 respondet
1395 4335 1442 4400 od
1473 4355 1523 4415 ec,
1556 4355 1618 4418 que

284 4439 352 4524 nisi
375 4441 565 4505 retulerunt
589 4441 764 4525 Repertus
795 4442 870 4506 dun
903 4441 1053 4506 Bouario
1087 4448 1118 4505 et
1141 4441 1343 4507 (indicimus
1376 4461 1484 4507 comes
1514 4442 1618 4507 ludu

283 4567 401 4612 censes.
517 4561 520 4566 ’

393 4652 598 4740 [Benedictus
622 4654 700 4738 XII]
723 4655 894 4739 magnifico
919 4654 988 4720 viro
1011 4654 1180 4721 Ludovico
1204 4653 1246 4721 de
1269 4655 1410 4721 Bavaria
1435 4704 1442 4720 .
1468 4704 1476 4719 .
1503 4705 1510 4720 .

394 4761 445 4825 Ex
468 4761 622 4827 relatione
646 4761 791 4829 veridica
821 4809 828 4826 .
853 4810 886 4827 ..
933 4762 1067 4848 Ruperti
1102 4760 1194 4828 ducis
1229 4763 1366 4828 Bavarie
1394 4769 1427 4828 et
1457 4760 1619 4828 Guillelmi
