3642 5509
790 523 1005 596 mmm.

333 704 453 773 1678.
482 707 567 770 1329
590 704 690 770 Mdrz
716 708 748 773 3.
769 703 934 792 Acipcon.

335 848 495 912 Iohannes
521 848 619 913 XXII
653 849 837 914 Hermanno
867 856 943 914 nato
972 849 1085 933 Hilger
1115 849 1195 914 dicti
1223 848 1265 915 de
1288 850 1410 916 Baculo
1440 851 1566 918 confert

229 955 308 1020 eccl.
326 955 360 1020 S.
377 954 546 1020 Kuuiberti
565 955 676 1020 Oolou.
702 955 938 1038 canonicatum,
962 955 1159 1040 prebendam
1183 977 1259 1022 uero
1283 956 1387 1023 eidem
1411 965 1564 1024 reservat.

336 1062 511 1128 Probitatis
534 1069 588 1127 tue
612 1063 725 1128 merita
751 1113 757 1127 .
781 1109 820 1128 ..
874 1064 950 1131 Dat.
976 1062 1069 1128 Avin.
1088 1064 1115 1127 V
1140 1084 1241 1129 nonas
1264 1065 1372 1131 martii
1395 1087 1426 1131 a.
1450 1066 1561 1131 tercio·

229 1168 364 1235 decimo.

337 1278 373 1342 ln
397 1296 425 1341 e.
447 1299 489 1342 m.
523 1277 556 1343 S.
580 1277 727 1344 Severini
752 1285 784 1342 et
809 1276 843 1343 S.
865 1277 999 1362 Georgii
1025 1278 1136 1344 Solon.
1161 1277 1294 1345 decanis
1318 1300 1357 1346 ec
1381 1280 1500 1347 Busolo
1524 1279 1565 1347 de

229 1385 345 1450 Parma
368 1385 535 1470 capellano
559 1385 668 1470 papali
692 1385 847 1450 canonico
872 1384 1088 1451 Tornacensis
1112 1386 1329 1452 ecclesiarum.

388 1508 810 1579 mmflmwma

335 1752 456 1818 1679.
491 1754 578 1817 1329
601 1753 700 1817 Mdrz
721 1753 753 1816 4.
778 1749 944 1837 Aoipnon,

333 1894 493 1960 lohannes
509 1895 608 1959 XXII
634 1895 771 1960 Henrico
794 1893 834 1959 de
849 1893 1039 1979 Spainlreim
1063 1895 1226 1980 preposito
1252 1895 1388 1961 ecclesie
1404 1893 1565 1979 Aquensis

230 2000 331 2066 Leod.
357 2000 440 2067 dioc.
465 2003 607 2084 nunciat,
642 2000 727 2084 quod
757 2021 829 2066 eum
857 1999 889 2064 in
920 2000 1122 2085 capellanum
1150 2019 1241 2066 suum
1265 2002 1380 2087 recipit
1402 2007 1436 2067 et
1458 2003 1564 2089 capel·

230 2108 336 2175 lanum
359 2128 487 2175 suorum
512 2109 677 2175 consorcio
701 2114 872 2192 aggregat.

335 2215 531 2283 Laudabilia
554 2215 707 2282 uirtutum
733 2215 871 2281 meritc.
895 2264 902 2280 .
930 2266 936 2279 .
970 2216 1044 2281 Dat.
1067 2214 1162 2281 Avia.
1186 2215 1254 2280 IIII
1276 2235 1379 2284 nonas
1401 2216 1509 2283 martii
1534 2239 1563 2284 a.

230 2323 463 2390 tertiodecimo,

389 2451 461 2520 Rep.
481 2451 535 2505 115
550 2465 599 2520 ps.
619 2451 639 2504 I
652 2451 676 2520 f.
696 2453 733 2504 84
751 2465 799 2504 nr.
818 2450 888 2514 491,·
909 2449 962 2504 Ra.
981 2448 1064 2502 1145.

336 2723 459 2788 1680.
487 2724 572 2787 1329
597 2723 696 2787 Mdrz
719 2724 751 2786 6.
777 2719 942 2806 Aoipnon.

335 2867 501 2932 Iohannes
527 2867 637 2930 XXII
656 2865 807 2930 Beatrici
831 2865 872 2929 de
902 2865 1086 2949 Virneburp
1109 2865 1268 2929 canonice
1290 2865 1327 2928 in
1350 2863 1564 2930 Gerreslreim

230 2974 377 3038 concedit
401 2974 565 3038 decimam
583 2972 745 3058 parochie
770 2972 875 3036 Pir-ne
898 2971 1164 3056 percipiendam.

334 3097 505 3182 [lohannes
525 3097 636 3181 XXII]
672 3097 812 3161 Beatrici
838 3094 879 3160 de
904 3095 1114 3160 Viruemburc
1148 3095 1302 3161 canonice
1329 3095 1484 3161 secularis
1514 3114 1564 3161 ec·

230 3205 327 3270 clesie
351 3204 384 3269 in
407 3204 596 3289 Gerisheym
622 3203 732 3270 Colon.
756 3201 841 3268 dioc.

336 3311 526 3378 Deuotionis
549 3318 603 3376 tue
627 3313 816 3377 sinceritas.
844 3359 851 3375 .
879 3359 885 3374 .
911 3310 990 3376 Cum
1014 3311 1124 3392 itaque
1149 3317 1193 3388 tu,
1218 3330 1281 3393 que
1305 3308 1426 3375 dudum
1449 3308 1483 3374 in
1506 3310 1562 3374 ab·

231 3417 381 3484 batissam
414 3419 567 3484 secularis
600 3418 736 3485 ecclesie
768 3419 801 3482 iu
836 3417 1027 3501 Gerisheym
1053 3417 1163 3483 Oolon.
1198 3416 1282 3483 dioc.
1317 3421 1393 3482 tunc
1416 3416 1563 3482 vacantis

229 3525 333 3591 electa
356 3534 389 3591 et
414 3525 600 3592 confirmata
624 3525 724 3608 luisti,
757 3546 815 3611 pro
840 3545 878 3590 eo
907 3523 993 3608 quod
1028 3523 1208 3591 huiusmodi
1242 3524 1358 3590 electio
1389 3531 1422 3589 et
1450 3522 1562 3589 confir·

229 3634 328 3699 matio
355 3654 419 3699 non
446 3633 576 3698 fuerunt
604 3633 716 3699 sortite
749 3633 899 3698 effectum
930 3651 971 3696 ex
995 3651 1043 3712 eo,
1079 3630 1165 3714 quod
1188 3650 1246 3697 nos
1270 3631 1346 3696 olim
1368 3637 1444 3696 ante
1467 3649 1562 3696 vaca·

229 3741 347 3806 tionem
372 3740 552 3807 huiusmodi
582 3741 797 3825 provisionem
826 3739 927 3826 ipsius
955 3739 1092 3805 ecclesie
1116 3737 1318 3825 dispositioni
1342 3743 1450 3804 nostre
1473 3736 1564 3803 duxi·

229 3868 298 3913 mus
322 3848 505 3934 specialiter
529 3845 765 3923 reservandum,
794 3898 800 3911 .
827 3895 835 3912 .
861 3897 868 3911 .
893 3853 926 3912 et
950 3845 1079 3912 tandem
1104 3846 1145 3911 de
1169 3896 1176 3910 .
1203 3895 1211 3911 .
1237 3894 1244 3910 .
1270 3845 1398 3911 Martha
1421 3844 1462 3910 de
1485 3843 1563 3929 Oyt·

229 3955 368 4037 ginbach
394 3954 538 4021 eiusdem
562 3955 699 4020 ecclesie
723 3955 904 4020 canonica.
931 4003 939 4018 .
964 4005 972 4022 .
996 3953 1220 4019 mandavimus
1243 3957 1276 4018 et
1299 3952 1434 4018 fecimus
1457 3951 1562 4018 eidem

230 4061 367 4128 ecclesie
396 4061 568 4147 provideri,
601 4082 720 4144 magna
751 4061 892 4146 dampna
921 4067 953 4126 et
977 4062 1090 4143 gravia
1114 4079 1326 4145 expensarum
1349 4080 1448 4126 onera
1471 4078 1563 4125 ocea-

229 4171 318 4234 sione
343 4170 566 4255 premissorum
591 4168 727 4235 subiisse
758 4167 887 4251 dicaris,
917 4188 975 4234 nos
1001 4217 1008 4233 .
1035 4217 1042 4232 .
1070 4215 1077 4231 .
1111 4166 1282 4251 decimam,
1316 4186 1411 4249 quam
1434 4167 1563 4253 prefata

230 4277 366 4343 ccclesia
389 4277 422 4340 in
448 4275 637 4360 Gerisheym
671 4275 703 4340 in
737 4274 909 4360 parrochia
942 4274 1080 4340 ecclesie
1114 4275 1147 4339 iu
1175 4275 1271 4340 Pime
1304 4273 1391 4340 dicte
1424 4273 1562 4339 diocesis

229 4383 377 4469 percipit,
413 4383 455 4449 ad
488 4404 630 4450 mensam
663 4384 763 4468 ipsius
797 4382 935 4448 ecclesie
969 4384 1003 4446 in
1032 4381 1224 4466 Gerisheym
1251 4383 1561 4467 pertinentem...

229 4491 408 4576 apostolica
437 4491 497 4556 tibi
525 4491 718 4557 auctoritate
743 4488 949 4556 concedimus
973 4497 1086 4574 perte
1110 4487 1351 4575 percipiendam
1378 4538 1385 4554 .
1412 4538 1452 4553 ..
1500 4490 1562 4554 Vo-

229 4597 332 4664 lumus
354 4603 471 4678 autem,
497 4597 582 4681 qnod
605 4618 663 4682 per
686 4596 867 4663 huiusmodi
892 4598 1129 4662 concessionem
1153 4596 1273 4662 nullum
1297 4594 1402 4663 eidem
1426 4595 1563 4662 ecclesie

229 4705 261 4768 iu
286 4703 476 4790 Gerisheym
507 4707 540 4770 iu
564 4706 631 4770 iure
655 4711 844 4789 patronatus
868 4704 970 4789 ipsius
993 4704 1130 4769 ecclesie
1153 4703 1186 4768 in
1210 4704 1307 4769 Pime
1330 4702 1373 4769 ad
1397 4723 1467 4769 eam
1492 4722 1562 4788 per-

228 4812 348 4876 tinente
382 4812 592 4896 preiudicium
625 4818 805 4896 generetur,
839 4810 896 4875 sed
930 4812 980 4876 ius
1014 4809 1193 4876 huiusmodi
1229 4809 1332 4876 eidem
1363 4810 1500 4877 ecclesie
1529 4811 1561 4874 in

230 4919 422 5006 Gerisheym
456 4920 555 4985 libere
588 4927 624 4985 ut
656 4920 744 5008 prius
772 4917 890 4986 debeat
918 4938 1092 5002 remanere,
1126 4917 1276 5002 quodque
1300 4925 1447 4986 cessante
1469 4918 1564 4984 bene·
