3642 5509
259 415 312 477 084
775 419 845 478 1030
862 419 993 479 October
1013 415 1057 478 30.

260 608 392 688 propter
425 601 642 688 provisionem
674 608 816 669 nostram
846 601 1027 669 huiusmodi
1061 602 1120 668 tihi
1150 602 1253 688 possit
1276 621 1372 688 super
1394 602 1596 688 prepositura

261 710 389 795 prefata
412 711 589 793 questionis
621 711 757 776 materia
787 710 947 792 suscitari,
980 729 1038 776 nos
1067 708 1208 776 eiusdem
1239 710 1474 796 archiepiscopi
1499 715 1595 794 atquc

222 804 228 812 ’
260 817 323 882 tuis
349 864 410 885 ...
439 817 726 902 supplicationibus
750 817 894 883 inclinati
920 867 978 882 ...
1003 816 1214 895 decemimus,
1239 817 1326 900 quod
1349 818 1434 883 veris
1457 817 1595 883 existen·

258 924 344 991 tibus
368 924 440 1006 hiis,
464 943 526 1006 que
550 923 750 1009 perdicium
775 924 1053 1010 archiepiscopum
1080 931 1308 1010 proponuntur,
1331 943 1392 1009 per
1414 923 1594 990 huiusmoili

260 1031 474 1115 provisionem
499 1037 640 1096 nostram
665 1031 828 1096 collationi
854 1031 913 1096 tihi
937 1031 1022 1096 facte
1041 1079 1048 1095 .
1067 1080 1100 1096 ..
1124 1031 1243 1096 nullum
1267 1029 1477 1117 preiudicinm
1502 1049 1595 1115 gene

259 1143 346 1202 retur
364 1186 372 1201 .
391 1186 425 1202 ..
472 1138 548 1204 Dat.
572 1138 666 1202 Avin.
692 1136 737 1202 Vl
762 1137 807 1202 kl.
831 1137 1013 1204 novembris
1037 1159 1066 1202 a.
1092 1136 1341 1221 quintodecimo.

416 1263 489 1332 Req.
508 1263 545 1317 99
564 1262 588 1331 f.
608 1263 665 1316 106
683 1278 731 1316 ar.
750 1263 816 1317 237.

365 1513 488 1581 1989.
515 1514 603 1579 1330
624 1513 764 1579 October
786 1515 841 1578 30.
866 1510 1031 1599 Auipaoa.

365 1639 525 1706 lohannes
550 1639 649 1703 XXII
683 1657 754 1704 cum
780 1638 922 1704 Iohanne
947 1640 1063 1704 comite
1087 1639 1245 1723 Seynensi
1270 1644 1302 1703 et
1326 1637 1493 1703 Elisabeth
1518 1641 1594 1702 nata

259 1745 418 1830 quondam
444 1743 604 1812 Gherardi
629 1745 755 1812 comitis
779 1744 968 1810 Iuliacensis
991 1744 1101 1811 Colon.
1126 1744 1222 1826 dioc,
1247 1745 1311 1826 qui,
1337 1765 1407 1810 cum
1424 1743 1592 1809 Elisabeth

258 1854 290 1919 in
315 1853 441 1920 decimo
465 1853 562 1919 etatis
585 1872 668 1917 anno
686 1853 737 1918 vel
754 1851 842 1917 circa
858 1850 946 1916 illum
970 1858 1056 1918 esset
1078 1853 1263 1928 constituta,
1288 1853 1483 1936 ignorantes,
1508 1849 1593 1934 quod

258 1968 373 2043 quarto
397 1957 686 2042 consanguinitatis
709 1957 815 2043 gradu
837 1958 975 2024 invicem
1005 1959 1194 2040 attinebant,
1228 1958 1391 2043 sponsalia
1413 1977 1471 2043 per
1495 1957 1594 2023 verha

258 2067 300 2134 de
335 2068 476 2154 presenti
511 2071 747 2150 contraxerunt,
784 2065 987 2150 postmodum
1021 2072 1138 2149 autem,
1175 2086 1245 2132 cum
1274 2064 1441 2130 Elisabeth
1475 2063 1593 2130 nubilis

260 2175 357 2240 etatis
389 2179 475 2240 esset
507 2173 624 2240 effecta
647 2180 680 2238 ct.
704 2173 763 2258 ipsi
792 2172 1028 2237 matrimonium
1056 2173 1088 2236 in
1120 2173 1203 2237 facie
1236 2171 1373 2238 ecclesie
1405 2169 1593 2238 contrahere

260 2281 390 2363 vellent,
420 2280 462 2345 ile
485 2282 547 2346 isto
570 2279 798 2365 impedimento
822 2279 902 2345 facti
927 2285 1001 2344 sunt
1024 2280 1186 2362 certiores,
1220 2278 1396 2366 dispensat,
1431 2285 1466 2344 ut
1490 2279 1593 2344 huius·

263 2387 350 2454 modi
373 2387 607 2453 matrimonium
631 2387 733 2452 libere
756 2387 886 2452 valeant
909 2386 1111 2452 contrahere.

365 2495 437 2560 Etsi
461 2494 713 2561 interillos...
760 2495 835 2560 Dat.
862 2493 957 2559 lirin.
983 2493 1031 2559 Ill
1054 2493 1100 2559 kl.
1124 2494 1265 2561 octobris
1288 2515 1318 2560 a.
1344 2490 1592 2576 quintodecimo.

418 2620 490 2689 Rep.
511 2619 567 2673 100
585 2634 633 2673 nr.
652 2618 729 2685 524,·
752 2617 805 2674 Ra.
824 2618 926 2672 1402a.

364 2862 487 2929 1000.
529 2863 617 2928 1330
639 2861 826 2928 November
849 2865 881 2927 2.
907 2859 1072 2947 Auipaoa.

363 2987 522 3053 Iohannes
544 2987 643 3052 XXII
678 2986 849 3071 Raynaldo
882 2993 958 3052 nato
988 2985 1139 3072 Syrnonis
1169 2985 1295 3052 comitis
1325 2984 1367 3051 de
1395 2984 1588 3070 Spaenheim

259 3094 384 3160 confert
408 3092 488 3159 eccl.
512 3094 644 3159 Trever.
669 3094 903 3176 canonicatum,
928 3092 1126 3178 prebendam
1150 3112 1226 3157 roro
1251 3091 1354 3157 eidem
1380 3099 1532 3158 reservat.

364 3202 524 3270 Nobilitas
547 3200 686 3286 generis,
712 3201 777 3266 rite
802 3248 810 3266 .
837 3248 844 3265 .
871 3249 878 3264 .
927 3201 1002 3266 Dat.
1018 3200 1113 3264 Avin.
1138 3200 1206 3264 IIII
1230 3219 1330 3266 nonas
1354 3199 1536 3265 novembris
1560 3221 1589 3264 a.

258 3307 506 3392 quintodecimo.

364 3416 401 3480 In
424 3437 451 3482 e.
478 3437 520 3481 m.
555 3414 801 3499 archiepiscopo
831 3413 1053 3480 Ebredunensi
1084 3422 1118 3480 et
1144 3415 1255 3481 abbati
1288 3415 1321 3479 in
1345 3414 1520 3504 Spanheim
1552 3433 1591 3478 ac

258 3525 420 3609 preposito
444 3523 477 3587 in
494 3520 697 3588 Swabeheim
722 3541 779 3605 per·
799 3521 994 3605 prepositum
1018 3521 1103 3587 soliti
1127 3521 1299 3605 guhemari
1329 3521 1590 3586 monasteriorum

257 3630 403 3714 Magunt.
428 3628 511 3694 dioc.

410 3752 483 3822 Rep.
501 3751 538 3806 97
556 3766 604 3805 rer.
623 3752 689 3806 564.

363 4016 479 4084 1001.
511 4019 598 4084 1330
619 4017 807 4085 November
833 4023 865 4084 2.
889 4017 1056 4106 Aoipaoa.

363 4143 524 4209 Iohannes
537 4144 635 4208 XXII
659 4143 795 4210 Iohanni
818 4151 895 4209 nato
918 4145 1068 4229 Symonis
1091 4145 1218 4211 comitis
1241 4144 1282 4211 de
1299 4144 1493 4232 Spaenheim
1518 4166 1590 4213 con-

257 4251 322 4317 fert
346 4252 569 4317 canonicatnm
594 4259 626 4316 et
648 4251 846 4337 prehendam
869 4271 908 4317 ac
933 4253 1109 4317 cantoriam
1135 4253 1214 4319 eccl.
1231 4253 1418 4338 Magantino
1437 4260 1591 4320 vacantes

255 4377 314 4444 per
336 4358 459 4423 obitum
484 4357 641 4424 Eberardi
665 4357 706 4424 de
729 4357 867 4442 Lepide,
899 4364 974 4424 ante
998 4358 1089 4426 cuius
1112 4359 1233 4425 obitum
1258 4380 1344 4447 papa
1367 4361 1428 4427 sihi
1453 4361 1517 4426 iam
1541 4380 1588 4426 re·

255 4471 399 4532 servarat
416 4464 632 4550 predictorum
649 4463 901 4550 dispositionem,
919 4486 981 4530 non
998 4466 1147 4532 obstante
1163 4466 1249 4550 quod
1265 4467 1294 4533 is
1310 4467 1432 4553 patitur
1454 4468 1486 4532 in
1503 4474 1589 4534 etate

257 4569 429 4655 defectum,
464 4574 496 4638 in
525 4572 651 4638 decimo
674 4593 758 4638 nono
782 4574 878 4638 etatis
901 4593 986 4638 anno
1011 4573 1061 4638 vel
1092 4558 1272 4641 circaeam
1298 4576 1499 4659 constitutus,
1533 4595 1589 4642 sen
1636 4597 1641 4604 ·

257 4677 344 4761 quod
368 4681 590 4745 canonicatum
615 4686 647 4744 et
670 4678 867 4765 prehendam
895 4680 927 4745 in
953 4679 1062 4747 Colou.
1088 4687 1120 4746 et
1144 4682 1176 4746 in
1201 4681 1331 4748 Trever.
1356 4684 1435 4749 eccl.
1460 4683 1587 4749 canoni·

257 4792 364 4854 catum
387 4787 447 4853 suh
471 4789 697 4872 expectatione
720 4785 881 4872 prehende
905 4786 1039 4853 obtinet.
