3642 5509
770 425 840 482 1329
858 423 978 483 Jannar
996 424 1039 482 at.
1504 424 1556 485 211

329 607 445 675 1619.
472 609 558 673 1329
582 609 721 674 Jaoaar
744 609 797 672 24.
822 605 988 694 Aoipaoa.

328 735 496 800 Iohannes
508 734 615 798 XXII
638 755 713 800 com
729 735 875 800 chrico
901 735 944 800 de
967 733 1097 799 Iuliaco
1119 733 1191 819 filio
1215 721 1388 818 iitepitimo
1406 732 1557 799 Gerardi

223 841 300 924 (VI)
326 841 456 906 comitia
480 840 681 906 latiaccasia
717 840 901 925 dispensat,
934 847 972 904 at
999 841 1110 925 poscit
1142 840 1189 903 ad
1220 859 1334 905 omoea
1363 860 1478 904 sacros
1506 861 1556 906 ore

222 949 317 1014 dines
346 949 542 1033 promove-ri
574 953 605 1012 ct
648 948 807 1034 beneficia
841 947 1066 1012 ecclesiastica
1101 947 1203 1037 etiam
1241 954 1361 1012 carata
1396 948 1554 1026 obtinere,

223 1055 390 1140 eidemque
422 1055 563 1120 remittit
591 1055 726 1138 fractas
759 1055 884 1120 iniuste
915 1061 1066 1139 receptos
1096 1075 1139 1118 aa
1169 1054 1324 1140 beneficio
1342 1054 1557 1139 parrochiali

222 1164 259 1227 ia
281 1159 474 1228 Aideroide.

329 1285 501 1371 [Iohannes
524 1285 636 1370 XXII]
670 1287 809 1352 Henrico
838 1284 878 1352 de
902 1287 1025 1353 luliaco
1053 1293 1129 1352 nato
1153 1286 1314 1369 qnondam
1339 1286 1476 1354 Gerardi
1500 1309 1551 1355 co«

221 1395 308 1461 mitis
331 1395 520 1461 Iuliacensis
543 1394 661 1461 clerico
686 1393 887 1462 Coloniensis
910 1394 1060 1462 diocesis.

325 1502 436 1585 Multa,
459 1503 544 1568 sicut
567 1501 776 1587 accepimus.
802 1551 810 1566 .
835 1550 843 1565 .
867 1501 954 1567 Sane
978 1502 1086 1568 oblate
1108 1503 1201 1568 nobis
1225 1524 1282 1587 pro
1306 1510 1399 1588 parte
1422 1510 1479 1570 tua
1501 1526 1555 1591 pe-

220 1608 342 1676 titionis
373 1609 473 1675 series
506 1607 701 1691 continebat,
739 1607 825 1690 qnod
857 1608 932 1673 olim
966 1616 1071 1675 tecum
1104 1629 1200 1694 super
1229 1609 1359 1676 delectu
1388 1611 1554 1692 natalium,

221 1736 315 1799 quem
346 1717 467 1802 pateris
496 1716 537 1782 de
566 1716 671 1782 soluto
703 1717 831 1799 genitus
855 1722 888 1782 et
910 1715 1026 1799 soluta,
1061 1722 1158 1782 uteo
1182 1737 1243 1783 non
1268 1719 1417 1784 obstante
1440 1738 1552 1803 posses

221 1823 264 1889 ad
298 1843 407 1890 omnes
442 1823 571 1890 ordines
605 1821 785 1908 promoveri
820 1829 853 1888 et
885 1823 1140 1889 ecclesiasticum
1175 1823 1365 1889 beneficium
1399 1825 1554 1902 obtinere,

219 1931 367 1998 etiamsi
391 1929 868 2012 animarumcuramhaberet,
901 1928 964 1995 fnit
993 1933 1186 1996 auctoritate
1216 1932 1395 2016 apostolica
1424 1930 1552 2018 dispen-

219 2043 333 2121 satum,
369 2035 518 2122 quodque
552 2043 625 2123 posi
660 2035 934 2122 dispensationem
969 2036 1150 2105 huiusmodi
1185 2045 1220 2102 tu
1254 2037 1288 2103 in
1316 2037 1442 2104 decimo
1465 2059 1550 2104 nono

219 2145 315 2210 etatis
347 2151 402 2210 tue
433 2163 517 2209 anno
550 2144 602 2209 vel
634 2145 764 2210 circiter
787 2145 990 2226 constitutus,
1023 2165 1086 2211 non
1120 2151 1226 2210 tamen
1250 2146 1283 2210 in
1307 2145 1458 2210 clericum
1483 2151 1550 2212 ton·

218 2256 354 2334 auratus,
389 2249 623 2337 parrochialem
659 2251 829 2317 ecclesiam
863 2251 897 2316 in
924 2248 1099 2316 Aldsroide
1123 2249 1233 2317 Coton.
1270 2251 1353 2317 dioc.
1389 2259 1467 2318 tnnc
1501 2273 1553 2318 va-

219 2365 345 2424 cantem
369 2356 457 2423 fuisti
481 2356 563 2425 alias
588 2356 743 2424 canonice
767 2363 935 2425 assecutus
959 2377 1096 2440 eamque
1119 2378 1178 2443 per
1193 2357 1356 2423 sexdecim
1380 2379 1481 2425 annos
1503 2360 1552 2425 vel

218 2465 306 2534 circa
328 2465 458 2532 tenuisti
486 2471 519 2530 et
547 2463 655 2530 adhuc
683 2470 774 2530 tenes
803 2464 928 2530 tructus
950 2464 1133 2550 percipiens
1156 2485 1197 2530 ex
1221 2463 1346 2547 eadem,
1378 2464 1422 2530 ad
1444 2485 1553 2532 sacrm

218 2570 346 2638 ordines
373 2593 436 2638 non
464 2579 638 2656 promotus,
669 2572 814 2654 quamvis
842 2573 984 2657 presenti
1007 2592 1091 2638 anno
1115 2571 1212 2637 inens
1235 2574 1268 2637 in
1293 2572 1443 2638 clericum
1466 2571 1550 2637 ordi·

217 2685 321 2763 natus,
356 2677 507 2763 quodque
539 2685 612 2765 post
644 2677 878 2745 ordinationem
913 2678 1094 2745 huiusmodi
1124 2686 1312 2764 perpetuam
1336 2677 1550 2764 capellaniam

218 2787 251 2851 in
264 2785 380 2872 Bleyse
395 2784 483 2851 dicte
499 2784 582 2852 dioc.
600 2791 676 2851 tuno
693 2792 861 2851 vacantem
877 2785 959 2851 alias
976 2787 1130 2852 canonice
1145 2785 1283 2872 adeptus
1299 2785 1391 2852 fuisti
1414 2805 1551 2869 eamque

218 2913 276 2979 per
299 2893 438 2976 quinque
461 2893 658 2978 septimanas
675 2892 728 2958 vel
750 2893 840 2975 quasi
864 2893 1016 2975 retinens,
1041 2893 1144 2959 nullos
1168 2900 1275 2959 tamen
1299 2913 1340 2959 ex
1364 2913 1403 2959 ea
1426 2892 1550 2959 fructus

217 3000 408 3086 percipiens,
437 2999 525 3064 illam
549 3019 621 3064 cum
645 2999 839 3064 canonicatu
862 3005 895 3064 et
918 2998 1085 3084 prebenda
1108 2999 1243 3066 ecclesie
1266 3000 1426 3082 Aquensis
1449 2998 1551 3065 Leod.

217 3107 301 3173 dioc.
335 3107 416 3174 alias
448 3107 602 3172 canonice
634 3106 824 3191 permutasti
855 3105 1024 3190 dictosque
1048 3107 1272 3172 canonicatum
1296 3114 1329 3172 et
1352 3106 1548 3192 prebendam

217 3222 334 3280 extunc
359 3213 489 3281 tenuisti
513 3219 546 3279 et
570 3212 687 3296 adbuc,
712 3213 795 3278 sicut
818 3214 945 3296 asseris,
970 3212 1089 3278 retines
1105 3264 1113 3280 .
1131 3261 1139 3278 .
1158 3261 1166 3278 .
1188 3233 1259 3278 cum
1283 3211 1477 3297 parrochiali
1501 3232 1551 3278 ec·

217 3323 315 3388 etesia
337 3319 533 3407 supradicta.
581 3319 687 3397 Quare
721 3340 780 3405 pro
814 3326 908 3405 parte
943 3325 1000 3385 tua
1033 3319 1097 3385 fuit
1123 3320 1216 3387 nobis
1246 3318 1409 3385 humiliter
1430 3320 1550 3405 suppli·

217 3435 333 3507 catum,
362 3435 397 3494 nt
420 3426 601 3513 superbiis
625 3428 730 3493 anime
753 3433 807 3492 tus
831 3426 928 3492 saluti
952 3446 1075 3492 necnon
1100 3428 1198 3492 statui
1221 3432 1276 3491 tuo
1300 3423 1472 3511 providero
1489 3473 1496 3488 .
1515 3476 1549 3493 ..

216 3535 431 3620 dignaremur.
478 3534 546 3602 Nos
569 3533 745 3618 igitur...
767 3539 884 3616 tecum,
909 3533 995 3617 qnod
1013 3583 1020 3599 .
1038 3583 1046 3600 .
1065 3583 1073 3598 .
1094 3534 1199 3619 possis
1222 3532 1264 3599 ad
1288 3552 1398 3599 omnes
1422 3532 1551 3610 ordines

214 3643 405 3728 promoveri,
438 3643 632 3707 auctoritate
664 3641 844 3726 apostoliea
873 3639 1099 3726 dispensamus
1126 3661 1166 3707 ac
1189 3639 1415 3707 nichilominus
1438 3646 1470 3707 te
1493 3640 1550 3707 ha·

215 3750 376 3816 bilitamns
409 3747 452 3814 ad
484 3747 640 3814 beneficia
672 3747 895 3814 ecclesiastiea
929 3746 1028 3814 etiam
1056 3766 1165 3812 curam
1195 3746 1374 3812 animarum
1397 3746 1552 3816 habentia

214 3855 390 3922 obtinenda
417 3855 540 3939 tibique
569 3853 760 3921 remittimus
787 3855 911 3921 fructus
938 3852 1045 3920 medio
1073 3860 1218 3940 tempore
1240 3860 1413 3940 perceptos
1435 3875 1494 3939 per
1517 3861 1550 3921 te

213 3984 255 4030 ex
286 3962 482 4048 parrochiali
515 3961 653 4028 ecclesia
680 3959 838 4046 predicta,
874 3962 1008 4027 retentis
1031 3967 1139 4026 tamur
1163 3961 1256 4026 unius
1279 3961 1355 4027 anni
1378 3961 1548 4045 fructibus,

214 4089 295 4154 qnos
317 4071 457 4136 tenearis
479 4069 513 4134 in
536 4068 708 4134 utilitatem
732 4067 820 4134 dicte
843 4067 1056 4152 parrochialis
1080 4068 1217 4134 ecclesie
1240 4067 1326 4133 inira
1341 4087 1459 4134 annum
1476 4089 1548 4134 con·

214 4183 349 4242 vertere.
395 4175 546 4259 Alioquin
570 4175 726 4242 habeatur
750 4173 932 4241 huiusmodi
961 4174 1068 4258 gratia
1100 4173 1208 4258 quoad
1241 4175 1459 4242 remissionem
1482 4174 1549 4242 dic·

213 4283 374 4350 fruetuum
399 4289 502 4350 torum
526 4303 583 4368 pro
607 4302 671 4347 non
694 4281 784 4347 facta
813 4330 874 4347 ...
928 4283 1005 4348 Dat.
1029 4281 1124 4347 huin
1149 4281 1246 4348 v1111
1270 4281 1316 4349 kl.
1340 4280 1494 4348 februarii
1517 4303 1548 4347 a.

213 4389 454 4457 terciodecimo.

363 4497 434 4567 ΙιορΙ
454 4496 494 4551 90
520 4496 545 4567 f.
564 4495 631 4550 2571
649 4511 698 4550 ar.
718 4497 810 4561 1685,·
832 4496 884 4550 Rc.
904 4496 990 4550 1130.

319 4652 445 4720 1620.
470 4654 558 4718 1329
581 4655 720 4719 Jaaaar
742 4655 796 4719 24.
825 4651 990 4740 Aoiqooa.

319 4795 479 4863 Iohannes
504 4795 604 4861 XXII
636 4815 708 4862 eum
732 4794 872 4863 Henrico
896 4800 973 4862 nato
997 4794 1158 4881 quondam
1183 4795 1319 4863 Gerardi
1343 4796 1471 4864 comitis
1494 4795 1547 4878 Iu-
