3642 5509
769 439 839 494 1328
858 439 941 494 Mllrz
963 439 1005 492 12.
1488 435 1540 491 137

314 619 498 704 Conquesta
521 627 569 686 est
593 618 685 686 nobis
706 619 885 705 Elyzabetb
909 619 1024 685 relicta
1047 617 1206 702 quondam
1225 617 1357 683 Arnoldi
1382 617 1423 683 de
1442 617 1540 704 Spec-

205 726 270 792 keu
307 729 456 813 armigeri
493 727 590 794 vidua
625 728 735 793 Oolon.
772 728 866 810 dioc,
903 727 989 811 quod
1017 725 1186 792 Hunoldos
1218 726 1259 791 de
1291 725 1540 792 Plectenbracht

204 833 299 900 miles
334 833 421 901 dicte
457 835 597 902 diocesis
632 855 728 919 super
762 833 951 918 quibusdam
983 835 1097 900 annuis
1127 833 1306 901 redditibus
1332 835 1539 918 pecuniarum

203 942 338 1008 summis
373 943 455 1009 curti
485 944 519 1022 (t)
556 941 650 1007 terris
681 942 937 1027 possessionibus
970 950 1003 1006 et
1035 942 1129 1007 rebus
1158 941 1229 1006 aliis
1252 939 1294 1006 ad
1318 940 1426 1006 dotem
1450 961 1539 1006 suam

203 1048 428 1133 spectantibus
459 1049 627 1114 iniuriatur
660 1047 775 1114 eidem.
823 1049 901 1114 Cum
931 1056 1038 1114 autem
1067 1046 1155 1113 dicta
1179 1046 1286 1130 vidua,
1319 1049 1403 1114 sicut
1426 1048 1541 1114 asserit

203 1155 383 1240 potentiam
407 1154 486 1221 dicti
516 1155 626 1221 militis
656 1155 770 1222 merito
794 1156 1050 1241 perhorrescens,
1083 1174 1156 1220 eum
1185 1155 1270 1220 intra
1295 1155 1459 1220 civitatem
1483 1174 1539 1220 seu

203 1259 360 1327 diocesim
386 1261 608 1330 coloniensem
642 1266 781 1344 nequeat
815 1259 986 1324 convenire
1018 1279 1141 1340 secure,
1175 1257 1360 1324 discretioni
1385 1265 1439 1324 tue
1464 1307 1471 1323 .
1497 1307 1538 1323 ..

202 1367 405 1453 mandamus,
429 1370 580 1454 quatinus
602 1369 747 1456 partibus
770 1366 957 1434 convocatis
980 1366 1094 1433 audias
1118 1385 1247 1432 causam
1268 1373 1301 1432 et
1323 1365 1541 1452 appellatione

202 1484 329 1544 remota
352 1478 455 1544 usuris
479 1477 680 1545 cessantibus
711 1473 820 1541 debito
843 1474 906 1540 fine
929 1471 1074 1555 decidas,
1099 1473 1223 1540 taciens
1247 1472 1333 1557 quod
1357 1472 1540 1540 decreveris

202 1602 264 1668 per
298 1603 466 1650 censuram
500 1583 755 1652 ecclesiasticam
790 1583 924 1648 firmiter
958 1580 1133 1647 observari.
1191 1580 1307 1647 Testes
1339 1586 1446 1647 autem
1480 1589 1539 1646 etc.

203 1691 283 1757 Dat.
301 1691 396 1757 Asin.
414 1692 442 1756 V
458 1691 504 1757 kl.
529 1692 635 1757 martii
659 1712 690 1776 ρ.
707 1713 738 1756 n.
756 1713 785 1757 a.
811 1688 1013 1756 duodecimo.

369 1815 418 1870 Or.
441 1816 564 1870 membr.
589 1831 659 1870 mum
679 1814 804 1884 plumbo
824 1813 918 1883 perid.
965 1811 1028 1868 Sub
1048 1810 1133 1882 plico
1161 1812 1203 1867 act
1226 1809 1345 1868 aiairtr.
1364 1809 1451 1866 nituit.
1501 1812 1539 1865 Io

364 1901 449 1974 plica
467 1905 509 1960 aci
527 1906 643 1959 deceta:
662 1903 696 1959 N.
717 1903 859 1959 (laverat.
879 1902 917 1970 (t)
946 1903 984 1957 Ia
1002 1901 1284 1960 doraotherardus
1304 1901 1342 1958 de
1360 1900 1538 1959 Romamn—-

369 1994 516 2052 munster.
536 1993 625 2052 Aret.
643 2009 705 2067 rep.
726 1991 987 2069 Bmoiopbauaen
1005 2007 1053 2048 or.
1065 1993 1127 2048 173.

314 2275 435 2342 1442.
462 2278 549 2343 1328
572 2277 671 2344 Mdrz
696 2279 747 2342 12.
770 2275 936 2364 Aoipoorr.

309 2420 477 2486 Iohannes
488 2422 598 2486 XXII
618 2423 803 2487 Iobuouem
826 2421 955 2486 dictum
975 2422 1017 2486 cie
1040 2421 1175 2501 Burrio,
1201 2419 1258 2504 qui
1281 2414 1416 2484 iciustc'
1428 2417 1538 2503 ploro

205 2529 364 2614 beoeficio
388 2529 533 2595 obtinuit
567 2536 597 2594 et
629 2529 770 2594 reticuit
800 2548 979 2613 eorumque
1009 2528 1145 2613 fructus
1171 2527 1336 2610 percepit,
1370 2525 1538 2608 habilitat,

204 2657 281 2702 cum
305 2656 342 2701 eo
366 2635 550 2720 dispensat,
574 2643 611 2702 ut
635 2656 675 2702 ea
697 2637 843 2702 retinere
871 2634 993 2716 valeat,
1018 2655 1147 2699 necnon
1168 2635 1305 2720 fructus
1327 2654 1371 2698 cu:
1395 2633 1444 2698 eis
1466 2653 1540 2719 per·

204 2749 318 2829 ceptor
341 2744 448 2809 cidem
471 2745 622 2810 remittit.

313 2884 485 2970 [lohannes
508 2885 620 2972 XXII]
655 2887 791 2954 Iohanni
821 2887 909 2954 dicto
933 2887 975 2954 de
1001 2889 1113 2953 Bunoa
1140 2886 1317 2972 presbitero
1340 2885 1539 2953 Coloniensis

204 2991 354 3059 diocesis.

313 3100 488 3167 Probitatis
515 3107 570 3168 tue
593 3103 708 3168 merita
735 3151 772 3168 ..
796 3150 803 3164 .
851 3103 937 3168 Sane
961 3101 1070 3171 oblate
1092 3101 1185 3169 nobis
1209 3122 1266 3186 pro
1290 3107 1383 3187 parte
1405 3108 1463 3168 tua
1485 3123 1539 3188 pe-

204 3208 333 3274 ticionis
356 3209 456 3275 series
479 3210 675 3293 continebat,
708 3209 794 3294 quod
824 3216 858 3274 tu
883 3209 1004 3276 dudum
1028 3217 1104 3276 tnnc
1127 3210 1224 3275 etatis
1247 3208 1361 3293 viginti
1385 3228 1538 3275 annorum

204 3315 257 3380 vel
294 3316 380 3382 eirca
415 3317 558 3383 existens
592 3318 624 3382 in
661 3317 872 3384 Aldenhoven
906 3318 1010 3403 primo
1042 3339 1082 3382 ac
1114 3316 1232 3383 deiude
1267 3317 1362 3382 etatis
1396 3315 1540 3400 legitime

204 3422 313 3490 tactus
336 3424 369 3487 in
392 3423 530 3489 Brenicb
560 3432 688 3491 curatas
717 3425 872 3491 ccclesias
901 3424 990 3492 dicte
1019 3423 1158 3490 diocesis
1181 3423 1317 3509 adeptus
1340 3422 1445 3507 fuisti,
1477 3425 1539 3508 pri·

204 3548 355 3612 mamque
388 3537 527 3616 ipsarum
562 3553 620 3612 per
650 3531 772 3614 decem,
806 3531 981 3599 secundam
1006 3552 1081 3598 vero
1105 3552 1162 3617 per
1186 3530 1341 3596 tredecim
1365 3551 1466 3597 annos
1489 3531 1539 3597 vel

206 3637 293 3702 circa
316 3639 452 3703 tenuisti
479 3637 666 3721 tractusque
695 3641 873 3724 percepisti
896 3659 937 3704 ex
961 3638 1093 3715 eisdem,
1126 3637 1168 3704 ad
1192 3657 1300 3704 sacros
1324 3636 1453 3705 ordines
1476 3658 1539 3702 non

204 3753 380 3828 promotus,
404 3764 465 3810 nec
488 3745 701 3829 personaliter
723 3746 875 3812 resedisti
898 3747 930 3810 in
948 3745 1085 3825 eisdem3
1110 3744 1259 3829 quodque
1283 3745 1315 3810 in
1332 3744 1540 3831 SS.Aposto·

204 3849 306 3916 lorum
331 3850 514 3918 Coloniensi
543 3859 576 3917 et
604 3852 797 3937 Deitkirgen
828 3852 917 3919 dicte
941 3852 1079 3921 diocesis
1102 3852 1327 3935 thesaurarias,
1364 3853 1415 3917 cni
1439 3854 1540 3937 prime

206 3955 407 4024 thesaurarie
431 3965 544 4025 curata
567 3959 705 4025 ecclesia
721 3960 780 4026 SS.
799 3960 1026 4046 Apostolorum
1043 3960 1242 4027 Coloniensis
1266 3968 1315 4026 est
1337 3979 1475 4043 annexa,
1497 3959 1541 4025 ad

206 4085 302 4146 quam
326 4073 470 4130 curatam
494 4065 664 4132 ecclesiam
692 4065 910 4133 thesaurarius
937 4088 996 4152 pro
1024 4073 1167 4153 ternpore
1195 4067 1336 4132 existens
1359 4069 1539 4153 promoveri

205 4171 334 4237 minime
358 4173 533 4254 cousuevit,
567 4171 624 4238 sed
648 4191 706 4257 per
729 4173 827 4238 alium
852 4193 959 4238 curam
984 4173 1054 4241 eius
1077 4174 1186 4239 tacere
1210 4174 1363 4256 exerceri,
1392 4194 1432 4239 ac
1455 4181 1539 4258 post-

205 4276 335 4342 modum
360 4277 551 4344 decanatum
576 4279 712 4344 ecclesie
730 4280 908 4346 [tunnensis
932 4278 1019 4345 dicte
1043 4279 1181 4346 diocesis
1204 4286 1280 4344 tunc
1297 4286 1466 4346 vacantem
1482 4301 1540 4366 per

206 4382 328 4449 obitum
352 4383 512 4468 quondam
536 4384 625 4450 Petri
649 4383 770 4452 Iudicis
799 4385 840 4451 de
863 4385 951 4453 Urbe
975 4385 1092 4452 decani
1116 4385 1259 4453 eiusdem
1281 4387 1419 4452 ecclesie
1441 4387 1540 4474 scrip-

207 4491 284 4556 toris
307 4492 408 4557 nostri
432 4490 473 4558 ad
503 4491 706 4558 collationem
737 4499 877 4559 nostram
902 4513 942 4559 ea
965 4493 1037 4559 vice
1060 4501 1270 4578 spectantem,
1297 4493 1340 4559 ad
1364 4514 1458 4577 quem
1482 4515 1541 4581 per

208 4644 241 4662 ..
268 4597 444 4683 capitulum
475 4599 617 4664 eiusdem
641 4600 778 4666 ecclesie
803 4600 925 4666 eleetos
948 4599 1151 4666 concorditer
1175 4600 1291 4677 fueras,
1324 4600 1366 4667 de
1390 4601 1477 4669 tacto
1501 4625 1541 4668 ac

208 4705 439 4791 preposituram
475 4706 612 4771 ecclesie
636 4707 811 4792 Reysensis
846 4706 934 4774 dicte
969 4707 1117 4789 diocesis,
1153 4708 1203 4773 cui
1239 4709 1440 4794 prepositure
1475 4710 1541 4777 alis

207 4813 383 4878 animarum
409 4832 487 4878 cura
509 4834 572 4880 non
600 4813 753 4897 imminet,
790 4815 851 4882 nisi
884 4814 969 4898 quod
1003 4816 1184 4901 prepositus
1216 4814 1357 4882 eiusdem
1391 4816 1538 4900 ecclesie,
