3642 5509
288 406 324 468 98
804 410 874 469 1327
893 410 1062 471 December
1081 410 1108 469 3.

290 592 515 658 ...conterre
538 599 571 658 et
594 594 760 678 assignare
784 595 903 660 curetis
921 646 928 660 .
948 643 981 660 ..
1028 594 1103 660 Dat.
1129 594 1223 660 Avin.
1244 594 1294 659 III
1317 613 1418 659 nonas
1442 591 1623 660 decembris

288 720 319 765 a.
344 698 523 767 undecimo.

441 823 515 893 Rep.
533 824 571 877 86
588 823 613 894 f.
633 825 692 878 133
709 838 757 877 ar.
777 824 861 878 1364.

396 1086 516 1153 1344.
553 1091 638 1154 1327
662 1088 847 1154 December
868 1091 899 1152 3.
935 1084 1100 1174 Aoipaoo.

393 1228 553 1295 Iohannes
568 1230 669 1294 XXII
693 1231 845 1316 episcopo
870 1229 1044 1296 Leodiensi
1068 1228 1210 1313 mandat,
1237 1231 1386 1313 quatinus
1409 1230 1450 1295 ab
1479 1230 1621 1297 Henrico

287 1334 328 1401 de
352 1334 547 1401 Wiekerode
581 1337 736 1401 canonico
769 1336 849 1402 ecel.
874 1336 984 1402 Goion.
1014 1335 1178 1421 resignare
1202 1336 1330 1402 volente
1358 1335 1538 1403 huiusmodi
1569 1357 1621 1403 oa-

285 1443 468 1509 aonieatum
493 1449 527 1507 et
549 1442 747 1527 prebendam
770 1444 907 1527 recipiat
931 1442 1181 1527 resignationem
1204 1449 1238 1508 et
1257 1463 1296 1508 ea
1319 1450 1451 1529 recepta
1474 1443 1621 1510 conferat

286 1548 448 1635 predictos
481 1550 704 1615 canonicatum
737 1557 770 1615 et
801 1548 998 1636 prebendam
1031 1569 1167 1636 persone
1195 1548 1324 1635 ydonee
1353 1556 1386 1615 et
1414 1550 1496 1617 alies
1523 1551 1618 1618 bene·

285 1654 403 1722 ficiate.

389 1763 470 1829 Cum
492 1763 576 1831 sieut
599 1764 783 1849 accepimus
801 1814 808 1831 .
826 1812 833 1827 .
854 1812 860 1827 .
895 1763 970 1830 Dat.
988 1764 1083 1830 Avin.
1100 1764 1151 1829 111
1167 1783 1268 1829 nonas
1291 1763 1471 1830 decembris
1494 1785 1524 1831 a.
1541 1765 1620 1831 duo·

285 1868 421 1935 decimo.

433 1994 507 2065 Rep.
526 1997 565 2050 86
582 1995 608 2066 f.
628 1999 683 2051 103
701 2012 751 2051 nr.
772 1998 853 2052 1276.

396 2266 517 2333 1345.
554 2269 640 2334 1327
663 2268 848 2334 December
862 2271 894 2332 3.
919 2266 1084 2354 Aoipaoa.

391 2408 551 2476 Iohannes
571 2411 671 2476 XXII
695 2409 835 2476 Brnnoni
859 2410 948 2476 dicto
972 2409 1013 2476 de
1037 2410 1233 2478 Wiokerode
1257 2410 1374 2476 clerieo
1398 2409 1508 2475 Goion.
1532 2407 1616 2475 dioc.

283 2522 427 2582 reservat
460 2516 648 2583 beneficium
680 2518 934 2583 eeclesiasticam
965 2536 1037 2583 eum
1062 2538 1138 2583 cura
1162 2518 1214 2583 vel
1238 2518 1307 2583 sine
1331 2537 1407 2582 eura
1431 2522 1617 2581 consuetum

282 2624 401 2689 aboiim
426 2623 551 2689 clericis
574 2624 772 2690 secularibus
799 2625 968 2707 assignari,
994 2624 1084 2690 cuius
1107 2625 1239 2707 fruetus,
1268 2624 1295 2690 si
1320 2630 1474 2705 erratum,
1499 2623 1615 2705 viginti

283 2730 433 2813 quinque,
457 2730 484 2796 si
508 2750 585 2796 vero
609 2730 678 2796 sine
702 2750 779 2796 cura
802 2730 908 2813 suerit,
934 2730 1115 2813 quindecim
1140 2731 1341 2796 marcharum
1364 2730 1490 2813 argenti
1515 2728 1615 2795 s.t.d.

283 2836 422 2902 valorem
455 2855 595 2901 annuum
627 2857 691 2902 non
723 2837 892 2920 excedant,
926 2836 968 2902 ad
993 2838 1156 2903 abbatisse
1179 2844 1211 2902 et
1235 2836 1366 2921 capituli
1391 2836 1543 2902 secularis
1567 2854 1618 2899 ec·

282 2943 381 3009 clesie
396 2944 588 3010 Sanctarum
612 2945 771 3028 virginum
788 2944 898 3010 Goion.
923 2942 1166 3030 dispositionem
1190 2944 1399 3011 comrnnniter
1415 2943 1465 3010 rei
1488 2941 1614 3008 divisim

282 3052 457 3136 pertinens.

386 3158 561 3225 Probitatis
584 3165 639 3226 tue
663 3160 777 3225 merita
794 3207 802 3223 .
820 3207 856 3225 ..
881 3159 957 3225 Dat.
975 3160 1069 3227 Avin.
1085 3161 1136 3226 III
1160 3180 1261 3227 nonas
1284 3158 1463 3225 decembris
1487 3178 1516 3222 a.
1540 3156 1617 3221 dno·

282 3263 416 3332 decimo.

383 3374 474 3438 Ine.
500 3394 542 3438 m.
578 3373 612 3439 S.
641 3373 796 3440 Gereonio
819 3379 852 3440 et
875 3373 907 3439 S.
936 3372 1066 3439 Andree
1091 3372 1201 3440 Goion.
1231 3372 1364 3439 decenis
1393 3391 1431 3438 ae
1461 3371 1615 3454 magistro

282 3478 400 3545 Iaeobo
423 3499 464 3563 pe
487 3480 610 3545 Mutina
633 3481 788 3546 canonico
812 3479 1055 3547 Cameracensis
1080 3480 1299 3546 eeclesiarum.

448 3603 520 3671 nep.
540 3603 578 3656 so
594 3602 619 3673 f.
638 3604 697 3658 103
713 3619 763 3658 nr.
782 3602 865 3660 1277.

392 3873 513 3942 184⁶.
547 3870 633 3941 1327
656 3875 837 3942 December
858 3878 890 3940 3.
915 3873 1081 3962 Aoipaom

387 4016 547 4084 Iohannes
571 4017 670 4082 XXII
705 4017 907 4084 Theoderico
934 4024 1010 4084 nato
1041 4020 1171 4085 Henrioi
1201 4019 1242 4085 de
1265 4019 1517 4086 Mercenchusen
1540 4038 1613 4084 con·

279 4125 344 4191 fert
367 4125 445 4191 eooi.
471 4124 508 4190 B.
523 4125 624 4191 Mario
640 4125 802 4207 Aquensis
824 4124 925 4191 Leod.
950 4123 1034 4191 dioc.
1059 4127 1292 4209 canonicatum,
1316 4125 1513 4212 prebendam
1537 4146 1612 4191 vero

280 4230 386 4298 eidem
410 4238 565 4300 reservat.

386 4340 510 4406 Meritis
543 4346 597 4405 tne
627 4338 864 4425 probitatis..
892 4388 898 4403 .
946 4340 1021 4406 Dat.
1046 4341 1141 4406 Avin.
1166 4341 1215 4406 ΙΙΙ
1245 4361 1345 4408 nonas
1374 4338 1554 4406 decembris
1582 4360 1611 4404 a.

279 4445 478 4513 duodecimo.

382 4554 420 4618 in
444 4574 472 4619 e.
495 4574 535 4618 m.
559 4553 684 4620 deceno
708 4560 741 4619 et
763 4553 886 4620 cantori
909 4553 944 4620 S.
965 4553 1134 4620 Adeiberti
1158 4555 1317 4638 Aquensis
1340 4553 1443 4622 Leod.
1468 4552 1549 4618 dioc.
1572 4572 1613 4618 ac

277 4661 433 4745 magistro
456 4660 576 4725 lacobo
599 4659 640 4727 de
664 4661 788 4727 Mutina
810 4661 982 4728 scolastico
1005 4661 1090 4727 Tuli.
1116 4662 1332 4727 ecelesiarum.

438 4784 512 4855 aeq.
532 4783 612 4854 aaa
632 4785 698 4840 raa
716 4801 765 4840 nr.
785 4786 870 4839 erse.
