3642 5509
307 461 361 516 evo
837 462 906 516 reae
924 458 1102 531 september
1120 459 1145 514 a.

413 640 594 707 Laudabile
625 641 848 724 testimouium,
880 641 966 724 quod
1101 641 1177 708 Dat.
1203 641 1295 705 Avin.
1320 641 1352 706 ll
1376 641 1420 705 kl.
1446 639 1639 725 septembris

307 769 337 813 a.
362 746 635 833 decimoseptimo.

413 857 449 921 In
479 877 506 921 e.
533 879 574 922 m.
608 856 814 922 Treverensis
844 863 877 921 et
903 855 1111 923 Abrincensis
1138 853 1374 921 archidiaconis
1404 861 1437 918 et
1466 854 1639 920 scolastico

306 964 466 1030 Tullensis
489 964 709 1030 eeclesiarum.

467 1095 539 1166 Rep.
558 1095 613 1148 104
631 1109 678 1148 mr.
698 1095 764 1148 838.

413 1365 548 1432 *2181
583 1367 669 1430 1333
693 1365 886 1452 September
908 1367 941 1430 9.
968 1363 1134 1451 Avipaom

414 1504 529 1570 Daniel
554 1506 723 1591 episcopus
747 1505 901 1570 Mttensis
925 1511 1072 1588 testatur,
1104 1504 1190 1589 qnod
1213 1506 1292 1571 fecit
1315 1503 1428 1570 cadem
1453 1502 1507 1568 die
1531 1519 1638 1567 conse·

307 1613 482 1680 orationem
507 1611 617 1678 altaris
641 1613 678 1677 B.
695 1613 796 1678 Mario
813 1611 1006 1696 Magdalene
1030 1616 1062 1676 in
1079 1613 1159 1679 ecel.
1176 1611 1388 1679 Dietlrirchen
1404 1611 1537 1675 Trever.
1554 1608 1640 1673 dioc.

307 1739 328 1786 a
351 1720 527 1806 presbitero
551 1718 669 1785 Rorico
693 1719 830 1786 fundati.

474 1841 562 1897 Arch.
588 1841 772 1899 Wieebaden.
804 1842 882 1915 Stift
903 1842 1109 1912 Dietleircbem,
1136 1860 1184 1898 ar.
1213 1845 1260 1899 24.
1299 1845 1347 1900 Or.
1367 1843 1490 1899 membr.
1514 1858 1584 1896 cmm
1602 1837 1641 1894 si-

475 1931 548 2003 pillo
564 1933 657 2002 pevvd.

415 2196 536 2262 2182.
563 2199 649 2261 1333
672 2197 865 2282 September
890 2201 942 2264 15.
968 2196 1161 2285 (deipnos.)

416 2339 588 2424 [lohannes
611 2340 722 2425 XXII]
747 2340 851 2406 eidem
876 2341 946 2425 regi
969 2341 1117 2407 Francis.

414 2447 550 2546 Noverit
574 2447 818 2531 circumspectio
843 2450 943 2532 regia,
968 2448 1055 2532 quod
1077 2450 1140 2514 ista
1163 2447 1258 2515 sedes
1281 2449 1313 2512 in
1337 2447 1549 2514 translatione
1571 2465 1644 2531 pre-

309 2555 445 2620 latorum
473 2554 537 2620 duo
566 2555 718 2639 precipue
748 2557 916 2621 consuevit
944 2575 1085 2638 servare,
1120 2554 1274 2620 videlicet¹
1297 2553 1383 2638 quod
1412 2560 1516 2619 status
1543 2559 1646 2617 trans-

309 2661 433 2728 ferendi
466 2663 563 2728 minui
598 2662 704 2745 quoad
738 2662 873 2747 gradum
908 2664 1039 2730 honoris
1070 2684 1135 2729 non
1164 2662 1283 2728 debeat
1310 2670 1342 2727 et
1370 2682 1410 2727 ex
1433 2661 1644 2726 translatione

309 2766 489 2834 huiusmodi
513 2768 732 2852 ecclesiarum,
756 2768 881 2836 scilieet
903 2790 1003 2854 aqua
1027 2776 1060 2834 et
1083 2768 1125 2835 ad
1150 2788 1246 2851 quam
1269 2768 1305 2834 fit
1329 2768 1506 2848 translatio,
1530 2765 1645 2830 melior

309 2872 388 2963 [fiat]
413 2875 566 2940 conditio.
613 2875 778 2959 Profecto,
813 2876 856 2940 lili
887 2877 1061 2958 carissime,
1093 2877 1126 2941 in
1149 2875 1369 2957 translatione,
1402 2894 1460 2960 pro
1488 2893 1552 2956 qua
1580 2872 1644 2937 biis

309 2980 424 3047 diebus
447 2984 603 3050 serenitas
627 2983 716 3066 regia
740 2984 947 3068 supplicavit,
971 2981 1125 3049 videlieet
1153 2982 1238 3066 quod
1352 2982 1536 3068 episcopum
1561 2979 1643 3044 Leo·

309 3087 452 3155 diensem
476 3089 722 3155 transferremus
746 3087 787 3154 ad
812 3089 983 3156 eeclesiam
1007 3090 1240 3172 blaguntinam,
1274 3089 1337 3154 ista
1366 3106 1555 3154 concurrere
1578 3107 1642 3151 non

310 3195 465 3261 videmus.
513 3197 562 3263 De
585 3196 773 3280 Magantino
807 3195 946 3280 quidem,
982 3198 1035 3279 qui
1068 3204 1118 3262 est
1150 3195 1423 3281 archiepiscopus,
1457 3193 1548 3260 deret
1576 3194 1645 3278 epi-

310 3323 435 3388 scopus,
460 3303 569 3386 sieque
593 3309 696 3368 status
720 3303 788 3368 eius
811 3304 1007 3369 minneretur
1031 3303 1137 3386 quoad
1160 3301 1297 3388 gradum
1321 3303 1528 3368 honoris...
1564 3301 1643 3366 Dat.

310 3415 465 3494 utsupra
489 3412 540 3489 (=
557 3409 653 3474 XVll
677 3409 721 3475 kl.
746 3411 887 3476 octobris
910 3431 942 3476 a.
965 3409 1232 3490 octavodecimo).

468 3534 538 3604 aeq.
559 3535 610 3587 117
628 3532 652 3602 f.
673 3533 736 3587 187¹
752 3549 799 3586 mr.
818 3533 883 3589 928.

418 3821 544 3888 2188.
571 3824 657 3886 1333
681 3823 821 3888 October
844 3827 876 3889 2.
906 3820 1101 3908 (deipnos.)

418 3963 590 4048 [Iohannes
612 3965 724 4050 XXII]
748 3965 993 4051 archiepiscopo
1017 3964 1209 4031 Coloniensi.

416 4071 466 4138 Ne
491 4071 600 4155 lingua
623 4072 729 4154 tertia,
759 4092 820 4156 qne
844 4073 962 4138 multos
985 4073 1113 4139 turbare
1137 4080 1186 4138 est
1209 4072 1347 4148 solicita,
1372 4072 1556 4158 superbiis,
1580 4093 1645 4156 que

311 4180 487 4244 litterarum
521 4186 647 4245 tuarum
681 4179 773 4245 nobis
806 4178 1038 4246 destinatarum
1070 4179 1243 4247 novissime
1272 4188 1443 4263 reserarat,
1480 4181 1574 4246 lectio
1599 4180 1645 4244 ul-

311 4287 409 4352 terius
432 4292 464 4352 te
488 4287 662 4370 perturbet,
697 4286 931 4353 fraternitatem
964 4297 1050 4353 tuam
1084 4287 1231 4353 volumus
1262 4287 1394 4353 indubie
1428 4288 1490 4354 boc
1522 4296 1644 4367 tenere,

311 4391 396 4477 quod
414 4441 422 4458 .
441 4442 448 4458 .
466 4391 627 4460 Geraldus
650 4393 692 4460 de
708 4393 850 4460 Bisturre
867 4443 874 4459 .
893 4393 1042 4459 ..nichil
1066 4395 1158 4461 nobis
1182 4396 1337 4460 assertive
1359 4394 1402 4459 dc
1426 4395 1586 4460 contentis
1608 4395 1643 4458 in

311 4501 374 4565 tuis
406 4500 520 4566 litteris
553 4503 730 4567 nunciaret.
778 4500 843 4567 Sed
874 4521 984 4566 verum
1015 4508 1073 4582 est,
1107 4499 1193 4584 qnod
1221 4502 1305 4567 sicut
1329 4502 1378 4566 vir
1406 4499 1511 4566 fidelis
1539 4501 1642 4581 nobis,

311 4605 397 4691 quod
421 4607 477 4672 illa
500 4605 679 4690 audiverat,
713 4615 748 4674 nt
775 4627 940 4693 possemus
963 4627 1057 4692 snper
1080 4607 1144 4673 illis
1171 4607 1351 4694 providere,
1375 4610 1403 4673 si
1430 4609 1509 4692 ipsis
1532 4608 1644 4675 suffra·

310 4720 441 4800 geretur
476 4715 610 4796 veritas,
650 4715 820 4780 intimavit.
883 4713 945 4793 Qui
981 4712 1110 4797 quidem
1150 4715 1291 4781 decanus
1326 4722 1480 4800 percepto
1517 4722 1642 4801 postea,

312 4820 398 4906 quod
423 4823 543 4889 veritas
566 4821 660 4888 aliter
683 4842 718 4888 se
743 4821 892 4903 babebat,
915 4820 949 4886 id
974 4822 1070 4886 etiam
1095 4823 1187 4888 nobis
1210 4842 1267 4907 per
1290 4843 1365 4887 suas
1380 4821 1503 4888 studuit
1518 4821 1645 4888 litteras
