3642 5509
801 399 870 456 1329
889 396 951 456 Juli
969 398 994 454 5.
1520 396 1573 454 265

240 584 325 651 dioc.
350 583 492 666 mandat,
518 584 666 668 quatinus
691 603 740 665 ea,
766 603 826 665 quae
850 581 891 646 de
915 582 1008 647 bonis
1031 580 1218 646 monasterii
1235 579 1421 646 clarifontis
1438 579 1573 644 Cistero.

240 692 307 757 ord.
334 692 464 758 Trever.
499 690 582 756 dioc.
617 691 757 756 alienata
789 689 947 754 invenerit
980 688 1092 754 illicite
1122 686 1173 753 vel
1203 686 1369 769 distracta,
1403 685 1575 751 adiuuet

240 799 469 883 proprietatem
493 797 635 864 ciusdem
661 796 804 880 legitime
827 816 981 862 revocare
1004 802 1163 879 procuret.

347 906 544 970 Dilectarum
569 903 601 969 in
626 903 753 970 Christo
777 901 913 968 filiarum
942 951 1001 967 ...
1049 902 1122 966 Dat.
1148 901 1242 965 nvin.
1268 901 1313 965 kl.
1337 899 1405 965 iulii
1430 921 1462 985 p.
1487 921 1518 968 n.
1542 922 1573 965 a.

242 1011 473 1078 tertiodecimo.

391 1135 530 1206 Goffinet,
552 1132 724 1190 Carluluira
747 1130 1051 1203 deCluirefontaine,
1070 1134 1195 1187 or.156.
1215 1132 1277 1198 (Ex
1296 1134 1403 1189 cartul.
1423 1149 1479 1187 rna.
1497 1132 1521 1201 f.
1536 1133 1574 1200 8.)

347 1460 471 1533 1735.
502 1465 588 1529 1329
612 1463 689 1529 Jati
711 1465 744 1528 5.
768 1462 935 1550 Anipnon.

347 1605 508 1672 lohannes
533 1604 632 1670 XXII
666 1605 806 1671 Henrico
829 1612 906 1670 nato
931 1605 1062 1670 Henrici
1086 1606 1212 1672 comitis
1236 1603 1277 1670 de
1301 1605 1456 1673 Nassnwe
1480 1624 1575 1669 cano-

241 1713 313 1778 nico
337 1712 480 1798 Spirensi
513 1719 656 1778 reservat
688 1713 922 1798 preposituram
956 1712 1092 1777 ecclesie
1127 1711 1288 1797 Spirensis
1324 1717 1509 1777 vacaturam
1542 1713 1574 1776 in

242 1819 388 1905 proximo
420 1839 478 1904 per
510 1820 783 1886 consecrationem
811 1819 965 1885 Walrami
999 1819 1093 1884 electi
1128 1819 1289 1904 Spirensis
1322 1820 1354 1883 in
1388 1819 1573 1903 episcopum

242 1927 436 2012 spirensem,
461 1927 697 1992 nonobstante
721 1925 806 2009 qnod
824 1926 982 1992 Henrious
1006 1926 1038 1990 in
1055 1925 1200 2011 Spirensi
1224 1946 1264 1992 ae
1281 1925 1462 1991 Coloniensi
1487 1934 1519 1989 et
1539 1926 1574 1990 S.

242 2033 362 2099 Florini
395 2035 427 2098 in
461 2031 663 2100 Continentia
686 2035 818 2099 Trever.
854 2032 939 2100 tlioc.
973 2037 1181 2100 canonicatus
1209 2054 1248 2099 ac
1278 2035 1310 2098 in
1338 2032 1460 2098 eisdem
1485 2032 1575 2098 Colo·

241 2141 343 2207 niensi
368 2147 401 2206 et
425 2141 458 2205 S.
484 2139 605 2205 Florini
636 2138 818 2225 prebendas
841 2141 966 2206 obtinet
989 2148 1021 2206 et
1044 2141 1077 2205 in
1102 2140 1283 2208 Coloniensi
1307 2139 1500 2224 dignitatem
1523 2138 1574 2204 vel

242 2253 445 2333 personatum
479 2266 536 2314 seu
569 2247 706 2312 officinm
740 2267 811 2313 cnm
845 2268 922 2313 eura
946 2248 998 2313 rel
1026 2247 1096 2314 sine
1119 2268 1196 2313 cura
1219 2269 1258 2313 ae
1281 2248 1313 2312 in
1338 2247 1481 2332 Spirensi
1506 2265 1575 2331 pre·

242 2353 337 2420 dictis
361 2353 507 2420 ecelesiis
530 2351 727 2438 prebendam
752 2361 786 2419 et
808 2354 946 2420 officinm
980 2356 1050 2421 sine
1082 2375 1160 2420 cura
1191 2375 1250 2441 per
1278 2354 1423 2420 diversas
1451 2354 1576 2420 litteras

243 2460 437 2546 apostolicas
471 2467 633 2545 expectat.
690 2461 862 2544 Postquam
889 2469 995 2526 tamen
1019 2461 1252 2547 preposituram
1277 2461 1455 2546 predictam
1478 2461 1577 2526 fuerit

243 2574 418 2650 assecutus,
453 2569 571 2651 littere,
604 2588 662 2653 per
694 2587 774 2650 quas
808 2568 840 2632 in
878 2567 1022 2652 Spirensi
1052 2568 1131 2634 eccl.
1161 2566 1357 2654 prebendam
1382 2573 1415 2633 et
1438 2566 1576 2633 officium

243 2676 311 2741 sine
335 2694 413 2741 eura
436 2681 598 2760 expectat,
624 2673 729 2759 quoad
747 2673 895 2756 officinm,
921 2675 984 2741 alie
1001 2695 1077 2740 raro
1101 2675 1218 2758 littere,
1243 2695 1301 2760 per
1317 2675 1444 2758 quasin
1463 2673 1575 2739 Colon.

244 2782 323 2847 ecel.
348 2781 539 2867 dignitatem
563 2782 616 2848 uel
643 2789 849 2867 personatum
877 2790 934 2847 ant
962 2781 1100 2848 officinm
1129 2801 1200 2847 eum
1230 2802 1307 2848 cura
1330 2781 1380 2845 vel
1404 2781 1474 2847 sine
1498 2800 1576 2846 cura

244 2895 406 2974 expectat,
431 2887 536 2971 quoad
561 2887 753 2973 dignitatem
777 2895 981 2974 personatum
1000 2895 1056 2954 aut
1072 2895 1214 2956 curatum
1239 2887 1377 2954 officinm
1394 2888 1458 2953 sint
1473 2907 1575 2955 casse.

349 2995 509 3062 Nobilitas
532 2996 670 3079 generis,
696 2996 761 3062 vite
787 3045 793 3060 .
820 3044 828 3060 .
854 3043 861 3059 .
908 2995 987 3061 Dat.
1005 2994 1099 3061 Auin.
1124 2994 1173 3060 Ill
1197 3014 1298 3060 nonas
1322 2994 1391 3060 iulii
1415 3016 1444 3060 a.
1467 2996 1576 3060 tertio·

244 3101 381 3169 decimo.

234 3233 238 3241 ·
348 3209 385 3273 In
402 3228 430 3273 e.
447 3230 488 3274 m.
513 3211 676 3295 preposito
692 3210 926 3294 Wilbnrgensis
948 3215 981 3276 et
1004 3209 1176 3276 scolastico
1188 3209 1427 3276 Wetslariensis
1443 3209 1575 3276 Trever.

244 3315 328 3382 droc.
353 3337 393 3382 ac
421 3315 576 3401 magistro
599 3317 737 3385 Nicolao
762 3316 802 3383 de
828 3317 956 3384 Fractis
980 3316 1135 3382 canonico
1159 3317 1364 3383 Patraeensis
1386 3317 1466 3382 ecel.
1491 3316 1577 3382 litte-

245 3444 349 3490 rarum
374 3425 621 3509 apostolicarum
644 3427 827 3490 correctori.

406 3549 480 3618 Req.
499 3548 539 3602 92
556 3547 581 3618 f.
601 3549 667 3602 100¹
685 3565 733 3603 nr.
752 3550 837 3604 3088.

351 3903 473 3972 luco.
509 3905 596 3972 1329
620 3906 697 3974 Jula‘
718 3907 750 3972 5.
784 3905 951 3994 Aoipuon.

351 4045 511 4115 Iohannes
537 4049 637 4114 XXII
678 4049 819 4116 Hemieo
852 4056 929 4117 nato
963 4051 1094 4117 Henriei
1126 4049 1168 4116 de
1199 4049 1420 4117 Valkenstede
1452 4049 1577 4117 confert

245 4155 323 4220 eccl.
348 4155 382 4221 S.
396 4153 525 4221 Andree
550 4154 660 4222 Colon.
685 4156 919 4241 canonicatum,
954 4155 1150 4244 prebendam
1178 4177 1254 4223 vero
1287 4155 1391 4223 eidem
1422 4162 1576 4223 reservat.

351 4261 572 4346 Suffragantia
596 4263 654 4330 tibi
679 4265 793 4330 merita
820 4313 826 4330 .
857 4314 864 4330 .
895 4313 902 4329 .
952 4265 1027 4330 Dat.
1051 4265 1145 4330 Avin.
1171 4265 1221 4329 IlI
1244 4283 1345 4331 nonas
1367 4263 1436 4330 iulii
1460 4285 1490 4330 a.
1515 4271 1576 4331 ter-

245 4368 427 4438 tiodeeimo.

350 4476 388 4540 ln
413 4497 442 4542 e.
466 4497 506 4540 m.
532 4475 565 4542 S.
585 4476 685 4543 Maris
709 4475 752 4542 ad
775 4475 895 4562 gradus
918 4477 1029 4543 Colon.
1054 4484 1086 4543 et
1110 4478 1144 4544 S.
1162 4478 1294 4562 Georgii
1319 4479 1428 4545 Colon.
1446 4478 1579 4546 decanis

247 4603 286 4648 ae
309 4581 537 4649 archidiacono
561 4583 770 4651 Nannetensi.

395 4708 466 4779 Rep.
487 4706 523 4760 91
541 4707 565 4778 f.
586 4709 641 4762 175
658 4723 707 4762 nr.
726 4708 813 4763 2523.
