3642 5509
734 447 802 502 1333
821 445 944 518 August
962 446 1004 500 31.
1470 444 1523 527 439

192 628 361 694 sufficienti
386 629 418 693 in
442 626 578 694 solidum
602 635 635 694 et
658 627 742 710 aliis,
766 629 792 693 si
817 647 897 712 opns
921 627 1030 711 fuerit,
1053 646 1111 692 suo
1135 626 1206 692 loco
1230 633 1263 692 et
1286 632 1429 711 tempore
1453 646 1522 710 pro·

192 734 349 821 ponendis
382 755 438 800 nos
472 735 592 820 prefati
622 736 657 799 Β.
684 735 947 820 archiepiscopus
974 741 1007 799 ct
1035 734 1196 802 canonici'
1215 735 1310 800 dictis
1343 734 1523 799 nominibus

192 843 327 909 dicimus
351 842 581 908 denunciamus
598 849 630 908 et
646 840 847 908 declaramus
863 841 984 907 dictam
1002 844 1205 908 collationem
1225 843 1293 908 sive
1309 843 1521 928 provisionem

191 951 309 1015 factam
345 970 403 1035 per
437 948 558 1014 dictum
594 949 756 1015 dominum
790 949 966 1015 Iohannem
1001 950 1149 1036 predIcto
1182 949 1322 1016 chrico
1359 949 1400 1014 de
1435 948 1523 1015 dicto

191 1057 470 1143 archiepiscopatu
504 1057 640 1122 ecclesie
674 1057 927 1140 Magantinensis
956 1065 989 1123 et
1018 1077 1128 1123 omnes
1156 1076 1323 1143 processus
1356 1056 1459 1122 factos
1491 1063 1524 1121 et

191 1163 312 1230 tiendus
345 1185 401 1250 per
435 1166 538 1249 ipsam
571 1163 732 1229 domiuum
761 1163 938 1229 Iohannem
966 1185 1024 1230 seu
1054 1166 1123 1232 eius
1147 1175 1349 1230 executorem
1375 1163 1426 1228 vel
1449 1183 1523 1228 exe·

191 1279 317 1338 catores
349 1280 406 1337 aut
438 1270 607 1356 delegatos
639 1273 672 1336 in
705 1270 848 1336 favorem
882 1271 961 1337 dicti
987 1272 1118 1338 Henrici
1146 1273 1216 1339 sive
1245 1272 1277 1336 in
1305 1277 1447 1336 nostrum
1472 1271 1523 1335 vel

190 1380 325 1445 allonius
352 1387 494 1445 nostrum
524 1386 581 1443 aut
609 1377 695 1445 dicte
725 1378 862 1444 ecclesie
886 1379 1141 1463 Magantiuensis
1169 1386 1225 1443 aut
1252 1378 1344 1444 nobis
1368 1376 1524 1443 adheren-

192 1486 270 1552 tium
296 1486 346 1551 vel
377 1486 533 1552 adherere
566 1487 739 1552 volentium
773 1486 985 1571 preiudicium
1022 1487 1073 1552 vel
1105 1505 1280 1571 gravamen
1312 1484 1525 1571 pronunciata

191 1595 259 1658 sive
283 1593 426 1660 iudicata
450 1601 483 1660 et
506 1593 708 1679 promulgata
738 1613 794 1678 per·
822 1595 927 1679 ipsum
958 1593 1120 1659 dominum
1144 1593 1330 1675 Iohannem,
1353 1599 1524 1678 postquam

192 1700 223 1764 in
249 1700 384 1766 heresim
413 1701 521 1787 lapsus
550 1709 610 1782 est,
644 1700 743 1767 fuisse
768 1709 800 1766 et
824 1720 894 1766 esse
918 1702 1021 1766 nullos
1045 1709 1078 1767 et
1100 1701 1187 1766 nulla
1211 1707 1243 1766 et
1267 1700 1383 1765 nullius
1406 1698 1525 1764 valoris

191 1816 224 1873 et
247 1810 409 1874 momenti.
456 1809 498 1873 Et
522 1816 679 1892 qnatenus
703 1808 743 1874 dc
771 1808 861 1874 facto
889 1817 1124 1894 processerunt,
1153 1808 1195 1874 ab
1224 1809 1302 1893 ipsIs
1326 1813 1359 1872 et
1382 1806 1526 1889 quolibet

192 1936 299 1981 eorum
317 1917 406 1982 stab
423 1917 493 2002 ipso
511 1915 639 1981 domino
656 1915 800 1982 Iohanne
815 1923 847 1981 et
871 1915 1042 1982 adversum
1066 1916 1170 2002 ipsum
1194 1922 1357 1998 tamquam
1382 1919 1524 1978 nostrum

192 2031 224 2088 et
248 2023 322 2089 fidei
355 2026 513 2092 catholIce
547 2025 765 2091 adversarium
789 2027 821 2091 In
846 2025 896 2092 hle
919 2027 1051 2111 scriptis
1080 2026 1288 2110 solempniter
1312 2041 1524 2110 provocamus

192 2138 224 2194 et
246 2133 423 2216 apellamus
453 2133 496 2198 ad
526 2133 694 2198 concilium
724 2133 953 2198 catholicorum
981 2131 1077 2198 fidem
1105 2132 1297 2198 catholicam
1323 2129 1455 2195 firmiter
1478 2136 1525 2194 te-

192 2237 333 2303 nentium
357 2246 390 2306 et
413 2222 631 2306 confitentium
656 2239 898 2306 convocandum
915 2240 1007 2306 etad
1032 2240 1215 2324 quemlihet,
1241 2238 1282 2304 ad
1300 2258 1393 2321 quern
1417 2242 1525 2321 potest

192 2343 407 2430 predictorum
432 2349 573 2432 cognitio
598 2348 767 2433 pertinere.
815 2348 907 2414 Etsi
936 2349 1003 2434 peti
1034 2346 1154 2414 debent
1182 2345 1330 2432 apostoli,
1362 2346 1450 2430 ipsos
1478 2344 1525 2408 in·

192 2461 315 2518 stanter
337 2462 369 2520 et
398 2456 511 2521 iterum
542 2475 614 2521 cum
645 2455 799 2521 instantia
824 2463 856 2521 et
880 2457 1109 2521 instantissime
1132 2455 1272 2541 petimus
1296 2458 1330 2540 et
1351 2452 1525 2518 subicimus

191 2581 250 2626 nos
279 2568 312 2626 et
339 2562 410 2627 iura
438 2571 548 2629 nostra
576 2570 608 2628 et
637 2583 746 2629 omues
778 2564 871 2629 nohis
903 2562 1095 2629 adherentes
1127 2569 1160 2627 et
1191 2560 1348 2627 adherere
1381 2560 1526 2626 volentes

192 2669 384 2752 protectioni
418 2677 450 2734 et
483 2669 663 2736 defensioni
692 2671 775 2737 sacri
805 2669 934 2736 concilii
958 2677 991 2736 et
1013 2677 1125 2736 sancte
1150 2669 1308 2735 catholice
1332 2666 1469 2732 ecclesIe
1491 2674 1525 2732 et

193 2775 372 2852 cuiuslibet,
397 2775 439 2841 ad
464 2797 557 2860 quem
581 2784 687 2862 potest
710 2776 927 2863 predictorum
953 2778 1095 2862 cognitio
1119 2776 1279 2860 pertinere
1303 2774 1344 2841 de
1367 2775 1446 2840 iure.
1484 2775 1526 2838 Et

193 2891 406 2967 protestamur
439 2903 496 2949 nos
529 2890 639 2948 tenere
670 2891 703 2950 ct
729 2903 857 2970 semper
888 2903 1019 2950 servare
1053 2883 1134 2949 velle
1166 2883 1254 2947 illam
1287 2881 1393 2964 fidem,
1430 2902 1525 2964 quam

193 2998 305 3056 sancta
337 2991 476 3057 ecclesia
509 2990 670 3057 catholica
703 2998 791 3056 tenet
820 2990 968 3075 predicat
990 2998 1023 3056 et
1047 2991 1209 3072 observat,
1243 3009 1305 3072 que
1335 2988 1525 3074 dIsponente

193 3096 322 3163 domino
346 3106 532 3164 cunctorum
555 3098 696 3164 fidelium
720 3105 822 3164 mater
845 3106 895 3164 est
919 3106 951 3164 ct
974 3099 1139 3182 magistra.

300 3207 383 3271 Acta
407 3214 440 3270 et
462 3205 551 3273 facta
574 3205 704 3272 fuerunt
726 3204 897 3292 predicta.
917 3255 924 3271 .
943 3211 1031 3272 .etc.

300 3336 343 3398 Ia
366 3335 529 3419 inferiore
552 3335 705 3420 margine
725 3331 789 3418 sol.
815 3335 880 3398 188
903 3333 1058 3398 additum
1082 3340 1145 3398 est:
1180 3331 1347 3416 Completa
1376 3331 1410 3395 in
1439 3330 1524 3396 festo

193 3441 313 3507 Sancte
337 3439 440 3507 Clare.

353 3581 432 3638 Bibl.
458 3582 549 3639 Vctic.
573 3583 637 3639 cod.
660 3585 738 3640 4009
759 3584 891 3639 chartac.
916 3599 956 3639 sc.
978 3583 1057 3637 XIV.
1078 3582 1104 3652 s.
1125 3583 1284 3646 roo-18&
1316 3581 1356 3651 es.
1375 3581 1428 3636 Ra.
1449 3579 1525 3635 1672

348 3687 381 3742 p.
400 3675 464 3728 674.

300 4031 423 4097 218⁰.
455 4032 541 4095 1333
564 4027 696 4116 August
716 4031 770 4094 31.
805 4027 970 4115 Aoiprtoa.

301 4173 460 4240 lohannes
485 4174 584 4239 XXII
617 4173 820 4239 Theodorico
849 4181 926 4238 nato
955 4171 1147 4238 Theudorici
1178 4169 1219 4236 de
1250 4168 1526 4254 Septemfontibus

195 4283 313 4348 clerico
330 4281 461 4346 Trever.
479 4279 562 4346 dioc.
580 4279 842 4346 consideracIone
858 4281 1011 4346 Iohannis
1035 4279 1120 4363 regis
1137 4279 1266 4343 Boemie
1290 4297 1348 4362 pro
1372 4274 1525 4341 familiari

195 4411 251 4456 suo
276 4389 487 4474 suppIIcantis
521 4395 663 4453 reservat
696 4386 884 4454 beneficium
909 4387 1162 4453 ecclesiastIcum
1186 4405 1257 4450 cum
1281 4403 1357 4450 cura
1382 4382 1433 4448 vel
1457 4383 1526 4449 sine

195 4518 281 4580 cura,
307 4495 397 4561 cuius
420 4494 554 4577 fructus,
588 4495 614 4561 si
640 4515 710 4560 cum
735 4515 822 4578 cura,
855 4497 1035 4579 sexaginta,
1068 4494 1095 4559 si
1120 4513 1196 4558 vero
1224 4493 1293 4558 sine
1317 4511 1394 4556 cura
1417 4490 1525 4573 fuerit,

195 4603 410 4689 quadraginta
439 4602 590 4668 librarum
622 4602 838 4676 turonensium
867 4621 1037 4688 parvorum
1064 4601 1204 4666 valorem
1233 4619 1371 4665 annuum
1395 4619 1421 4664 s.
1445 4603 1468 4662 t.
1493 4596 1524 4662 d.

195 4731 256 4776 nou
282 4708 451 4792 excedant,
483 4716 632 4795 spectans
663 4711 872 4775 communiter
896 4709 948 4775 vel
973 4707 1099 4776 divisim
1123 4707 1166 4774 ad
1191 4706 1432 4793 dispositionem
1455 4705 1524 4790 epi-

194 4819 284 4904 scopi
308 4815 424 4883 decani
449 4825 481 4882 et
505 4816 638 4903 capituli
662 4817 824 4883 MeteusIs.
