3642 5509
293 438 348 519 aas
847 444 918 517 iano
936 462 1009 518 runi
1031 461 1071 518 rr.

291 645 382 727 muri,
416 643 471 728 qui
505 643 662 709 circuibat
694 642 806 709 domos
829 651 863 707 et
890 641 1010 708 dictam
1041 642 1210 709 ecclesiam
1235 642 1268 708 S.
1293 641 1433 708 Victoris
1461 650 1624 725 totamque

291 771 399 818 aream
423 752 523 836 ipsius
546 749 604 817 sed
629 751 727 816 etiam
755 751 836 816 alios
859 770 966 815 muros
989 750 1124 816 eandem
1148 750 1307 817 vallantes
1329 748 1499 815 ecclesiam
1523 745 1625 812 dirue

292 864 367 924 runt
401 857 445 923 ad
467 857 555 922 illum
584 857 752 923 dumtaxat
781 857 886 940 finem,
919 875 959 922 ne
983 875 1040 943 ρετ
1068 907 1076 922 .
1105 906 1113 922 .
1142 859 1292 924 abbatem
1316 863 1349 922 et
1372 861 1563 922 conventum
1586 874 1626 918 ac

292 965 449 1031 decanum
473 971 507 1030 et
536 965 709 1049 capitulum
744 964 921 1050 prelibatus
956 965 988 1029 in
1024 965 1159 1049 prefatis
1195 964 1387 1032 monasterio
1421 969 1454 1028 et
1489 962 1626 1028 ecclesia

291 1072 439 1138 hostibus
471 1071 663 1136 introductis
687 1073 929 1157 impugnaretur
953 1072 1068 1136 civitas
1099 1078 1286 1155 memorata,
1312 1078 1346 1136 et
1368 1069 1456 1154 quod
1478 1075 1626 1154 preterea

295 1178 375 1244 dicti
399 1179 486 1245 cives
510 1198 617 1262 exeo,
640 1178 725 1244 sicut
748 1177 910 1261 asseritur,
935 1180 1112 1263 provocati,
1137 1178 1222 1262 quod
1246 1179 1309 1264 ipsi
1332 1178 1424 1243 bonis
1446 1176 1627 1259 mobilibus,

293 1305 355 1368 que
379 1284 543 1350 habebant
565 1291 658 1352 extra
682 1285 848 1350 civitatem
872 1285 1062 1370 predictam,
1088 1306 1128 1351 ex
1152 1292 1245 1372 parte
1269 1283 1411 1351 eiusdem
1428 1283 1626 1349 administra·

293 1394 411 1458 tionem
435 1394 578 1477 gerentis
601 1398 634 1458 et
657 1394 686 1458 ei
711 1392 935 1458 adherentium
959 1394 1191 1478 spoliabantur,
1216 1392 1367 1458 nonnulla
1392 1393 1475 1458 bona
1497 1390 1627 1456 mobilia

293 1498 337 1565 ad
360 1499 537 1584 capitulum
560 1501 782 1585 Magantiuum
813 1503 1025 1567 communiter
1050 1503 1101 1568 vel
1131 1502 1259 1568 divisim
1288 1501 1469 1587 spectantia
1492 1507 1525 1564 et
1548 1499 1628 1564 aliae

293 1626 448 1692 personas
471 1606 670 1674 extrinsecas
692 1616 725 1673 et
749 1608 943 1675 adherentes
968 1609 1089 1674 eisdem
1110 1628 1150 1674 ac
1173 1607 1334 1674 mandatis
1357 1609 1474 1674 nostris
1496 1605 1628 1673 obedire

294 1721 414 1780 temere
438 1735 501 1780 non
535 1722 685 1782 curantes
708 1724 742 1781 et
764 1717 934 1783 nonnullas
964 1718 1061 1782 etiarn
1093 1737 1247 1801 personas
1270 1717 1508 1782 ecclesiasticas
1531 1715 1629 1779 intrin

292 1842 385 1888 secas
408 1825 618 1890 communiter
641 1825 835 1910 spectantia,
860 1845 932 1890 cum
956 1827 1101 1910 separari
1117 1845 1181 1890 uon
1198 1830 1338 1910 possent,
1361 1843 1419 1909 per
1442 1822 1627 1890 violentiam

292 1930 493 1995 abstulerunt
527 1930 713 2015 dictumque
741 1981 749 1997 .
783 1981 790 1997 .
818 1933 969 1998 abbatem
1002 1931 1146 1998 eiusdem
1178 1933 1365 1998 monasterii
1393 1931 1426 1996 S.
1451 1930 1568 1996 Albani
1594 1935 1628 1995 et

292 2037 461 2102 nonnullas
489 2037 570 2104 alias
597 2059 751 2124 personas
778 2041 1018 2106 ecclesiasticas
1048 2040 1210 2106 seculares
1233 2047 1266 2105 et
1288 2039 1453 2124 regulares
1475 2038 1559 2123 parti
1583 2037 1627 2101 al-

293 2144 353 2208 teri
386 2141 578 2211 adherentes
611 2153 765 2231 ceperunt
790 2153 823 2212 et
846 2147 973 2230 aliquos
1003 2167 1043 2212 ex
1073 2149 1120 2213 eis
1151 2146 1317 2230 usquead
1346 2146 1534 2212 effusionem
1557 2137 1641 2210 san'

293 2250 410 2334 guinis,
444 2252 566 2334 absque
599 2260 708 2319 tamen
739 2254 938 2320 mutilatione
962 2255 1015 2320 vel
1043 2255 1164 2320 enormi
1188 2255 1362 2320 offensione
1386 2253 1535 2330 leserunt,
1559 2271 1629 2337 prc-

293 2375 410 2423 cavere
444 2358 600 2443 volentes,
635 2380 676 2425 ne
709 2362 936 2427 monasterium
966 2361 999 2427 S.
1024 2361 1135 2427 lacobi
1157 2382 1265 2448 ,supra
1296 2360 1452 2428 fossatum
1485 2358 1627 2425 eiusdem

293 2465 435 2531 civitatis
458 2465 491 2530 in
515 2465 579 2532 imo
603 2475 710 2533 monte
733 2469 886 2534 situatum
910 2468 979 2534 ord.
1000 2469 1033 2535 S.
1051 2468 1220 2534 Benedicti
1244 2468 1287 2534 ad
1310 2487 1422 2533 manus
1446 2467 1627 2552 perveniret

293 2571 435 2657 hostiles,
465 2593 537 2639 cum
566 2594 625 2660 per
648 2576 830 2660 captionem
855 2575 935 2642 dicti
959 2577 1143 2642 monasterii
1169 2597 1226 2661 per
1247 2574 1357 2641 hostes
1380 2573 1522 2640 civitatis
1545 2573 1626 2637 eius-

293 2677 367 2745 dem
390 2680 504 2746 eadem
528 2682 644 2748 civitas
667 2684 872 2749 remansisset
895 2685 1037 2767 obsessa,
1068 2685 1236 2769 presertim
1260 2685 1336 2766 quia
1359 2681 1539 2767 predictum
1562 2700 1626 2745 mo-

292 2788 467 2853 nasterium
499 2798 569 2854 erat
600 2791 764 2875 ingressus
787 2790 830 2855 ad
861 2810 932 2856 eam
957 2798 990 2856 et
1018 2793 1124 2858 exitus
1147 2792 1188 2856 ab
1217 2790 1341 2874 eadem,
1377 2789 1519 2874 expulsis
1550 2786 1626 2852 inde

293 2894 412 2960 abbate
434 2902 467 2961 et
489 2895 655 2963 monacbis
678 2899 891 2965 existentibus
915 2899 947 2963 in
971 2899 1096 2982 eodem,
1129 2900 1183 2982 qui
1213 2896 1349 2964 adverse
1380 2897 1465 2982 parti
1498 2895 1626 2980 publice

292 3001 502 3086 adherebant,
526 3003 669 3090 expulsis
684 3007 728 3088 (ἱ),
752 3027 810 3091 ρτο
834 3005 977 3071 ciusdem
1002 3006 1144 3072 civitatis
1168 3004 1371 3071 deffencioue
1394 3011 1428 3070 et
1451 3003 1553 3068 tutela
1576 3021 1625 3067 ce·

292 3118 408 3195 perunt
430 3118 464 3177 et
487 3110 649 3195 quoddam
673 3125 812 3179 castrum
829 3119 862 3177 et
877 3113 1073 3180 fortalicium
1090 3120 1335 3180 construxerunt
1350 3113 1448 3177 etiarn
1464 3111 1497 3175 in
1513 3107 1626 3175 eodem

292 3216 436 3300 illudque
465 3218 652 3285 custodibus
681 3220 883 3284 muniverunt
916 3228 948 3285 et
975 3222 1129 3285 munitum
1153 3227 1262 3285 tenere
1285 3225 1468 3305 proponunt
1490 3215 1627 3283 durante

292 3324 432 3409 malicia,
466 3345 528 3409 que
557 3327 591 3391 in
613 3326 760 3412 partibus
783 3327 849 3392 illis
870 3327 1008 3394 invaluit
1032 3336 1064 3393 et
1087 3327 1194 3394 adhuc
1217 3329 1360 3393 noscitur
1383 3326 1558 3408 imminere,
1592 3330 1625 3388 et

292 3433 444 3499 nonnulla
472 3434 537 3498 alia
565 3442 678 3500 contra
702 3435 752 3501 vel
776 3436 864 3502 circa
886 3435 1043 3501 ecclesias
1067 3443 1099 3500 et
1123 3434 1317 3502 monasteria
1341 3440 1374 3499 et
1397 3451 1551 3518 personas
1574 3449 1624 3496 ec·

293 3541 491 3607 clesiasticas
514 3541 662 3624 bonaque
689 3543 831 3626 ipsorum
860 3544 1086 3609 commiserunt
1112 3562 1170 3627 pro
1200 3543 1314 3608 timore
1338 3541 1446 3606 hostili
1469 3547 1502 3606 et
1524 3539 1626 3624 partis

292 3646 430 3714 adverse
453 3646 603 3734 dampnis
630 3650 780 3734 periculis
804 3650 1022 3718 invasionibus
1045 3657 1079 3716 et
1101 3649 1329 3716 offensionibus
1352 3647 1564 3734 precavendis
1587 3664 1626 3710 ac

212 3825 217 3834 ,
292 3755 333 3820 ob
367 3755 501 3821 tutelam
525 3762 557 3821 et
580 3754 812 3823 deffensionem
845 3759 986 3825 civitatis
1020 3745 1172 3840 eiusdem,
1206 3777 1268 3840 que
1291 3755 1441 3824 viderunt
1467 3775 1525 3840 ρτο
1549 3773 1624 3819 con-

292 3861 488 3929 sideratione
516 3863 682 3946 qualitatis
710 3865 773 3931 loci
801 3873 834 3931 et
864 3866 1016 3951 temporis
1039 3863 1204 3950 expedire.
1250 3863 1293 3928 Et
1316 3863 1393 3928 licet
1415 3863 1503 3928 nulla
1526 3867 1624 3926 teme·

293 3969 372 4036 ritas
394 3988 451 4035 seu
473 3970 603 4036 malicia
634 3970 739 4038 dictos
772 3972 861 4039 cives
892 3981 925 4038 et
958 3971 1151 4038 adherentes
1180 3969 1302 4036 eisdem
1330 3969 1373 4036 ad
1401 3969 1624 4055 patrationem,

292 4077 377 4144 sicut
408 4078 571 4160 asseritur,
604 4078 768 4145 induxerit
799 4082 1025 4166 premissorum
1053 4079 1104 4146 vel
1134 4079 1269 4145 alicuius
1296 4077 1481 4154 eorundem,
1517 4083 1625 4142 tamen

291 4185 442 4250 nonnulle
465 4204 600 4270 persone
620 4186 840 4254 ecclesiastice
856 4187 1002 4254 dicentes
1018 4187 1124 4254 dictos
1140 4189 1228 4253 cives
1244 4191 1277 4252 et
1293 4185 1487 4251 adherentes
1503 4181 1624 4250 eisdem

292 4311 393 4378 penas
426 4291 589 4358 interdicti
623 4299 657 4359 et
690 4295 824 4360 aliarum
859 4295 1088 4361 sententiarum
1122 4315 1181 4380 per
1215 4293 1426 4380 provincialia
1454 4290 1622 4378 synodalia

292 4405 415 4466 statuta
442 4401 580 4468 ecclesie
611 4401 815 4488 Maguntine,
848 4423 910 4487 que
939 4404 1090 4470 dicuntur
1118 4423 1175 4489 per
1204 4402 1314 4470 sedem
1342 4402 1553 4490 apostolicam
1582 4419 1624 4465 ex

293 4512 382 4573 certa
405 4509 602 4575 conscientia
626 4509 823 4589 confirmata,
852 4513 885 4576 in
909 4513 1127 4578 combustores
1154 4512 1295 4578 locorum
1320 4509 1622 4592 ecclesiastieorum,

292 4621 441 4701 captores
479 4624 513 4682 et
550 4615 734 4684 detentores
772 4618 967 4704 prelatorum
1007 4627 1039 4684 et
1077 4639 1285 4704 personarum
1321 4617 1623 4701 ecclesiasticarum,

291 4731 438 4809 raptores
464 4732 498 4791 et
526 4733 737 4810 occupatores
766 4727 919 4792 bonorum
948 4729 1088 4813 ipsorum
1112 4728 1201 4792 etin
1225 4729 1626 4794 castellatoresmonaste-

291 4831 410 4899 riorum
438 4852 495 4900 seu
525 4834 733 4900 ecclesiarum
762 4841 795 4900 et
822 4835 956 4902 aliorum
985 4837 1124 4902 locorum
1154 4835 1455 4926 ecclesiasticorum,
1480 4851 1626 4924 quorum-
