3642 5509
720 441 790 498 1327
809 438 928 498 Januar
947 440 973 498 9.
1520 441 1538 499 a

309 621 413 687 1111.
438 623 525 688 1327
549 623 689 688 Jaaaar
711 624 743 686 9.
767 620 933 710 Avipaon.

309 763 467 831 Iohannes
492 765 591 830 XXII
627 764 769 831 Aruoldo
804 772 880 831 nato
915 764 1074 848 quondam
1109 765 1262 832 Iohannis
1291 765 1332 832 de
1361 767 1537 852 Hergiurot

202 871 326 937 confert
349 871 427 938 eccl.
456 872 494 938 B.
518 871 620 938 blarie
644 872 802 956 Aquensis
825 872 928 939 Leod.
953 872 1039 941 dioc.
1072 873 1306 958 canonicatum,
1341 874 1538 959 prebendam

202 998 278 1044 vero
302 978 406 1045 eidem
429 985 582 1046 reservat.

308 1087 494 1172 Apostolice
517 1086 721 1154 liberalitatis
744 1086 986 1154 dexteram
1034 1088 1110 1153 Dat.
1133 1088 1228 1154 Asin.
1252 1088 1282 1154 V
1304 1086 1377 1155 Idus
1399 1089 1536 1155 ianuarii

202 1213 232 1257 a.
258 1192 439 1260 undecimo.

308 1301 346 1366 In
369 1320 397 1366 e.
422 1321 464 1366 m.
490 1300 611 1368 eisdem
635 1301 861 1368 executoribus
885 1303 1000 1386 quibus
1024 1321 1052 1368 c.
1076 1303 1176 1368 2411.

357 1424 603 1495 separares
621 1441 669 1479 ar.
689 1424 774 1480 2412.

307 1696 415 1762 1112.
442 1699 528 1763 1327
555 1697 955 1787 marcomannorum.

305 1837 476 1924 [Iohannes
499 1840 610 1926 XXII]
634 1841 685 1907 Ad
709 1841 848 1909 suturam
871 1844 919 1908 rei
942 1842 1137 1909 memoriam.

307 1947 418 2032 Nuper
441 1947 616 2032 intellecto,
653 1947 772 2032 quod.
799 1998 839 2015 ..
876 1948 1086 2034 Cuuagundis
1119 1947 1161 2015 de
1190 1947 1299 2015 Monte
1330 1948 1536 2018 Assindensis

200 2054 275 2120 clim
292 2055 325 2119 in
343 2053 531 2121 Gerisebem
555 2055 745 2122 secularium
769 2056 977 2122 ecclesiarum
995 2055 1194 2123 Coloniensis
1217 2055 1356 2123 diocesis
1371 2056 1537 2124 abbatissa

199 2161 351 2228 fueritin
374 2162 573 2228 abbatissam
596 2163 697 2248 ipsius
716 2162 923 2231 Assindensis
945 2163 1083 2233 ecclesie
1107 2163 1262 2230 canonice
1285 2163 1399 2248 electa,
1423 2184 1535 2231 nos...

200 2268 374 2335 dummodo
406 2275 550 2354 tempore
574 2268 650 2335 date
673 2271 874 2356 presencIum
897 2291 961 2336 non
984 2270 1028 2337 sit
1051 2271 1207 2337 canonice
1228 2271 1261 2336 in
1285 2269 1374 2336 dicta
1396 2270 1536 2338 eeclesia

198 2375 233 2441 iu
249 2375 435 2443 Genscbem
453 2375 494 2442 de
510 2377 575 2442 alia
599 2397 734 2462 persoea
757 2377 874 2444 electio
899 2377 1129 2445 celebrata...
1153 2376 1368 2463 provisionem
1391 2377 1533 2446 eiusdem

198 2483 336 2551 ecclesie
359 2485 392 2548 in
413 2483 600 2550 Gerischem
625 2483 827 2570 dispositioni
850 2491 960 2552 nostre
983 2491 1016 2552 et
1039 2483 1127 2552 sedis
1150 2485 1328 2571 apostolice
1350 2485 1534 2571 specialiter

197 2609 466 2659 reservamus...
499 2591 575 2656 Dat.
599 2593 694 2658 Aviu.
718 2592 786 2658 ΗΠ
809 2592 882 2659 idus
905 2593 1043 2660 ianuarii
1065 2613 1095 2658 a.
1119 2592 1299 2660 undecimo.

348 2715 421 2786 ch.
441 2716 479 2770 81
496 2714 521 2784 f.
541 2716 598 2770 188
615 2730 663 2770 nr.
683 2715 773 2782 2495,·
794 2717 845 2772 Ra.
867 2717 929 2773 791.

306 2987 416 3054 1113.
449 2991 534 3054 1327
558 2989 698 3056 Jaacar
724 2990 775 3054 10.
803 2987 968 3076 Acipcoa.

303 3130 463 3198 Iohannes
488 3130 587 3196 XXII
620 3131 716 3199 Petro
740 3132 829 3198 Petri
857 3131 946 3198 dicto
974 3131 1097 3216 Megrel
1121 3129 1163 3198 de
1186 3129 1392 3198 Bredeburcb
1417 3129 1533 3198 clerico

198 3238 331 3304 Trever.
364 3237 449 3305 dioc.
483 3238 740 3306 consideratione
763 3238 916 3306 Iohannis
948 3240 1035 3324 regis
1058 3239 1190 3306 Boemie
1218 3259 1276 3324 pro
1305 3238 1360 3305 illo
1384 3238 1534 3305 familiari

198 3365 256 3411 suc
290 3344 501 3431 supplicantis
532 3353 676 3413 reservat
701 3345 889 3412 beneficium
915 3344 1169 3414 ecclesiasticum
1194 3366 1265 3412 cum
1290 3365 1367 3412 cura
1390 3345 1442 3412 rel
1465 3347 1534 3412 sine

198 3472 276 3519 cura
311 3458 497 3519 consuetum
533 3453 658 3519 clericis
691 3453 888 3520 secularibus
923 3454 1091 3538 assignari,
1128 3454 1219 3520 cuius
1245 3453 1381 3536 fructus,
1409 3453 1533 3519 sicum

198 3580 286 3644 cura,
318 3559 517 3644 octuaginta,
546 3560 574 3625 si
600 3580 678 3627 vero
701 3559 770 3626 sine
794 3580 871 3627 cura
894 3560 1002 3643 fuerit,
1032 3559 1248 3644 quadragInta
1270 3560 1423 3626 librarum
1447 3565 1533 3626 turo·

197 3667 342 3734 nensIum
365 3686 537 3753 parvorum
561 3687 586 3733 s.
604 3673 625 3732 t.
642 3665 673 3732 d.
698 3666 840 3734 valorem
864 3665 1003 3733 annuum
1026 3689 1090 3734 uon
1114 3665 1284 3750 excedant,
1304 3673 1466 3752 spectans
1490 3664 1533 3733 ad

197 3773 440 3859 dispositionem
464 3773 592 3841 abbatis
616 3780 648 3839 et
664 3781 840 3842 conventus
863 3774 1050 3842 monasterii
1062 3775 1257 3841 Prumiensis
1272 3772 1341 3839 ord.
1358 3774 1392 3841 S.
1409 3773 1532 3840 Bened.

197 3881 331 3948 Trever.
355 3880 439 3946 dioc.

308 3987 383 4054 Vite
415 4007 456 4054 ac
487 4008 610 4054 morum
640 3988 793 4056 honestas
824 4038 831 4054 .
857 4037 897 4055 ..
945 3988 1021 4055 Dat.
1045 3988 1143 4054 Asin.
1167 3988 1235 4053 IIII
1258 3986 1332 4054 idus
1354 3986 1535 4054 ianuariis

196 4093 378 4162 undecimo.

302 4205 340 4270 In
363 4224 390 4271 e.
417 4225 460 4270 m.
493 4203 724 4271 Ildebrandiuo
754 4205 906 4290 episcopo
931 4201 1094 4270 Padnensi
1123 4208 1156 4270 et
1185 4202 1310 4269 decano
1333 4221 1374 4268 ac
1396 4201 1533 4270 Nicolao

196 4311 239 4378 dc
262 4311 403 4397 Patinga
426 4312 581 4379 canonico
609 4312 689 4380 eccl.
713 4313 846 4380 Trever.

357 4436 431 4506 aeq.
451 4437 488 4492 81
507 4436 532 4507 f.
552 4437 597 4493 87
616 4453 664 4492 ar.
683 4435 770 4491 2281.

193 4655 196 4658 ’
301 4663 411 4731 1114.
437 4665 687 4733 mamaccas
713 4665 765 4731 10.
796 4663 964 4750 Aoipcoo.
1047 4723 1051 4730 .

304 4806 464 4875 Iohannes
477 4807 576 4874 XXII
599 4807 742 4874 Waltero
766 4804 808 4872 de
824 4805 979 4901 Luffinga
1002 4803 1265 4872 consideracione
1281 4802 1433 4874 Iohannis
1448 4805 1534 4892 regis
