3642 5509
842 415 913 472 1329
931 414 992 472 Mat
1010 415 1035 472 2.
1552 415 1606 474 145

271 593 338 660 rico
362 593 403 661 de
427 596 583 664 Nassawe
609 595 719 662 Colon.
753 617 792 662 ac
826 597 943 664 Bosolo
976 596 1019 663 de
1045 599 1163 665 Parme
1196 598 1410 666 Tornacensis
1442 600 1606 666 canonicis

272 702 490 769 ecelesiarum.

423 846 495 916 Rey.
515 844 592 915 9lf.
612 847 669 901 155
687 862 735 901 nr.
755 847 842 901 2469.

375 1108 482 1176 1711.
509 1112 595 1175 1329
618 1112 693 1176 Mai
715 1113 746 1175 2.
772 1109 937 1198 Aoipnon.

376 1251 535 1318 iohannes
558 1251 657 1318 XXII
689 1254 829 1320 Henrico
859 1252 901 1319 de
931 1253 1129 1340 Dollendorp
1158 1254 1284 1320 confert
1313 1255 1392 1320 eccl.
1424 1254 1605 1320 Bonnensis

270 1359 379 1425 Coton.
406 1359 488 1425 dioc.
514 1361 748 1438 canonicatum,
773 1359 971 1446 prebendam
996 1381 1072 1428 vern
1097 1369 1129 1426 et
1153 1369 1275 1427 curtem
1291 1362 1343 1428 vel
1366 1360 1525 1428 decimam
1548 1379 1605 1426 seu
1684 1439 1689 1448 1

270 1465 487 1532 obedientiam
518 1474 702 1534 consuetam
732 1469 895 1534 canonicis
925 1467 1068 1534 eiusdem
1092 1469 1172 1534 eccl.
1196 1468 1355 1554 assignari
1379 1468 1484 1536 eidem
1507 1489 1606 1536 reser-

270 1581 336 1656 vat,
370 1594 433 1639 non
465 1575 612 1658 obstante
645 1573 730 1657 quod
764 1576 797 1640 in
829 1577 908 1641 eccl.
935 1576 972 1641 B.
993 1576 1095 1641 Marie
1126 1574 1169 1642 ad
1196 1575 1317 1660 gradus
1341 1576 1452 1643 Goion.
1476 1575 1605 1643 canoni·

270 1688 377 1746 catum
401 1689 433 1747 et
456 1680 653 1766 prebendam
678 1682 801 1747 obtinet
825 1689 858 1748 et
881 1681 916 1746 in
940 1683 973 1747 S.
991 1682 1113 1748 Florini
1136 1683 1169 1748 in
1186 1680 1388 1749 Continentia
1410 1689 1443 1749 et
1465 1684 1499 1748 in
1523 1683 1605 1750 Mes·

270 1787 400 1854 cedenti
424 1788 556 1855 Trever.
582 1796 614 1854 et
637 1789 747 1854 Oolon.
773 1788 857 1855 dioc.
892 1810 988 1874 super
1018 1791 1244 1875 expectatione
1272 1788 1507 1876 prebendarum
1530 1810 1604 1856 aue-

270 1897 398 1962 toritate
422 1897 602 1980 apostolica
625 1897 657 1961 in
682 1898 871 1962 canonicum
894 1904 944 1963 est·
969 1905 1117 1982 receptus
1140 1917 1264 1963 necnon
1286 1899 1320 1963 in
1343 1895 1457 1963 eadem
1481 1897 1514 1963 S.
1531 1897 1604 1962 Flo-

269 2003 329 2068 rini
359 2002 503 2069 ecclesiis
533 2001 574 2068 de
603 2005 747 2069 cantoria
780 2003 884 2069 eidem
918 2023 1019 2089 nuper
1048 2010 1097 2069 est
1126 2005 1319 2070 auctoritate
1351 2003 1500 2089 predicta
1531 2024 1604 2090 pro·

270 2111 381 2194 visum,
411 2111 558 2193 quamvis
588 2109 718 2193 quidam
748 2109 830 2175 alius
855 2112 1032 2177 cantoriam
1056 2110 1098 2176 de
1121 2110 1208 2177 iacto
1232 2110 1377 2176 detineat
1400 2118 1602 2197 occupatam.

375 2217 450 2282 Vite
473 2236 657 2283 aemorum
680 2217 832 2285 honestas
849 2268 856 2284 .
876 2268 909 2283 ..
958 2219 1032 2284 Dat.
1056 2219 1150 2285 Avin.
1174 2218 1220 2284 VI
1242 2216 1319 2285 idus
1342 2217 1419 2284 maii
1442 2238 1472 2283 a.
1495 2217 1603 2285 tertio

269 2322 405 2391 decimo.

375 2433 413 2497 In
436 2451 464 2497 e.
482 2453 523 2497 m.
548 2431 671 2497 decano
696 2432 730 2498 S.
748 2431 880 2516 Georgii
905 2432 1016 2498 Goion.
1041 2439 1075 2499 et
1098 2433 1252 2517 magistro
1277 2433 1397 2498 Iacobo
1420 2431 1462 2498 de
1478 2433 1602 2498 Mutina

269 2537 428 2604 Tullensis
452 2557 491 2603 ac
516 2537 595 2604 dicti
618 2539 651 2604 S.
670 2539 802 2623 Georgii
826 2539 936 2606 Golon.
961 2541 1141 2607 scolasticis
1164 2540 1381 2607 ecelesiarum.

425 2662 498 2732 ch.
517 2661 555 2717 91
571 2661 597 2732 f.
616 2665 670 2717 184
688 2678 737 2717 nr.
756 2662 843 2718 2545.

371 2952 486 3019 1712.
519 2955 604 3018 1329
627 2953 702 3019 Mat
727 2955 756 3018 7.
782 2950 948 3040 Aoiprtort.

374 3094 532 3161 iohannes
558 3095 656 3160 XXII
686 3094 847 3160 Walramo
870 3093 913 3160 de
937 3094 1060 3161 luliaco
1084 3095 1253 3181 capellano
1277 3115 1336 3163 suo
1359 3095 1485 3162 confert
1508 3114 1602 3162 cano

267 3201 407 3267 nicatum
432 3210 464 3267 et
489 3199 689 3287 prebendam
714 3222 753 3266 ae
777 3201 1011 3287 preposituram
1036 3202 1104 3266 eccl
1139 3201 1241 3269 Leod.
1267 3208 1423 3269 vacantes
1450 3223 1508 3287 per
1535 3203 1602 3268 obi·

268 3314 333 3373 tum
358 3307 513 3374 Bernardi
545 3308 594 3374 tit.
619 3306 652 3374 S.
679 3308 852 3374 Clementis
883 3308 1054 3393 presbiteri
1085 3306 1269 3392 cardinalis,
1304 3309 1358 3391 qui
1390 3329 1492 3395 nuper
1515 3308 1602 3394 apud

268 3413 376 3480 sedem
410 3415 619 3499 apostolicam
654 3415 739 3480 diem
770 3416 886 3481 elausit
909 3420 1098 3480 extremum.
1146 3414 1225 3480 Cum
1249 3415 1363 3481 eodem
1386 3417 1516 3500 insuper
1540 3414 1602 3482 dis·

269 3528 392 3606 pensat,
422 3529 457 3587 ut
485 3521 606 3587 dietam
630 3523 864 3607 preposituram
889 3542 1047 3588 unacum
1072 3524 1276 3608 prepositura
1299 3524 1378 3590 eccl.
1402 3525 1437 3591 S.
1462 3522 1602 3590 Servatii

269 3630 408 3695 'I'raiect
426 3628 528 3694 Leod.
546 3628 640 3712 dioe,
666 3628 806 3696 etiamsi
828 3628 950 3695 eisdem
966 3649 1043 3696 cura
1066 3630 1231 3696 immineat
1253 3631 1441 3717 animarum,
1464 3631 1603 3698 retinere
1658 3640 1662 3647 '

268 3736 385 3816 valeat.

375 3841 469 3910 Sedis
492 3843 668 3930 apostolice
691 3843 896 3929 providentia
919 3893 927 3908 .
954 3893 961 3908 .
988 3893 996 3908 .
1043 3845 1117 3910 Dat.
1143 3846 1237 3911 Avin.
1260 3865 1363 3912 nonas
1385 3847 1461 3912 maii
1485 3866 1515 3913 a.
1539 3851 1601 3912 ter·

268 3950 451 4017 tiodecimo.

378 4056 412 4122 ln
437 4078 465 4123 e.
489 4078 529 4123 m.
554 4058 664 4125 abbati
688 4059 870 4124 monasterii
894 4059 929 4126 S.
955 4058 1163 4126 Pantaleonis
1187 4060 1296 4126 Golon.
1322 4067 1355 4126 et
1378 4061 1542 4146 preposito
1566 4061 1600 4127 S.

268 4165 369 4230 Marie
393 4165 552 4249 Aquensis
575 4163 676 4231 Leod.
701 4164 784 4231 dioc.
817 4187 856 4232 ae
884 4165 1114 4232 archidiacono
1138 4167 1353 4235 Nannetensis
1380 4167 1598 4234 ecclesiarum.

429 4289 502 4360 Rep.
522 4288 558 4344 91
574 4288 600 4359 f.
617 4289 675 4343 244
693 4305 741 4344 nr.
761 4289 846 4345 2701.

375 4560 492 4627 1713.
522 4563 609 4627 1329
632 4563 706 4628 Mat
730 4565 762 4628 8.
787 4561 953 4649 Aoiprton.

377 4705 543 4770 Iohannes
569 4705 679 4770 XXII
704 4706 817 4771 abbati
840 4707 1037 4772 monosterii
1060 4706 1281 4774 Bellircditor
1305 4717 1336 4774 et
1360 4708 1396 4775 S.
1419 4703 1538 4776 Gracia
1560 4731 1601 4777 ae

271 4812 306 4878 S.
333 4811 496 4878 Iohannis
518 4813 621 4880 Laod.
653 4815 789 4880 decanis
818 4814 970 4891 manaim,
1000 4816 1159 4900 quatem
1186 4816 1369 4882 decernant
1397 4817 1491 4883 litem
1513 4818 1602 4884 inter
