3642 5509
764 455 832 512 1337
851 454 974 528 August
992 453 1036 512 Yl.

331 688 461 756 2298.
488 693 574 757 1337
600 689 732 777 Aapaat
755 692 809 758 27.
843 689 1009 778 Aoipaoa.

332 832 539 918 [Benedictus
562 834 692 918 X11]..
712 883 719 898 .
738 834 871 901 Iohanni
897 834 965 919 regi
992 835 1131 900 Boemie.

333 941 533 1007 Excellentie
558 950 612 1006 tue
635 941 770 1022 litteras,
801 961 881 1025 quas
909 961 1010 1027 nuper
1038 941 1233 1025 apostolatui
1257 949 1364 1008 nostro
1388 962 1484 1026 snper
1508 962 1560 1008 ex-

226 1049 445 1114 cusationibus
469 1048 669 1132 quorundam
684 1048 776 1114 nobis
793 1049 977 1130 relatorum,
1002 1049 1167 1132 inquibus
1190 1048 1396 1115 intellexeras
1419 1049 1512 1114 nobis
1528 1056 1561 1114 te

226 1155 323 1222 fuisse
348 1155 500 1237 delatum,
526 1162 581 1221 tua
604 1158 761 1222 serenitas
785 1155 971 1239 destinavit,
996 1157 1175 1242 recepimus
1199 1163 1232 1222 et
1253 1157 1468 1222 intelleximus
1492 1156 1563 1222 dili·

226 1269 349 1347 genter.
397 1261 501 1348 Super
533 1263 647 1346 quibus
680 1264 769 1347 regie
803 1263 993 1329 sublimitati
1027 1264 1168 1329 breviter
1199 1263 1439 1350 respondemus,
1473 1262 1560 1346 quod

227 1371 451 1436 excusationes
483 1370 648 1455 predictas
678 1377 845 1454 gratanter
877 1370 1059 1436 audivimus
1083 1378 1178 1453 teque
1202 1389 1298 1454 snper
1320 1347 1484 1457 premissis
1507 1371 1562 1436 ba·

227 1477 339 1543 bemus
362 1483 395 1542 et
420 1477 538 1544 babere
562 1477 770 1562 proponimus
792 1484 992 1544 excusatum.
1040 1478 1118 1544 Dat.
1135 1479 1231 1544 Avin.
1249 1479 1294 1543 Vl
1311 1478 1355 1544 lxl.
1372 1479 1563 1564 septembris

228 1605 257 1650 a.
282 1585 387 1651 tertio.

388 1692 460 1761 Rep.
480 1690 539 1745 123
555 1691 581 1760 f.
601 1692 646 1745 731
664 1706 711 1745 nr.
731 1691 806 1757 249;
825 1692 878 1746 Ra.
898 1691 979 1746 1899.

334 1963 464 2029 2299.
492 1966 576 2030 1337
602 1963 795 2049 September
816 1965 849 2030 5.
874 1962 1073 2051 Godeaberp.

343 2109 534 2174 Wulrarnas
566 2109 838 2193 archiepiscopus
873 2106 1082 2174 Ocloaieasis
1114 2109 1240 2174 litteris
1273 2109 1456 2174 Benedicta
1490 2109 1568 2173 XII

228 2213 405 2280 destinatis
428 2223 568 2282 accusat
591 2237 635 2294 ae,
664 2216 753 2300 qaod
782 2217 824 2280 ab
855 2215 970 2280 eodem
999 2216 1123 2282 citatas
1147 2217 1193 2281 ad
1216 2217 1347 2281 enham
1371 2217 1563 2282 Romanam

227 2324 341 2388 venire
364 2343 433 2387 oca
449 2324 571 2408 possit.

336 2463 546 2530 Sanctissimo
569 2463 603 2529 in
627 2464 756 2531 Christo
791 2464 876 2549 patri
913 2471 946 2530 et
969 2463 1098 2530 domino
1131 2484 1201 2549 suo,
1232 2463 1362 2532 domino
1387 2464 1563 2531 Benedicta

228 2579 434 2638 sacrosancte
457 2571 601 2638 Romane
625 2591 664 2637 ae
687 2571 877 2638 universalis
902 2572 1039 2640 ecclesie
1062 2592 1185 2640 summo
1212 2571 1357 2658 pontifici
1382 2572 1564 2638 Walramus

229 2677 282 2745 dei
307 2686 341 2746 et
361 2680 537 2764 apostolice
561 2679 647 2744 sedis
670 2681 777 2763 gratia
793 2679 993 2746 Ooloniensis
1016 2679 1279 2766 archiepiscopus
1303 2679 1422 2746 devota
1446 2680 1564 2766 pedum

230 2784 340 2851 oscula
363 2786 540 2851 beatorum.

336 2893 458 2960 Noscat
487 2899 603 2975 vestra,
640 2899 732 2978 pater
763 2894 975 2978 sanctissime,
1011 2893 1188 2977 beatitudo,
1223 2893 1310 2978 quod
1345 2893 1408 2960 biis
1439 2893 1562 2978 diebus,

230 2998 382 3065 videlieet
406 3018 514 3066 mense
538 3001 665 3083 augusti
689 2999 741 3065 die
764 3001 918 3068 vicesimo
942 3008 1067 3085 quarto,
1096 3008 1202 3068 vestre
1234 3001 1416 3067 sanctitatis
1439 3001 1564 3068 litteras

230 3107 319 3172 bulla
342 3127 419 3173 vera
451 3106 603 3193 plumbea
635 3113 667 3172 et
691 3105 751 3172 filis
775 3109 908 3194 canapis
938 3127 1026 3173 more
1058 3109 1154 3173 solito
1187 3108 1354 3174 conclusas
1386 3108 1483 3173 michi
1507 3128 1564 3194 per

231 3215 333 3280 virum
363 3214 534 3280 discretum
559 3213 690 3280 llarium
723 3211 764 3278 de
788 3213 1035 3280 Monterotundo
1060 3221 1201 3280 vestrum
1234 3233 1394 3280 cursorem
1426 3217 1563 3280 iuratum

230 3329 431 3406 presentatas
455 3341 526 3387 cum
559 3321 750 3405 reverentia,
786 3341 850 3404 qua
873 3321 993 3406 decuit,
1028 3323 1149 3407 recepi,
1185 3341 1317 3405 quarum
1354 3327 1497 3389 tenorem
1521 3321 1563 3386 de

230 3430 329 3495 verbo
352 3428 395 3494 ad
420 3430 551 3495 verbum
576 3427 652 3494 duxi
677 3429 879 3514 presentibus
902 3431 983 3497 meis
1007 3429 1125 3496 litteris
1148 3429 1369 3496 inserendum:

338 3535 533 3602 Benedictus
556 3538 725 3622 episcopus
755 3556 866 3603 servus
888 3556 1053 3604 servornm
1082 3536 1135 3603 dei
1160 3536 1335 3603 venerabili
1363 3537 1457 3602 fratri
1480 3536 1565 3602 Wal-

230 3663 320 3709 ramo
344 3643 578 3730 archiepiscopi
596 3643 789 3712 Coloniensi.
836 3645 981 3710 Salutem
1005 3651 1039 3711 et
1061 3644 1272 3730 apostolicam
1296 3642 1564 3710 benedictionem.

338 3751 487 3818 Militanti
513 3751 649 3818 ecclesie
672 3751 783 3818 divina
807 3801 813 3814 .
840 3801 847 3816 .
874 3801 881 3816 .
918 3752 993 3818 Dat.
1018 3753 1112 3818 Avin.
1137 3751 1216 3816 XVI
1240 3751 1286 3817 lrl.
1311 3751 1438 3837 augusti
1462 3749 1565 3837 ponti·

231 3859 345 3925 licatns
367 3859 468 3924 nostri
491 3879 575 3924 anno
599 3859 710 3924 tercio.
758 3857 836 3945 (Nr.
862 3861 976 3937 2294.)

338 3966 493 4032 Perleetis
517 3965 616 4049 igitur
640 3972 673 4032 et
696 3966 869 4032 intellectis
893 3966 956 4032 hiis
973 3967 1087 4033 vestris
1104 3967 1229 4043 litteris,
1254 3966 1365 4032 habito
1388 3965 1566 4050 superbiis

232 4072 409 4139 deliberato
433 4074 572 4156 sonsilio,
607 4093 679 4138 cum
712 4073 808 4139 micbi
832 4075 1003 4156 occurerit,
1037 4073 1134 4157 quod,
1168 4074 1253 4140 sicut
1275 4093 1315 4138 ex
1339 4072 1446 4139 causis
1469 4073 1565 4138 iufra·

232 4179 360 4265 seriptis
376 4179 542 4246 evidenter
565 4187 711 4265 apparet,
736 4178 910 4246 secundum
928 4181 1027 4245 vestri
1050 4187 1191 4246 tenorem
1216 4179 1360 4245 mandati
1377 4180 1486 4245 venire
1501 4200 1565 4245 non

233 4289 389 4371 potuerim
414 4287 474 4354 hiis
498 4288 694 4373 temporibus
717 4307 820 4372 neque
844 4289 963 4374 possim
988 4290 1047 4355 sub
1072 4287 1159 4355 dicto
1184 4297 1337 4374 tempore,
1371 4307 1434 4371 quo
1458 4307 1565 4354 neces

232 4396 317 4459 sario
351 4393 475 4478 indigui
512 4416 569 4480 pro
603 4395 791 4462 decentibus
826 4395 952 4460 nunciis
975 4393 1176 4462 destinandis
1210 4397 1321 4478 eisque
1355 4392 1566 4480 preparandis

233 4500 441 4585 disponendis
457 4501 669 4568 informandis
693 4511 725 4567 et
741 4500 936 4568 instruendis
959 4522 1055 4588 super
1078 4501 1149 4585 biis,
1175 4522 1236 4585 que
1253 4502 1340 4567 circa
1362 4501 1424 4568 boc
1446 4503 1566 4567 incum-

233 4608 353 4675 bebant
376 4609 540 4693 negotium
564 4629 622 4695 pro
646 4608 861 4695 comparando
895 4611 928 4673 in
952 4615 1058 4674 vestre
1081 4609 1263 4674 sanctitatis
1287 4610 1481 4692 presentiam
1505 4615 1566 4674 ter·

233 4719 318 4781 mino
341 4717 373 4781 in
396 4718 512 4782 vestris
535 4717 650 4783 litteris
680 4715 812 4803 prefixo,
842 4715 928 4782 idem
953 4717 1106 4781 terminus
1138 4717 1217 4800 ipsis
1251 4714 1331 4781 meis
1354 4717 1478 4782 nunciis
1502 4717 1566 4782 evi·

233 4824 346 4891 denter
369 4823 479 4890 existit
508 4825 602 4890 nimis
624 4829 723 4908 artas,
753 4830 926 4910 propterea
949 4821 1034 4906 quod
1059 4821 1122 4888 biis
1150 4821 1276 4906 diebus,
1312 4821 1399 4906 quod
1420 4821 1567 4890 dolenter
