3642 5509
800 435 871 492 1330
887 434 948 490 Mal
966 435 1010 493 26.
1514 439 1568 493 333

231 617 346 683 tenciis
381 615 600 700 spiritualibus
633 621 666 680 et
697 615 928 700 temporalibus
962 616 1074 698 utique
1107 615 1298 701 periculosis
1333 622 1366 681 et
1401 616 1565 700 gravibus,

231 724 346 807 quihus
368 724 430 808 ipsi
455 729 487 787 et
511 742 620 788 eornm
644 722 828 806 complices,
852 742 1008 805 sequaces
1025 772 1032 787 .
1051 772 1058 786 .
1077 771 1085 788 .
1102 723 1232 789 obnoxii
1257 729 1289 788 et
1312 723 1402 806 ligati
1427 724 1567 789 existere

231 830 439 897 dinoscuntur
450 838 475 911 ⁸,
509 828 630 910 vitatis,
663 829 792 914 penitus
825 829 912 894 velut
944 831 1003 894 viri
1037 829 1139 895 fortes
1171 836 1356 896 constantes
1388 837 1421 895 et
1443 833 1563 896 strenui

230 938 421 1023 persistatis,
456 937 568 1002 scituri
584 925 687 1019 'quod
719 955 778 1001 nos
809 943 842 1002 et
865 935 1005 1002 ecclesia
1037 945 1213 1002 memorata
1246 937 1338 1002 vobis
1362 943 1394 1002 et
1418 937 1566 1004 fidelibus

230 1045 303 1109 aliis
335 1043 491 1110 adversus
523 1041 652 1108 eosdem
682 1043 883 1109 scismaticos
913 1049 945 1108 et
969 1044 1137 1126 hereticos,
1172 1065 1305 1127 quorum
1329 1044 1509 1128 potenciam
1535 1053 1567 1110 et

231 1152 412 1236 superbiam
437 1152 468 1214 in
494 1150 583 1215 brevi
608 1151 774 1214 enervabit
798 1161 831 1214 ct
854 1157 1008 1231 conteret,
1043 1156 1078 1215 ut
1100 1170 1277 1236 speramus,
1307 1151 1491 1234 altissimus,
1516 1173 1566 1218 as-

231 1259 344 1323 sistere
374 1257 484 1322 divina
512 1257 626 1340 gracia
654 1256 854 1339 suffragante
885 1255 1082 1322 intendimus
1106 1257 1237 1322 auxiliis
1260 1258 1400 1323 consiliis
1424 1265 1456 1322 et
1481 1257 1567 1322 favo-

231 1365 319 1429 ribus
342 1365 585 1450 oportunis...
632 1363 707 1427 Dat.
733 1363 826 1427 Avin.
852 1363 884 1427 X
908 1362 953 1428 kl.
977 1364 1054 1428 iunii
1079 1383 1109 1427 a.
1134 1362 1384 1446 decimoquarto.

338 1470 375 1534 ln
400 1490 428 1535 e.
446 1491 486 1534 m.
512 1469 620 1535 comiti
645 1468 794 1534 conrado
819 1469 936 1551 Irsnto,
962 1469 1014 1535 ubi
1039 1468 1170 1535 additur
1193 1470 1352 1536 clausula:
1384 1471 1566 1536 Peticiones

231 1584 339 1643 autem
362 1584 445 1660 tuas,
469 1597 549 1659 quas
565 1595 636 1642 cum
658 1574 719 1640 deo
743 1577 913 1660 potuimus,
939 1575 980 1641 sd
1005 1575 1226 1643 exaudicionis
1249 1579 1393 1660 graciam
1417 1576 1566 1643 daximus

231 1684 453 1751 favorabiliter
475 1682 704 1748 admittendas.

339 1791 376 1856 In
400 1809 429 1854 e.
445 1809 487 1854 m.
511 1788 643 1873 Symoni
668 1795 701 1854 et
724 1788 860 1853 Iohanni
884 1790 1055 1856 comitibus
1079 1790 1121 1858 de
1143 1790 1328 1876 Spanheim.

394 1915 468 1982 step.
488 1915 542 1966 115
559 1927 606 1980 ps.
626 1912 664 1965 Π
676 1912 783 1981 '2168‘
801 1929 849 1966 nr.
868 1914 962 1978 1963,-
982 1915 1034 1968 Ra.
1054 1913 1138 1968 1325.

339 2173 463 2239 1007.
491 2175 606 2254 (1330)
633 2173 708 2238 Mai
730 2177 785 2237 26.
817 2173 975 2238 Laecae.

340 2315 416 2381 Otto
442 2314 508 2380 dux
531 2315 660 2381 Austrie
684 2323 716 2380 et
740 2316 849 2400 Styrie
872 2315 1008 2381 Iohanni
1033 2336 1118 2401 pape
1143 2317 1240 2381 XXlI
1267 2316 1407 2382 destinat
1430 2317 1564 2401 litteras,

234 2423 349 2506 quibus
382 2442 454 2487 eum
487 2421 569 2487 facit
593 2423 771 2506 certiorem,
804 2442 840 2488 se
862 2422 914 2488 his
937 2421 1050 2488 diebus
1074 2442 1143 2488 cunr
1169 2423 1312 2489 Iohanne
1336 2445 1412 2507 rege
1437 2426 1566 2492 Boemie

233 2531 354 2596 sororio
384 2549 441 2594 suo
475 2536 507 2594 et
537 2549 608 2594 curn
633 2529 879 2615 archiepiscopo
903 2529 1095 2595 Treverensi
1119 2529 1275 2597 direxisse
1299 2530 1341 2595 ad
1365 2530 1566 2597 Lndovicum

233 2635 347 2702 ducem
371 2636 509 2701 Bavarie
542 2637 576 2701 in
609 2637 800 2719 quibusdam
830 2656 900 2703 cum
926 2636 987 2703 hoc
1012 2637 1168 2704 habendis
1193 2640 1392 2721 tractatibus,
1426 2641 1480 2722 qui
1503 2639 1566 2705 Ro

232 2763 326 2808 mane
354 2743 491 2808 ecclesie
518 2764 558 2808 ac
586 2744 648 2827 ipsi
678 2763 763 2828 pcpe
786 2742 962 2809 secundum
986 2745 1072 2827 regis
1095 2751 1128 2808 et
1151 2744 1385 2829 archiepiscopi
1410 2753 1443 2811 et
1465 2747 1566 2830 ipsius

233 2849 360 2915 Ottonis
383 2849 535 2914 iudicium
558 2851 730 2916 utilitatem
754 2851 925 2918 manifeste
948 2853 981 2916 in
1003 2851 1149 2916 omnibus
1165 2859 1197 2916 et
1215 2851 1365 2917 honorem
1382 2854 1565 2937 respiciant.

339 2957 474 3023 Noverit
497 2964 605 3022 vestra
628 2965 815 3042 paterna..
835 3006 842 3022 .
869 2957 944 3022 Dat.
966 2959 998 3022 in
1015 2957 1184 3023 Landevia
1201 2958 1313 3042 vigilia
1329 2959 1564 3044 penthecostes.

391 3081 464 3150 Rep.
483 3083 537 3134 116
554 3081 579 3150 f.
599 3082 637 3135 75
654 3097 701 3135 cr.
722 3083 796 3146 337,-
818 3083 869 3137 Ra.
889 3083 973 3137 1388.

338 3315 462 3381 1008.
499 3317 588 3381 1330
609 3317 683 3382 Mat
705 3320 760 3382 26.
783 3316 967 3397 (Labdac.)

338 3457 499 3524 Iohannes
521 3478 579 3523 rex
602 3459 733 3523 Boemie
756 3458 892 3524 Iohanni
916 3478 1002 3544 pape
1026 3457 1125 3523 XXII
1150 3477 1207 3543 per
1230 3457 1355 3525 litteras
1377 3461 1564 3526 transmittit

231 3570 398 3647 tractatus,
428 3584 522 3650 super
546 3564 662 3647 quibus
685 3565 754 3650 ipse
778 3565 910 3647 eiusque
933 3572 1067 3650 patruus
1090 3562 1277 3630 leduimus
1300 3566 1564 3653 archiepiscopus

230 3679 446 3737 convenerant
478 3690 550 3736 cnm
574 3669 740 3737 Lndovico
764 3672 890 3737 Bavaro
924 3672 1102 3755 quibusque
1130 3679 1336 3738 consenserat
1358 3674 1456 3740 etiam
1485 3675 1562 3742 Otto

231 3776 297 3842 dux
322 3779 466 3844 Austrie:

340 3886 429 3971 „Ista
452 3891 501 3951 est
523 3883 659 3950 intentio
683 3883 891 3968 dommorum,
915 3886 1039 3952 scilicet
1060 3887 1146 3970 regis
1161 3885 1303 3970 Boemie,
1327 3886 1564 3974 archiepiscopi

232 3992 442 4060 Treverensis
465 3999 498 4057 et
521 3991 612 4058 ducis
636 3991 776 4070 Austris,
802 3992 887 4075 quod
911 4012 969 4078 per
993 4013 1048 4059 eos
1071 3999 1228 4058 tractetur
1252 4000 1285 4058 ct
1305 3993 1469 4059 ordinetur
1492 4014 1565 4060 con·

231 4098 342 4164 cordia
365 4106 397 4164 et
421 4099 610 4184 compositio
644 4098 728 4163 inter
760 4097 923 4164 dominum
956 4105 1097 4165 nostrum
1128 4120 1245 4184 papam
1269 4107 1478 4183 sanctamque
1501 4100 1563 4168 Ro·

231 4227 357 4272 manam
390 4206 561 4272 ecclesiam
590 4225 632 4272 ex
660 4226 723 4271 una
755 4214 848 4291 parte
877 4216 910 4271 et
934 4207 1094 4271 Bavarum
1123 4225 1162 4270 ex
1191 4206 1303 4288 altera,
1340 4215 1373 4272 ct
1404 4209 1431 4274 si
1458 4207 1563 4275 huius-

157 4347 165 4362 ·
230 4313 316 4379 modi
340 4319 497 4379 tractatus
518 4319 551 4378 et
570 4312 735 4379 ordinacio
760 4312 932 4379 concordie
955 4313 1019 4378 sint
1042 4314 1168 4398 accepti
1193 4312 1321 4377 domino
1344 4321 1454 4380 nostro
1477 4335 1563 4400 pape

229 4421 355 4506 ipsique
370 4421 514 4486 Romane
538 4419 684 4501 ecclesie,
709 4420 827 4486 virtute
851 4419 1022 4505 potestatis
1045 4420 1092 4486 eis
1114 4441 1134 4486 a
1156 4418 1243 4485 dicto
1260 4419 1387 4486 Bavaro
1412 4441 1563 4488 concesse

229 4530 312 4593 inter
335 4529 399 4593 alia
423 4527 545 4594 facient
567 4527 631 4592 ista
654 4525 722 4591 lieri
745 4546 802 4611 per
826 4528 1006 4593 Bavarum:

336 4635 443 4699 Primo
467 4633 553 4717 quod
577 4653 647 4699 curn
672 4633 789 4698 effectu
812 4633 955 4718 deponet
978 4653 1069 4699 snum
1092 4632 1270 4701 hereticum
1294 4636 1491 4721 antipapam.

328 4815 359 4880 a)
377 4810 412 4866 ic
430 4827 492 4880 req.
511 4809 658 4866 additur:
677 4810 878 4866 involverent.
