3642 5509
292 445 345 500 206
845 447 915 504 1329
934 448 1053 506 Januar
1074 451 1117 505 24.

292 626 425 711 tinebat,
454 627 538 710 quod
563 634 595 693 tu
615 677 622 692 .
641 678 674 692 ..
698 627 732 693 in
755 627 852 714 opido
876 635 932 696 tuo
955 628 1117 715 Nidecgin
1142 631 1252 696 Colon.
1278 631 1363 697 dioc.
1388 632 1549 716 quandam
1573 654 1624 700 ca·

293 733 408 816 pellam
433 732 590 800 debonis
622 735 758 821 propriis
792 737 944 821 proponis
978 739 1118 803 construi
1151 737 1261 804 facere
1296 747 1329 803 et
1359 737 1472 805 dotare
1499 760 1538 805 ac
1565 761 1624 824 pro

292 848 345 906 tue
375 862 413 906 ac
442 851 609 926 parentum
644 849 770 909 tuorum
806 845 983 910 animarum
1018 845 1122 910 salute
1151 846 1182 909 in
1219 865 1259 911 ea
1285 847 1451 912 instituere
1486 848 1624 930 quinque

291 950 486 1033 presbiteros
518 948 550 1014 in
584 957 756 1035 perpetuos
794 953 989 1037 capellanos,
1025 953 1079 1035 qui
1112 953 1144 1016 in
1178 952 1290 1018 eadem
1320 954 1447 1039 capella
1475 955 1625 1020 continue

291 1054 432 1122 debeant
455 1056 563 1122 divina
586 1056 691 1122 officia
715 1059 888 1124 celebrare.
937 1057 1045 1136 Quare
1068 1059 1160 1125 nobis
1184 1059 1346 1124 humiliter
1369 1060 1568 1146 supplicasti,
1589 1067 1625 1126 ut

291 1163 350 1228 tibi
375 1162 516 1228 faciendi
541 1163 696 1248 premissa
719 1165 882 1231 licentiam
910 1214 943 1230 ..
970 1165 1149 1232 concedere
1173 1167 1388 1251 dignaremur.
1435 1169 1503 1236 Nos
1525 1169 1625 1252 igitur

292 1319 352 1337 ...
378 1269 541 1337 devotioni
571 1280 624 1337 tue
652 1271 856 1338 construendi
888 1272 1010 1339 dictam
1042 1274 1200 1359 capellam
1229 1274 1269 1340 de
1292 1275 1385 1340 bonis
1408 1275 1545 1360 propriis
1568 1297 1624 1360 pa·

291 1379 367 1442 riter
395 1384 427 1442 et
455 1376 588 1443 dotandi
618 1379 651 1443 in
679 1378 776 1464 opido
805 1379 1003 1464 supradicto,
1037 1381 1106 1446 sine
1130 1380 1339 1465 parrochialis
1362 1382 1498 1447 ecclesie
1521 1382 1623 1466 preiu·

292 1483 386 1568 dicio,
422 1485 498 1551 dote
532 1491 640 1550 tamen
674 1485 843 1552 sufficienti
878 1488 966 1572 prius
1000 1507 1059 1572 pro
1090 1487 1177 1553 dicte
1206 1489 1331 1573 capelle
1359 1488 1568 1554 servitoribus
1590 1494 1624 1554 et

291 1592 440 1658 oneribus
474 1591 547 1658 aliis
578 1591 621 1657 ad
654 1591 818 1660 diocesani
855 1593 1021 1659 arbitrium
1046 1596 1223 1678 assignata,
1251 1602 1285 1659 et
1312 1595 1498 1661 instituendi
1527 1596 1561 1660 in
1583 1616 1624 1662 ea

291 1699 396 1765 dictos
419 1700 557 1783 quinque
582 1707 754 1786 perpetuos
777 1701 1066 1786 capellanos,·iure
1089 1701 1295 1787 presentandi
1319 1721 1375 1768 cos
1403 1701 1557 1788 deinceps
1579 1702 1623 1768 ad

291 1806 497 1891 capellanias,
533 1828 604 1873 eum
635 1808 669 1873 in
699 1808 787 1874 dicta
815 1809 941 1894 capella
965 1809 1137 1893 vacabunt,
1161 1810 1220 1876 tibi
1244 1816 1277 1875 et
1299 1810 1364 1875 tuis
1386 1811 1624 1877 successoribus

290 1913 524 2000 imperpetuum
547 1923 721 1998 reservato,
749 1967 755 1981 .
782 1965 789 1980 .
818 1965 825 1981 .
855 1917 1061 1996 concedimus
1085 1917 1299 1983 facultatem.
1318 1966 1325 1981 .
1344 1966 1377 1981 ..
1424 1918 1500 1983 Dat.
1528 1916 1622 1982 Avin.

291 2023 369 2087 Vlll
394 2021 437 2086 hl.
463 2022 617 2088 februarii
641 2044 671 2088 a.
695 2023 931 2090 tertiodecimo.

438 2165 511 2234 Rep.
531 2163 570 2218 90
586 2163 612 2234 f.
632 2164 699 2218 257¹
718 2165 869 2221 rar.1686.

395 2508 519 2575 loos.
551 2511 637 2575 1329
660 2511 799 2575 Junuor
821 2512 875 2574 24.
900 2508 1066 2595 Aoipoorr.

398 2663 569 2748 [lohannes
588 2665 698 2749 XXII]
723 2666 756 2732 S.
774 2665 913 2731 Cornelii
935 2665 1084 2732 ludensis
1108 2672 1141 2731 et.
1165 2666 1441 2734 Glandebacensis
1464 2674 1623 2733 monaste·

288 2773 406 2837 riorum
438 2773 609 2838 abbatibus
641 2793 681 2840 ac
713 2772 837 2839 decano
867 2773 946 2843 eccl.
979 2773 1014 2839 S.
1039 2773 1179 2839 Servatii
1203 2775 1422 2842 Traiectensis
1451 2775 1559 2841 Colon.
1589 2782 1622 2840 et

290 2878 391 2944 Leod.
418 2878 502 2946 dioc.

395 2987 553 3072 Exposuit
576 2989 668 3054 nobis
697 3037 704 3053 .
734 3037 741 3053 .
772 3037 779 3053 .
817 2988 997 3055 Willelmus
1030 3009 1137 3055 comes
1166 2990 1356 3056 Iuliaccnsis
1379 2990 1490 3056 Colon.
1523 2988 1620 3073 dioc,

289 3093 374 3176 quod
404 3095 625 3179 progenitores
654 3097 703 3160 sui
736 3097 871 3162 comites
900 3096 1105 3172 iuliacenses‚
1140 3098 1194 3180 qui
1222 3097 1352 3162 fuerunt
1381 3117 1439 3182 pro
1467 3103 1621 3182 tempore,

288 3199 320 3264 in
344 3200 538 3287 parrochiali
562 3202 701 3269 ecclesia
725 3202 837 3287 oppidi
868 3202 918 3269 sui
942 3202 983 3268 de
1007 3203 1169 3286 Nidecgin
1193 3202 1279 3269 dicte
1303 3204 1443 3270 diocesis
1466 3203 1516 3270 ius
1539 3203 1621 3269 obti-

287 3316 364 3372 nent
387 3315 576 3394 patronatus
608 3316 639 3374 et
672 3308 757 3392 quod
790 3329 875 3375 nunc
906 3309 1065 3396 reperitur
1098 3309 1187 3376 dicta
1220 3311 1358 3376 eeclesia
1385 3331 1442 3397 per
1465 3310 1621 3394 quosdam

287 3415 405 3480 fratres
428 3414 548 3482 ordinis
572 3416 739 3502 hospitalis
756 3417 954 3482 S.lohanuis
970 3416 1218 3484 lerosolimitani
1241 3418 1311 3484 sine
1334 3417 1442 3500 aliquo
1466 3419 1620 3484 canonico

287 3521 379 3585 titulo
406 3530 575 3607 occupata.
623 3523 728 3599 Quare
761 3523 846 3588 idem
881 3543 990 3589 comes
1021 3524 1114 3590 nobis
1145 3524 1308 3591 humiliter
1336 3524 1541 3611 supplicavit,
1574 3531 1620 3608 ut,

287 3647 358 3692 oum
392 3629 462 3712 ipse
494 3648 551 3713 pro
580 3627 681 3694 divini
712 3629 815 3696 cultus
849 3638 1022 3714 augmento
1055 3651 1095 3696 ac
1129 3653 1187 3717 pro
1222 3652 1278 3697 sue
1314 3639 1346 3697 et
1381 3633 1620 3716 progenitorum

285 3753 412 3800 suorum
437 3735 612 3800 animarum
636 3736 739 3800 salute
762 3735 924 3802 desideret
948 3738 1118 3804 ecclesiam
1141 3739 1244 3823 ipsam
1265 3739 1299 3802 in
1315 3738 1521 3822 collegiatam
1538 3739 1619 3822 erigi

286 3850 319 3907 et
341 3843 373 3905 in
398 3861 438 3908 ea
461 3849 583 3907 certum
607 3843 832 3908 canonicorum
856 3845 1047 3910 secularium
1071 3865 1237 3911 numerum
1264 3845 1416 3927 ordinari,
1449 3845 1620 3930 providere

285 3948 347 4015 sibi
372 3949 403 4013 in
427 3949 489 4014 hac
512 3955 604 4034 parte
628 3949 669 4015 de
693 3951 813 4035 optimo
837 3950 979 4018 remedio
1004 3952 1220 4036 dignaremur.
1267 3953 1335 4020 Nos
1358 3955 1534 4037 igitur...
1556 3951 1620 4017 dis

286 4056 420 4121 cretioni
443 4063 549 4122 vestre
575 4105 582 4121 .
606 4106 613 4122 .
636 4107 643 4122 .
667 4056 866 4142 mandamus,
891 4061 1040 4142 quatinus
1069 4109 1077 4125 .
1105 4111 1111 4124 .
1138 4109 1146 4124 .
1175 4061 1300 4127 vocatis
1324 4061 1378 4143 qui
1401 4059 1519 4126 fuerint
1542 4079 1617 4124 evo-

286 4161 391 4246 candi,
421 4163 448 4230 si
472 4163 661 4248 simpliciter
684 4170 716 4230 et
740 4163 781 4230 de
804 4165 901 4249 plano
925 4167 994 4232 sine
1016 4168 1154 4252 strepitu
1178 4173 1210 4232 et
1233 4167 1337 4251 figura
1359 4167 1471 4233 iudicii
1494 4185 1619 4252 repere-

285 4270 354 4335 ritis
377 4271 426 4336 ius
450 4276 639 4356 patronatus
662 4270 751 4337 dicte
773 4271 911 4338 ecclesie
934 4271 976 4338 ad
1001 4273 1123 4338 dictum
1147 4274 1295 4340 comitem
1319 4275 1480 4359 pertinere
1503 4274 1619 4357 ipsam·

285 4396 348 4462 que
371 4377 541 4444 ecclesiam
565 4400 585 4445 a
610 4378 708 4445 dictis
731 4377 885 4444 fratribus
908 4377 1053 4445 indebite
1076 4386 1277 4465 occupatam,
1309 4380 1413 4446 dictos
1436 4380 1553 4446 fratres
1575 4378 1618 4444 ad

284 4483 510 4552 dimittendum
534 4487 670 4554 eandem
694 4505 829 4553 censura
853 4487 1074 4552 ecclesiastica
1098 4486 1298 4573 compellatis
1327 4507 1366 4553 ac
1394 4486 1619 4552 nichilominus

285 4591 455 4661 ecclesiam
487 4595 601 4680 ipsam,
637 4594 713 4661 dote
746 4593 834 4679 prius
868 4593 973 4660 eidem
997 4593 1170 4660 sufficienti
1194 4595 1379 4680 peripsum
1403 4594 1551 4660 comitem
1576 4592 1618 4659 ad

284 4709 423 4769 vestrum
448 4703 615 4769 arbitrium
638 4701 814 4787 assignata,
839 4703 1033 4768 auctoritate
1048 4709 1159 4768 nostra
1176 4701 1208 4767 in
1226 4702 1431 4786 collegiatam
1447 4702 1619 4786 erigentes,

284 4811 436 4880 statuatis
465 4811 498 4876 in
526 4830 566 4877 ea
594 4809 787 4877 auctoritate
810 4809 959 4899 predicta
981 4809 1152 4898 collegium
1178 4810 1404 4878 canonicorum
1428 4810 1619 4877 secularium
