3642 5509
299 399 351 457 936
864 401 934 459 1399
953 401 1035 458 Mara
1054 402 1079 458 9.

299 582 453 663 lectorum
477 583 612 647 liliorum
639 631 646 648 .
675 631 681 646 .
712 582 840 649 abbatis
864 589 896 648 et
921 592 1096 651 conventus
1120 585 1304 650 monasterii
1329 584 1361 650 S.
1388 586 1519 652 Martini
1543 587 1635 654 Golo-

298 691 418 755 niensis
441 689 509 755 ord.
535 690 568 754 S.
593 689 715 755 Bened.
748 689 914 775 petitionis
937 692 1035 757 series
1059 693 1255 775 continebat,
1289 693 1376 776 quod
1399 695 1461 779 ipsi
1486 694 1527 760 dc
1552 715 1635 760 eom·

299 797 447 863 munibus
476 796 685 862 facultatibus
708 797 810 882 ipsius
834 799 1018 863 monasterii
1043 801 1146 865 minus
1171 820 1344 884 congruam
1369 803 1635 868 sustentationem

300 904 419 970 babent
442 911 475 969 et
497 912 629 989 propter
653 905 749 970 duras
772 926 894 989 gerres,
919 927 981 988 que
1006 907 1110 991 ipsum
1135 909 1360 973 monasteu'um
1386 907 1448 974 hiis
1472 907 1586 974 diebus
1602 911 1635 973 in

299 1012 365 1077 suis
398 1010 577 1076 redditibus
610 1011 804 1094 afflixerunt,
838 1020 911 1079 suut
939 1015 1093 1097 gravibus
1121 1013 1304 1079 debitorum
1333 1016 1482 1080 oneribus
1506 1036 1636 1100 pregra-

299 1121 377 1184 vati.
425 1119 531 1197 Quare
565 1119 656 1185 nobis
690 1119 853 1184 humiliter
878 1121 1111 1205 supplicarunt,
1145 1129 1180 1185 ut
1205 1122 1440 1206 parrochialem
1465 1123 1635 1188 ecclesiam

298 1226 462 1292 inVlitart
487 1233 540 1290 tue
564 1226 701 1293 diocesis
718 1226 759 1291 ad
780 1226 859 1292 dicti
883 1228 1010 1293 abbatis
1035 1229 1304 1313 presentationem
1328 1235 1538 1313 spectantem,
1564 1249 1636 1295 eou-

299 1341 421 1399 suetam
447 1333 563 1398 abolim
589 1334 714 1400 clericis
737 1333 936 1400 secularibus
960 1335 1131 1418 assignari,
1155 1334 1196 1400 de
1219 1337 1287 1400 iure
1304 1344 1473 1401 vacantem
1498 1336 1541 1401 ad
1565 1358 1635 1422 pre·

299 1461 383 1523 sens,
407 1447 442 1506 ut
458 1447 614 1520 asserunt,
640 1461 678 1505 ex
697 1440 838 1524 eoquod
863 1440 1001 1507 dilectus
1026 1441 1108 1507 filius
1125 1441 1291 1508 Conradus
1315 1442 1356 1508 de
1372 1443 1475 1527 (ligno
1500 1444 1636 1510 clericus

301 1548 499 1615 Coloniensis
532 1568 589 1632 per
622 1547 757 1613 cundem
788 1549 939 1613 abbatem
968 1557 1172 1633 presentatus
1197 1549 1237 1614 de
1260 1551 1350 1615 facto
1374 1549 1416 1614 ad
1441 1549 1561 1615 dictam
1585 1570 1636 1615 ec·

299 1655 429 1721 clesiam
454 1662 485 1719 et
508 1674 565 1739 per
582 1675 663 1737 cunr,
689 1654 731 1719 ad
756 1675 849 1738 quem
873 1657 1054 1740 spectabat,
1080 1657 1243 1722 institutus
1267 1657 1300 1722 iu
1323 1677 1372 1738 ea,
1398 1664 1541 1741 tempore
1565 1677 1635 1742 pre·

299 1763 487 1829 sentationis
516 1769 548 1828 et
576 1762 787 1828 institutionis
820 1762 1002 1830 huiusmodi
1038 1770 1157 1828 etatem
1191 1763 1233 1828 ad
1267 1763 1328 1829 hoo
1361 1764 1539 1847 legitimam
1572 1785 1635 1830 non

300 1868 451 1951 habebat,
487 1889 557 1934 cunr
582 1869 768 1934 vicesimum
797 1871 941 1952 quintum
966 1891 1082 1935 annum
1108 1872 1204 1936 etatis
1227 1891 1284 1936 sue
1308 1871 1438 1937 minime
1463 1872 1634 1954 attigisset,

299 1996 358 2041 nec
390 1996 425 2042 se
457 1975 536 2042 feeit
569 1975 653 2040 infra
687 1983 856 2062 tempusa
880 1978 949 2041 iure
982 1983 1136 2042 statutum
1170 1978 1204 2041 in
1237 1978 1448 2062 presbiterum
1482 1977 1634 2061 ordinari,

300 2104 372 2149 cum
403 2082 562 2168 capellula
590 2083 622 2147 in
653 2082 842 2168 Stainheym
878 2086 959 2164 (cels
982 2084 1183 2168 Stamhcym)
1220 2083 1307 2150 dicte
1341 2083 1480 2152 diocesis
1504 2105 1543 2151 ac
1567 2087 1633 2150 nni·

299 2190 401 2258 versis
433 2191 498 2255 suis
530 2189 738 2274 pertinenciis
769 2190 874 2256 eidem
897 2193 1124 2257 monasterio
1115 2211 1372 2277 incorporare..
1391 2192 1633 2277 dignaremur.

299 2298 367 2364 Nos
399 2297 547 2380 igitur..
567 2298 642 2360 .lra
644 2299 775 2362 ternitat
728 2299 920 2362 ttitue..
940 2298 1168 2380 mandamus,
1202 2300 1355 2382 quatinus
1386 2301 1512 2365 vocatis
1545 2299 1635 2365 dicto

300 2402 504 2470 Conradot
473 2412 504 2468 et
529 2403 610 2486 aliis,
636 2405 688 2485 qui
713 2403 832 2469 fuerint
856 2404 1024 2489 enecandi,
1049 2404 1076 2470 si
1099 2406 1263 2490 premissis
1286 2407 1406 2472 veritas
1429 2407 1635 2490 suffragetur,

299 2509 433 2576 eandem
457 2510 690 2595 parrochialem
716 2511 886 2577 eeclesiam
919 2561 978 2577 ...
1008 2533 1078 2577 eum
1103 2514 1232 2596 prefata
1255 2513 1414 2598 capellula
1441 2563 1502 2577 ...
1530 2513 1636 2578 eidem

300 2617 492 2684 monasterio
520 2667 576 2681 ...
603 2619 835 2702 imperpetuum
859 2620 1044 2703 incorpores
1068 2625 1101 2684 et
1125 2627 1290 2701 annectas,
1315 2621 1360 2684 ita
1385 2619 1470 2703 quod
1495 2627 1569 2704 post
1592 2621 1638 2683 iu·

299 2726 553 2810 corporationem
588 2732 620 2790 et
654 2727 865 2791 annexiouem
900 2726 1082 2792 huiusmodi
1200 2727 1297 2792 liceat
1328 2727 1432 2792 eidem
1463 2727 1573 2792 abbati
1603 2733 1637 2790 et

300 2833 470 2898 conventui
505 2833 702 2917 corporalem
736 2835 970 2917 possessionem
1000 2882 1069 2899 ...
1098 2833 1341 2919 apprehendere
1370 2886 1376 2899 .
1402 2886 1408 2899 .
1433 2883 1441 2897 .
1470 2840 1636 2899 reservata

299 2946 406 3004 tamen
438 2941 525 3024 prius
555 2939 596 3004 de
624 2939 725 3024 ipsius
749 2941 886 3006 ecclesie
910 2940 1089 3006 redditibus
1114 2949 1268 3026 perpetuo
1293 2940 1416 3006 vicaria
1439 2940 1558 3006 ibidem
1584 2961 1636 3006 ca·

298 3049 413 3112 noniee
437 3046 633 3113 instituendo
658 3068 799 3131 congrua
824 3049 981 3132 portione,
1006 3068 1133 3130 exque
1157 3049 1265 3113 valeat
1289 3068 1429 3130 congrue
1453 3049 1636 3130 sustentari,

299 3155 496 3238 episcopalia
520 3152 591 3218 iura
614 3154 739 3219 solvere
764 3161 796 3219 et
820 3155 885 3220 alia
908 3155 969 3219 sibi
994 3155 1212 3220 incumbentia
1237 3175 1335 3220 onera
1358 3162 1548 3239 supportare
1575 3203 1635 3220 ...

299 3261 374 3326 Dat.
399 3261 494 3326 Avin.
519 3260 678 3330 Vllidus
702 3262 863 3327 martiia.
889 3260 1123 3327 tertiodecimo.

448 3368 520 3436 1109.
529 3366 620 3447 99.Ῑῖ
641 3370 695 3421 178
718 3383 764 3420 ιιι.
785 3367 873 3421 3285.
893 3367 1089 3436 Dttsseldorf,
1107 3364 1637 3438 11001009.101019.Μαι’111ι,00·

449 3435 589 3506 plurium
609 3439 644 3492 Β.
665 3441 727 3492 dua
753 3439 778 3508 f.
797 3438 860 3492 119.

406 3709 524 3776 1691.
558 3711 643 3774 1329
668 3709 767 3774 Mb'rz
788 3710 820 3773 9.
846 3709 1010 3796 deipnos.

406 3832 567 3900 lohannes
593 3833 691 3899 XXII
731 3833 923 3899 Thilmanno
947 3835 988 3900 de
1013 3836 1242 3919 Blankenberg
1266 3838 1392 3902 confert
1416 3837 1497 3902 cccl.
1521 3837 1555 3903 S.
1581 3837 1637 3902 Se·

300 3941 400 4004 verini
425 3941 536 4006 Colon.
572 3941 805 4020 canonicatum,
841 3940 1036 4025 prebendam
1070 3962 1147 4007 vero
1179 3950 1211 4008 et
1241 3943 1395 4010 ferculum
1428 3964 1484 4009 seu
1508 3943 1637 4028 supple-

299 4053 440 4112 mentum
465 4048 496 4111 in
522 4046 634 4112 eadem
659 4046 763 4112 eidem
788 4056 941 4128 reservat,
966 4070 1028 4113 non
1054 4050 1203 4114 obstante
1220 4049 1304 4132 quod
1330 4051 1518 4115 beneficium
1536 4051 1637 4116 eccle

299 4154 463 4218 siasticum
501 4174 571 4218 curu
608 4175 685 4219 cura
720 4155 771 4219 vel
807 4155 874 4219 siue
910 4165 1006 4220 eura·
1023 4155 1066 4220 ad
1101 4156 1345 4241 dispositionem
1377 4158 1533 4241 prepositi
1557 4157 1636 4223 cccl.

301 4259 478 4325 Bunnensis
501 4261 612 4327 Colon.
637 4259 720 4326 dioc.
745 4268 896 4346 spectans
920 4261 1115 4328 auctoritate
1140 4264 1322 4348 apostolica
1346 4270 1507 4348 expectat.

407 4366 481 4432 Vite
505 4366 672 4450 munditia,
697 4388 817 4434 morum
843 4368 950 4434 decor.
970 4420 976 4433 .
997 4419 1029 4434 ..
1077 4371 1155 4435 Dat.
1180 4372 1275 4436 Avin.
1295 4370 1355 4435 Vll
1380 4369 1453 4436 idus
1476 4373 1583 4436 martii
1607 4393 1638 4436 a.

300 4471 533 4540 tertiodecimo.

408 4581 444 4644 ln
468 4601 496 4646 e.
521 4603 562 4647 ιιι.
587 4583 620 4648 S.
645 4581 774 4648 Andree
798 4584 907 4651 Gelon.
934 4592 966 4648 et
990 4584 1168 4650 Bonnensis
1192 4585 1303 4651 Calon.
1329 4585 1414 4652 dioc.
1439 4584 1573 4651 decanis
1597 4605 1638 4651 ac

300 4688 455 4770 magistro
474 4688 590 4754 Bosolo
614 4689 654 4754 de
671 4691 787 4754 Pnrnra
812 4691 966 4756 canonico
984 4692 1200 4757 Tornaconsis
1224 4692 1303 4758 eccl.
1322 4693 1491 4777 capellano
1514 4693 1638 4779 papali.

464 4796 537 4864 Ilep.
562 4796 597 4849 91
616 4797 640 4866 f.
660 4798 880 4854 1501102140.
