3642 5509
767 486 994 559 ldmoctobris
1014 490 1056 543 13.

356 671 478 739 1805.
505 673 592 737 1327
615 672 769 738 Octobris
793 673 845 736 13.
870 668 1036 756 Aoiptron.

357 815 529 900 [lohannes
544 814 656 899 XXII]
679 812 816 879 Iohanni
839 814 908 896 regi
933 814 1074 878 Boemie.

355 921 512 990 Perduxit
541 922 585 989 ad
617 943 676 989 nos
708 921 825 987 infeste
856 922 1021 986 relationis
1052 922 1197 1003 assertio,
1230 919 1469 1003 quodquidam
1493 921 1583 988 miles

247 1038 383 1097 vocatus
405 1030 568 1097 Iohannes
591 1030 633 1096 de
655 1032 842 1096 Hannaises
867 1028 1083 1094 verdunensis
1106 1027 1245 1094 diocesis
1272 1048 1455 1114 nuper...
1478 1030 1511 1094 iu
1533 1029 1581 1094 di·

248 1137 350 1204 lectos
373 1138 455 1203 lilios
477 1139 608 1203 Petrum
632 1138 789 1221 Guigonis
813 1136 855 1201 de
878 1135 1078 1202 castronovo
1102 1136 1316 1221 Lingoneusis
1340 1144 1372 1201 et
1387 1136 1518 1201 Petrum
1541 1134 1582 1200 de

250 1243 391 1311 viveriis
425 1243 613 1311 Vivarensis
650 1244 860 1310 ecclesiarum
899 1244 1072 1308 canonicos
1110 1242 1287 1328 apostolice
1325 1242 1411 1309 sedis
1449 1242 1582 1308 nuncios

248 1372 362 1418 manus
393 1351 529 1418 iniciens
557 1359 679 1417 temere
702 1352 861 1419 violentas
883 1352 972 1436 ipsos
998 1398 1058 1416 ...
1084 1352 1263 1436 captivavit
1285 1351 1436 1437 ipsosque
1458 1349 1582 1416 detinet

248 1459 473 1526 miserabiliter
495 1458 688 1545 captivatos.
734 1459 814 1525 Cum
837 1466 946 1523 autem
965 1506 973 1523 .
990 1507 998 1524 .
1017 1507 1025 1523 .
1042 1456 1195 1524 Eduardo
1219 1459 1328 1523 comiti
1353 1458 1498 1540 Barensi,
1531 1460 1581 1524 cui

248 1565 393 1652 prelatus
425 1565 519 1632 miles
549 1567 668 1633 dicitur
699 1587 770 1634 esse
802 1566 960 1650 subditus,
993 1584 1089 1651 super
1112 1566 1302 1633 liberatione
1326 1565 1483 1632 dictorum
1507 1585 1583 1630 uuu-

249 1674 372 1739 ciorum
393 1694 452 1760 per
474 1673 557 1741 alias
579 1674 703 1741 litteras
726 1674 915 1757 scribamus,
940 1673 1164 1740 excellentiam
1194 1673 1317 1759 regiam
1345 1674 1499 1739 attentius
1528 1671 1581 1738 de-

248 1800 428 1867 precamur,
461 1782 622 1866 quatinus,
654 1789 691 1847 ut
719 1781 858 1867 predicti
886 1782 996 1847 nuncii
1021 1803 1091 1848 cum
1116 1782 1261 1848 omnibus
1283 1781 1377 1847 bonis
1400 1781 1466 1847 suis
1489 1778 1581 1845 liber·

250 1889 308 1953 tati
333 1890 551 1973 restituantur,
584 1895 649 1955 mm
681 1888 769 1975 apud
799 1888 920 1955 dictum
949 1891 1096 1955 comiteur
1125 1909 1220 1971 quam
1243 1889 1333 1972 alias,
1367 1894 1461 1974 prout
1486 1908 1582 1973 expe·

251 1994 322 2061 dire
350 1997 441 2078 regia
469 1997 641 2082 prudentia
669 1996 866 2080 cognoverit,
890 1998 937 2062 sic
962 1998 1039 2062 velit
1064 2005 1119 2062 tua
1142 1996 1381 2081 magnificentia
1403 1996 1580 2062 efficaciter

249 2103 455 2187 interponere
481 2112 591 2188 partes
620 2123 706 2187 suas,
739 2103 824 2186 quod
849 2124 907 2169 nos
931 2111 964 2168 et
987 2104 1123 2169 candem
1145 2103 1255 2169 sedem
1279 2102 1397 2169 exinde
1420 2104 1582 2189 astringas

249 2208 364 2274 lortius
386 2209 429 2275 ad
453 2230 503 2294 ea,
528 2230 589 2293 que
612 2212 735 2294 regium
759 2212 933 2296 respiciant
957 2210 1125 2277 comodum
1149 2217 1182 2277 ct
1206 2211 1366 2278 honorem.
1395 2212 1470 2277 Dat.
1488 2212 1582 2277 Avin.

248 2316 298 2380 111
320 2315 393 2383 idus
417 2317 558 2383 octobris
580 2338 610 2383 a.
636 2316 841 2383 duodecimo.

407 2425 480 2495 Rep.
500 2426 554 2479 114
567 2439 619 2493 pa.
637 2424 673 2479 11
684 2422 711 2493 f.
730 2427 792 2479 177¹
810 2440 860 2479 nr.
879 2426 969 2493 1725,·
987 2427 1039 2481 liz.
1059 2426 1126 2479 923.

353 2696 590 2764 18061327
614 2697 756 2763 October
784 2699 835 2767 13.
855 2698 1021 2785 Aoipnon.

354 2838 513 2905 lohannes
541 2839 640 2906 XXII
672 2840 917 2926 archiepiscopo
949 2842 1081 2909 Trever.
1116 2840 1257 2908 destinat
1288 2842 1428 2927 litteras,
1464 2844 1578 2927 quibus

248 2967 320 3012 eum
344 2955 447 3031 rogat,
472 2946 624 3030 quatinus
646 2948 828 3033 interponat
852 2955 960 3033 partes
983 2967 1066 3023 suas,
1090 2956 1125 3014 ut
1148 2949 1263 3015 Petrus
1287 2950 1443 3034 Guigonis
1467 2959 1500 3017 ct
1516 2951 1577 3016 Pe-

247 3062 315 3121 trus
338 3053 378 3119 de
396 3053 534 3120 Vivariis
557 3055 733 3139 apostolice
756 3053 844 3120 sedis
868 3056 977 3120 nuncii
1000 3054 1042 3120 ad
1065 3062 1174 3140 partes
1197 3056 1277 3122 istas
1301 3056 1464 3134 destinati,
1488 3056 1576 3143 capti

246 3184 267 3228 a
294 3161 437 3227 Iohanne
472 3160 514 3227 de
547 3160 705 3227 Armoisis
739 3162 947 3229 restituantur
981 3164 1114 3248 pristine
1148 3163 1290 3230 lrbertati
1326 3184 1397 3231 cum
1433 3167 1578 3231 omnibus

251 3268 345 3335 bonis
367 3269 443 3335 suis.

353 3378 547 3464 Displicibili
571 3380 727 3447 relatione
750 3390 903 3467 percepto
934 3431 941 3447 .
969 3431 976 3447 .
1004 3430 1011 3444 .
1057 3384 1134 3448 Dat.
1159 3390 1314 3468 utsupra
1337 3380 1503 3465 (=bvin.
1530 3382 1580 3446 111

245 3483 319 3551 idus
342 3487 483 3553 octobris
506 3508 537 3553 a.
554 3486 770 3570 duodecimo).

355 3593 393 3658 Iu
416 3612 445 3659 e.
462 3615 503 3660 m.
528 3595 680 3682 episcopo
704 3596 859 3677 Tullensi,
885 3598 1038 3684 episcopo
1062 3596 1194 3663 Virdun.
1219 3604 1252 3663 et
1276 3598 1379 3664 electo
1402 3598 1519 3664 Meteu.

398 3715 470 3787 Rep.
490 3720 544 3771 114
557 3732 608 3786 pa.
629 3718 664 3771 ΙΙ
677 3717 702 3788 f.
723 3720 778 3774 170
795 3734 843 3775 nr.
862 3721 947 3775 1666.

351 3987 472 4057 lim.
498 3992 585 4057 1327
609 3991 750 4059 October
775 3996 826 4059 13.
857 3991 1022 4081 Aoiprtou.

353 4133 512 4200 Iohannes
535 4134 634 4200 XXII
671 4136 914 4222 archiepiscopo
948 4137 1138 4206 Treverensi
1171 4146 1204 4205 et
1236 4140 1395 4225 episcopis
1419 4137 1572 4216 Tullensi,

248 4238 439 4307 Virduneusi
464 4247 496 4306 et
520 4242 656 4309 Metensi
684 4243 826 4327 mandat,
855 4246 1015 4327 quatinus,
1044 4248 1070 4311 si
1096 4248 1208 4313 Petrus
1232 4246 1389 4331 Golgonis
1413 4252 1445 4311 et
1461 4246 1576 4312 Petrus

246 4344 288 4411 dc
313 4345 449 4413 Viveriis
482 4348 660 4433 apostolice
691 4348 779 4416 sedis
807 4352 914 4416 nuncii
939 4351 979 4417 ad
1005 4354 1090 4437 ipsos
1115 4356 1317 4439 ipsorumque
1340 4352 1459 4419 clerum
1483 4353 1580 4419 desti·

247 4454 314 4517 nati
348 4454 381 4519 in
412 4455 554 4539 ipsorum
588 4458 719 4522 civitate
751 4463 784 4523 et
813 4457 934 4524 diocesi
964 4480 1026 4525 non
1054 4460 1182 4544 fuerint,
1217 4460 1360 4528 subsidia
1391 4481 1448 4548 per
1471 4481 1506 4527 se
1531 4461 1581 4527 vel

248 4561 346 4628 alium
369 4581 426 4629 scu
449 4563 531 4629 alios
555 4563 708 4648 colligere
731 4564 893 4631 studeant.

349 4669 401 4736 Ad
425 4670 680 4738 subvemendum
702 4673 847 4741 Romane
871 4675 1008 4743 ecclesie
1038 4724 1096 4758 ,..
1145 4678 1220 4744 Dat.
1244 4678 1339 4746 Avin.
1363 4678 1412 4744 llI
1435 4678 1507 4746 idus
1531 4699 1580 4747 oc·

244 4779 346 4847 tobris
368 4799 399 4848 a.
424 4778 627 4847 duodecimo.

398 4888 471 4959 Rep.
491 4890 545 4943 114
559 4902 609 4961 pa.
628 4888 665 4943 ΙΙ
678 4888 704 4963 f.
726 4890 784 4945 163
801 4893 946 4963 ar.1633,·
968 4892 1020 4949 Re.
1040 4892 1106 4949 920.
