3642 5509
290 443 344 504 528
792 443 861 503 leet
881 441 1059 518 September
1077 448 1120 504 11.

290 627 376 694 frido
410 627 451 694 dc
474 626 644 712 Boilheym
669 625 816 712 dapifero
850 634 883 692 et
908 626 1073 712 Ar[nol]d0
1098 627 1139 693 de
1163 629 1318 714 Busveylt
1351 630 1487 714 coquine
1516 636 1623 696 nostre

289 737 443 818 magistro
472 735 626 800 militibus
656 735 772 800 nostris
804 735 986 800 secretariis
1019 743 1051 799 et
1075 734 1287 802 familiaribus
1320 757 1359 803 ac
1383 737 1556 803 Guillermo
1580 737 1622 803 de

291 843 469 908 Endhoven
493 843 650 908 canonico
674 842 811 908 ecclesie
835 839 867 905 S.
886 841 1050 906 cuniberti
1068 841 1266 908 coloniensis
1290 851 1323 908 et
1347 843 1474 929 prelato
1496 848 1620 910 notario

289 951 428 1036 publico,
453 949 505 1015 cui
523 949 754 1030 mandavimus,
779 956 814 1013 ut
837 969 933 1034 super
956 948 1018 1014 hiis
1042 949 1103 1015 hoc
1126 950 1299 1016 conficeret
1322 952 1483 1036 publicum
1507 954 1619 1018 instru-

288 1065 428 1122 mentum
453 1064 485 1123 et
508 1059 600 1140 signo
623 1077 681 1123 suo
705 1057 857 1140 signaret.
895 1057 938 1121 Et
961 1076 1022 1140 ego
1046 1057 1206 1124 Hemicus
1230 1057 1337 1125 dictus
1360 1059 1462 1125 Rufus
1486 1058 1620 1126 clericus

289 1165 489 1231 Coloniensis
523 1165 682 1250 plublicus
717 1164 910 1229 auctoritate
949 1165 1106 1248 imperiali
1143 1185 1266 1230 necnon
1302 1167 1390 1231 curie
1424 1166 1622 1233 coloniensis

287 1274 410 1338 iuratus
432 1272 577 1337 notarius
601 1272 762 1357 premissis
786 1271 916 1336 interfui
941 1322 947 1335 .
973 1321 980 1334 .
1007 1320 1013 1335 .
1039 1279 1087 1337 et·
1101 1271 1228 1355 singula
1256 1272 1403 1358 predicta
1428 1322 1434 1334 .
1461 1323 1469 1338 .
1495 1324 1502 1338 .
1526 1293 1622 1341 manu

287 1401 359 1447 mea
383 1381 550 1466 eiusciipsi
573 1387 606 1446 et
629 1381 732 1466 ipsum
757 1381 1000 1445 instrumentum
1024 1379 1117 1463 signo
1141 1399 1212 1446 meo
1235 1381 1372 1464 signavi.

447 1531 539 1584 Instr.
559 1530 643 1585 meac.
664 1529 784 1584 Armar.
805 1529 870 1596 XV,
897 1531 942 1594 11,
961 1530 986 1582 ’1.
1017 1527 1209 1591 (Faacimelua
1229 1529 1265 1583 II
1278 1529 1459 1585 additorum
1478 1532 1521 1586 od
1537 1548 1619 1601 caps.

447 1619 495 1673 XI
514 1618 577 1674 slve
600 1619 741 1673 volumen
764 1616 938 1673 litterulam
963 1616 1125 1673 Clementis
1149 1619 1192 1673 VI
1211 1621 1239 1672 et
1261 1618 1411 1674 Iohannis
1429 1620 1542 1686 XXII.)
1564 1621 1619 1690 fot.

448 1709 580 1774 77-7e;
601 1709 721 1763 Arenae.
736 1708 879 1763 XXXIV.
898 1708 919 1761 2
936 1707 961 1777 f.
981 1710 1056 1774 135,·
1075 1709 1127 1764 Rc.
1148 1708 1235 1771 1910,·
1256 1709 1353 1763 Eubel
1371 1709 1416 1763 im
1434 1708 1619 1765 1110110110-

447 1798 524 1853 bucb
544 1799 627 1866 XIX,
646 1799 710 1853 468.

390 2089 521 2157 2300.
547 2091 633 2155 1337
657 2088 852 2175 September
874 2091 927 2154 11.
952 2087 1144 2177 (Acipaoo.)

391 2235 453 2300 Die
477 2234 526 2299 XI
549 2235 668 2300 mensis
691 2233 883 2317 septembris
909 2231 949 2318 [a.
971 2232 1262 2319 MOOCXXXVII]
1286 2233 1432 2301 dominus
1457 2234 1618 2300 Iohannes

286 2343 395 2428 Ogerii
429 2342 572 2408 decanus
602 2341 766 2406 Belnensis
795 2339 954 2405 Eduensis
988 2339 1071 2406 dioc.
1109 2340 1260 2407 collector
1292 2340 1490 2408 residuomm
1523 2343 1619 2408 bene-

284 2451 425 2518 ficiorum
450 2449 633 2515 vacantium
663 2447 798 2512 subsidii
822 2453 853 2512 et
878 2446 1002 2512 decime
1030 2449 1215 2515 serannalis
1239 2455 1272 2513 et
1295 2449 1461 2514 triennalis
1489 2449 1522 2513 in
1545 2470 1618 2534 pro·

289 2558 403 2625 vinciis
437 2556 609 2622 Viennensi
645 2553 851 2640 Lugdunensi
887 2555 1129 2620 Tarantaeiensi
1164 2556 1331 2621 Bisantina
1364 2563 1396 2621 et
1428 2555 1619 2622 Treverensi

283 2664 462 2748 assignavit
491 2683 617 2728 camere
646 2661 688 2727 de
710 2663 850 2746 receptis
874 2682 932 2746 per
955 2682 1026 2726 enm
1051 2662 1083 2725 in
1108 2660 1205 2728 dictis
1228 2663 1401 2747 provinciis
1424 2683 1481 2749 per
1504 2684 1617 2729 manus

283 2771 404 2837 domini
420 2769 580 2837 Guillelmi
597 2770 771 2855 Esperonis
787 2769 955 2834 familiaris
970 2769 1019 2835 sui
1044 2765 1287 2835 vl10uxxxv
1309 2770 1411 2853 regal.

1046 2876 1134 2942 CXL
1157 2875 1283 2943 scudat.

1043 2980 1373 3050 M110Lxxxl1fl0r.
1386 2983 1616 3052 deFlorencia.

1045 3088 1177 3156 Vlll⁰X
1201 3091 1269 3156 flor.
1289 3090 1330 3158 de
1346 3091 1552 3158 Pedemonte.

441 3202 516 3255 Iatr.
537 3201 564 3254 et
584 3197 666 3256 nait.
687 3201 742 3254 161
758 3199 783 3268 f.
803 3201 843 3254 35
855 3221 886 3244 =
902 3196 1023 3253 Kirscb.
1039 3213 1072 3266 p.
1091 3199 1153 3251 156.

385 3491 515 3558 2301.
544 3493 629 3556 1337
653 3491 794 3557 October
816 3491 870 3555 20.
895 3488 1059 3575 Acipoora

385 3635 561 3701 Excusatio
585 3632 820 3718 archiepiscopi
845 3632 1053 3698 Coloniensis.

385 3743 478 3807 Anno
511 3742 565 3807 die
598 3739 773 3806 indictione
806 3745 838 3806 et
870 3739 1057 3825 pontificatu
1090 3737 1245 3824 predictis
1278 3739 1415 3823 [scillcet
1444 3739 1613 3806 millesimo

278 3849 537 3917 OOC⁰XXXVll
570 3845 745 3913 indictione
776 3848 887 3930 quinta
916 3845 969 3911 die
996 3847 1146 3912 vicesima
1175 3848 1292 3912 mensis
1320 3848 1461 3913 octobris
1484 3847 1612 3933 pontili-

277 3965 369 4023 catus
404 3955 569 4022 Benedicti
603 3954 680 4040 Xll]
722 3961 754 4019 et
786 3956 817 4018 in
852 3953 966 4020 eodem
1002 3952 1153 4038 [publico]
1189 3955 1379 4019 consistorio
1411 3956 1612 4039 presentibus

278 4065 413 4131 testibus
445 4063 663 4149 supranotatis
696 4061 833 4145 [scilicet
858 4059 1087 4144 cardinalibus]
1122 4068 1154 4125 et
1179 4061 1339 4126 (lanberto
1368 4060 1611 4146 archiepiscopo

278 4171 458 4237 Arelatensi
482 4171 669 4250 camerario,
703 4169 844 4234 Iohanne
869 4168 1079 4234 Avinionensi
1103 4168 1258 4252 episcopo
1282 4167 1493 4250 thesaurario,
1526 4169 1611 4253 Ray·

275 4279 372 4344 naldo
405 4277 447 4344 de
478 4279 603 4360 Vranis,
637 4276 785 4342 Manuale
814 4276 855 4342 de
880 4275 987 4342 Vliseo
1018 4282 1050 4339 et
1078 4276 1257 4341 Guncelino
1292 4276 1443 4342 lobannis
1477 4274 1611 4340 notariis

275 4406 375 4472 pape,
409 4385 574 4471 Stephano
608 4384 649 4450 de
686 4385 766 4449 Puni
802 4384 921 4449 abbate
955 4383 1091 4449 ecclesie
1126 4383 1336 4449 Douratensis
1368 4382 1611 4449 Lemovicensis

276 4492 359 4559 dioc.
397 4512 522 4559 camere
558 4490 735 4577 apostolice
776 4491 924 4555 auditore
960 4511 999 4555 ac
1034 4490 1263 4556 advocatorum
1300 4495 1540 4575 procuratorum
1575 4495 1609 4554 et

275 4600 408 4666 aliorum
434 4601 595 4665 hominum
620 4597 824 4664 multitudine
848 4599 980 4683 copiosa
1003 4597 1187 4663 constitutis
1211 4619 1319 4663 coram
1335 4596 1463 4682 prefato
1480 4595 1608 4662 domine

274 4715 382 4773 nostro
415 4727 537 4773 summo
572 4705 724 4791 pontifice
748 4704 896 4771 discretis
926 4705 1004 4770 viris
1027 4703 1198 4770 Willrelmo
1222 4703 1263 4769 de
1291 4704 1423 4789 Genepe
1453 4703 1608 4770 canomco

275 4815 456 4883 Coloniensi
481 4821 513 4880 et
537 4815 677 4880 Henrico
702 4813 790 4879 dicto
814 4811 992 4879 Suderman
1017 4810 1058 4876 de
1081 4812 1254 4878 Tremonia
1276 4810 1378 4877 milite
1402 4812 1510 4896 legum
1533 4809 1604 4876 doc·
