3642 5509
819 455 982 513 teuu'uunr
999 453 1043 512 22.
1531 450 1583 508 159

244 647 276 707 et
310 638 493 726 prebendas
528 660 567 705 ac
601 640 635 705 in
657 637 849 704 Trevereusi
884 637 965 703 eccl.
1002 637 1224 702 canonicatum
1259 635 1319 701 sub
1354 633 1582 720 expectatione

245 747 411 835 prebende
434 768 558 814 necnon
582 745 818 831 preposituram
843 746 981 811 ecclesie
1005 745 1038 810 in
1054 743 1186 810 MInstat
1209 746 1279 810 sine
1304 763 1380 809 cura
1396 741 1583 825 Maguntiue

246 855 332 922 dioc.
356 854 490 921 obtinet.

354 961 516 1030 Nobilitas
541 960 680 1046 generis,
704 961 772 1026 vite
797 979 982 1026 aemorum
1006 959 1159 1026 honestas
1176 1008 1183 1024 .
1201 1007 1236 1024 ..
1270 960 1345 1024 Dat.
1369 956 1464 1022 Avin.
1489 955 1520 1019 X
1536 954 1582 1020 kl.

245 1069 315 1136 iulii
339 1090 370 1136 a.
393 1067 595 1135 duodecimo.

354 1177 392 1241 In
416 1195 445 1242 e.
471 1196 513 1240 m.
549 1173 764 1260 Sybergensis
792 1179 826 1240 et
848 1174 1031 1240 TuIcicnsis
1058 1172 1169 1240 Goion.
1202 1172 1286 1238 dioc.
1319 1171 1584 1238 monasteriorum

246 1283 420 1350 abbatibus
443 1303 484 1348 ac
507 1280 631 1348 decano
655 1281 733 1348 eccl.
759 1280 793 1346 S.
811 1280 911 1346 biarie
935 1279 978 1347 ad
1002 1279 1123 1364 gradus
1147 1281 1258 1347 Colon.

399 1424 472 1496 Req.
491 1427 529 1479 86
546 1424 571 1494 f.
590 1423 648 1480 209
665 1439 713 1478 ar.
733 1424 816 1478 1550.

356 1725 479 1794 1495.
514 1725 601 1790 1328
625 1724 711 1791 June
735 1727 789 1789 22.
814 1723 980 1812 Aoipnoa.

358 1858 517 1924 Iohannes
540 1858 640 1923 XXII
663 1856 837 1942 Reynurdo
861 1857 902 1924 de
920 1857 1128 1942 Westerburg
1151 1859 1305 1925 canonico
1326 1859 1516 1929 Treverensi
1539 1863 1585 1928 in·

249 1966 374 2052 dulget,
409 1973 445 2031 ut
478 1965 655 2032 litterarum
684 1963 791 2031 studio
823 1966 856 2030 in
889 1964 972 2048 loco,
1007 1965 1063 2032 ubi
1086 1965 1166 2031 illud
1189 1965 1340 2048 generale
1363 1968 1484 2052 mgent,
1510 1970 1584 2036 insi·

249 2073 365 2141 stende
388 2074 440 2140 vel
472 2073 505 2138 in
539 2073 642 2139 altero
674 2071 900 2139 beneficiorum
932 2092 1060 2139 suorum
1084 2073 1386 2157 ecelesiasticorum,
1416 2095 1478 2158 que
1501 2097 1586 2142 nnnc

250 2182 284 2247 in
308 2179 474 2265 quibusvis
498 2178 644 2246 ecclesiis
668 2179 793 2245 obtinet
816 2199 920 2262 queve
944 2187 1105 2264 expectat,
1134 2178 1304 2246 residendo
1327 2181 1451 2248 fructus
1474 2203 1586 2249 eorun-

249 2288 324 2355 dem
348 2287 573 2354 bsneficiorum
597 2288 733 2370 Integre,
756 2285 929 2353 cotidianis
952 2286 1228 2353 distributionibus
1245 2286 1413 2355 dumtaxat
1429 2290 1584 2376 exceptis,

250 2414 352 2479 usque
375 2393 418 2460 ad
442 2393 613 2462 triennium
637 2393 804 2479 percipere
828 2393 947 2459 valeat.

358 2502 533 2569 Personam
557 2507 645 2566 tuam
669 2499 710 2567 de
733 2501 903 2568 nobilitate
926 2502 1053 2585 generis
1072 2551 1078 2567 .
1098 2550 1130 2566 ..
1153 2501 1230 2567 Dat.
1247 2502 1341 2570 Avin.
1359 2503 1391 2567 X
1407 2503 1453 2568 kl.
1469 2503 1538 2569 iulii
1555 2524 1585 2569 a.

250 2607 453 2676 dnodecImo.

358 2717 397 2782 In
414 2736 441 2781 e.
458 2737 499 2782 m.
524 2715 740 2802 Sybergensis
756 2724 790 2783 et
803 2717 985 2784 Tuiciensis
1005 2718 1269 2784 monasteriomm
1285 2717 1457 2784 abbatibus
1474 2717 1585 2783 Calon.

250 2823 337 2890 dioc.
362 2844 401 2890 ac
425 2822 549 2890 decano
573 2824 653 2890 eccl.
677 2823 710 2890 S.
728 2823 829 2890 Marie
853 2824 896 2890 ad
920 2824 1040 2908 gradus
1064 2825 1175 2890 Colon.

412 2965 485 3036 Περ.
506 2967 545 3020 86
561 2965 586 3036 f.
604 2967 660 3022 214
677 2982 725 3022 nr.
745 2968 827 3022 1560.

358 3289 480 3357 leue.
511 3291 597 3356 1328
620 3289 707 3358 Jom·
731 3292 782 3354 24.
810 3288 976 3376 Aoipaon.

361 3433 521 3500 lohannes
547 3433 647 3499 XXII
673 3432 807 3498 Iohanni
832 3431 873 3497 de
896 3430 1075 3498 Monticnlo
1100 3432 1225 3498 confert
1248 3432 1326 3498 eccl.
1350 3430 1385 3498 S.
1408 3431 1531 3498 Florini
1554 3432 1588 3497 in

253 3539 456 3607 Continentia
491 3540 623 3608 Trever.
659 3539 742 3606 dioc.
780 3539 1004 3606 canonicatum
1044 3544 1077 3604 et
1112 3539 1307 3624 prebendam
1343 3546 1497 3605 vacantes
1531 3557 1589 3624 per

253 3648 375 3715 obitum
399 3649 532 3714 Henrici
556 3647 636 3713 dicti
660 3645 702 3713 de
724 3645 923 3732 AspInheim‚
948 3646 1002 3729 qui
1025 3665 1127 3731 nuper
1149 3645 1235 3732 apud
1252 3644 1361 3713 sedem
1377 3647 1588 3732 apostolicam

253 3754 341 3821 diem
365 3755 481 3821 clausit
505 3773 697 3841 supremum,
726 3773 790 3818 non
823 3753 971 3844 obstante
1004 3751 1090 3837 quod
1113 3753 1250 3819 Iohanni
1273 3752 1315 3819 de
1338 3754 1530 3819 canonIcatu
1553 3753 1588 3819 S.

254 3861 424 3930 Gertrndis
447 3861 641 3930 Niveiiensis
669 3859 770 3926 Leod.
801 3859 885 3926 dioc.
921 3861 980 3926 sub
1016 3861 1241 3946 expectatione
1275 3859 1438 3946 prebende
1472 3880 1512 3926 ac
1547 3858 1588 3924 de

253 3967 411 4035 beneficio
445 3969 665 4035 ecclesiastico
699 3987 769 4033 cum
804 3986 880 4032 cura
914 3967 965 4031 rel
992 3968 1062 4032 sine
1093 3987 1171 4033 cura
1197 3972 1364 4053 spectante
1389 3965 1431 4032 ad
1454 3965 1590 4052 disposi-

252 4078 373 4143 tionem
405 4076 570 4144 abbatisse
602 4074 808 4142 Assindensis
841 4072 951 4140 Goion.
985 4072 1068 4140 dioc.
1102 4075 1294 4140 auctoritate
1329 4075 1507 4159 apostolica
1540 4081 1589 4139 est

253 4184 428 4269 provisum.

361 4289 476 4357 Matris
491 4289 628 4357 ecclesie
644 4289 787 4374 gratiosa
804 4338 811 4354 .
830 4337 837 4354 .
856 4337 863 4354 .
889 4288 965 4355 Dat.
981 4286 1076 4354 Arin.
1096 4286 1173 4353 VIII
1191 4287 1235 4353 irl.
1252 4288 1322 4353 iulii
1338 4309 1368 4353 a.
1384 4287 1587 4355 duodecimo.

362 4399 399 4463 In
426 4419 454 4464 e.
480 4419 523 4463 m.
547 4396 581 4464 S.
603 4396 733 4481 Georgii
759 4395 870 4462 Golon.
895 4402 928 4461 et
951 4397 985 4462 S.
1010 4395 1153 4463 CastorIs
1176 4397 1208 4461 in
1232 4395 1431 4463 Confluentia
1455 4396 1588 4463 Trever.

253 4503 339 4573 dioc.
363 4503 496 4571 decanis
519 4525 560 4572 ac
582 4504 701 4571 Busolo
732 4502 773 4570 de
796 4503 914 4569 Parma
947 4503 1115 4588 capellano
1148 4503 1255 4588 papali
1289 4504 1443 4569 canonico
1467 4504 1590 4571 Toma-

254 4615 360 4680 censIs
383 4612 603 4678 ecclesiarum.

416 4755 490 4828 Περ.
509 4755 548 4812 87
564 4753 590 4826 f.
610 4754 676 4810 120¹
694 4769 742 4810 ar.
761 4754 845 4810 2361.
