3642 5509
823 489 889 544 1331
911 485 994 544 Mttrz
1013 483 1056 544 27.
1523 481 1574 542 401

236 667 317 737 iacit
340 671 508 736 certiorem
537 669 578 735 de
601 670 751 737 Willelmi
783 670 910 738 comitis
942 671 1131 737 Iuliaccusis
1161 671 1324 756 proposito
1349 669 1573 755 proficiscendi

241 799 311 844 eum
337 777 552 861 quadraginta
575 777 729 843 militibus
745 785 778 844 et
802 779 968 862 octoginta
993 778 1153 860 equitibus
1177 785 1289 844 eontra
1312 776 1458 842 infideles
1482 777 1570 860 regui

240 886 381 951 Granatc
414 905 548 968 eumque
581 884 783 970 depreeatur,
818 886 969 968 quatinus
999 885 1157 968 comitem,
1192 884 1284 952 eiad
1310 905 1417 969 regem
1442 905 1475 950 se
1500 905 1572 949 cou-

237 993 331 1076 ferat,
365 1000 421 1058 aut
449 1001 562 1077 gentes
594 1013 651 1079 per
680 993 828 1058 comitem
862 991 1071 1059 destinandas
1105 992 1225 1058 habere
1249 992 1327 1058 velit
1351 991 1575 1059 favorabiliter

238 1099 488 1168 commendatos.

345 1205 474 1272 Dudum
498 1206 635 1273 dilectus
658 1207 741 1274 iilius
764 1257 772 1273 .
792 1256 825 1272 ..
874 1208 949 1273 Dat.
976 1208 1038 1273 Vll
1061 1207 1106 1272 kl.
1133 1207 1244 1292 aprilis
1268 1229 1297 1272 a.
1323 1205 1573 1290 quintodecimo.

346 1315 382 1379 ln
406 1336 434 1380 c.
459 1337 500 1383 m.
525 1315 624 1380 nobili
647 1317 716 1382 riro
741 1315 875 1382 Iohanni
901 1321 977 1380 nato
1002 1313 1161 1398 quondam
1186 1315 1343 1380 Manuelis
1368 1313 1517 1379 lulantis.

405 1423 477 1492 Rep.
497 1422 551 1475 116
568 1421 593 1491 f.
612 1423 650 1476 57
669 1437 715 1475 nr.
733 1423 809 1489 301,·
828 1422 941 1491 Preper
960 1423 1035 1488 560,·
1054 1422 1106 1476 Ra.
1125 1423 1200 1474 1448
1218 1437 1247 1474 n.
1267 1423 1294 1474 3.

343 1654 470 1722 2025.
502 1658 588 1720 1331
612 1658 711 1721 Mdrz
734 1658 787 1721 27.
813 1655 1004 1743 (Aoipnon.)

346 1799 513 1864 Iohannes
547 1800 657 1863 XXII
686 1820 798 1885 repent
830 1797 1028 1885 Arnponnrn
1061 1801 1272 1884 deprecatur,
1307 1800 1466 1883 qnotinne
1497 1799 1573 1864 Wil-

238 1906 384 1971 termam
407 1908 559 1972 comitem
583 1906 806 1972 Inlincerusern
835 1907 998 1971 adversus
1025 1905 1179 1992 infideles
1202 1907 1299 1991 rcqni
1323 1907 1475 1971 Grunnte
1498 1927 1573 1971 curn

236 2020 333 2098 pente
362 2015 533 2099 armiperu
555 2015 823 2099 proficiscentem
853 2014 991 2099 benique
1014 2015 1157 2097 recipiat
1181 2020 1213 2078 et
1235 2013 1477 2078 honorabiliter
1494 2033 1572 2097 per·

240 2124 371 2185 tractet.

347 2226 517 2311 [Iohannes
547 2227 658 2313 XXII]
683 2231 751 2314 regi
775 2229 974 2313 Aragouum.

344 2336 373 2399 Α
396 2336 497 2420 regali
521 2338 675 2401 memoria
697 2357 761 2402 nou
784 2336 944 2402 credimus
966 2338 1154 2419 excessisse,
1179 2337 1263 2420 quod
1289 2356 1348 2402 nos
1373 2334 1572 2401 dudum...

237 2441 390 2507 Willelmi
412 2443 538 2508 comitis
554 2443 744 2510 Iuliaeensis
760 2450 836 2509 tuuc
852 2446 884 2508 in
907 2450 1019 2510 nostra
1044 2445 1206 2529 presentia
1230 2445 1394 2510 constituti
1417 2442 1572 2508 laudabili

236 2551 410 2635 proposito,
432 2549 518 2633 quod
534 2552 604 2635 ipse
628 2549 669 2616 de
692 2551 928 2637 proficiscendo
952 2553 984 2616 in
1007 2554 1149 2636 presenti
1165 2571 1274 2618 mense
1291 2551 1401 2617 marcii
1418 2550 1572 2617 adversus

237 2656 384 2723 infideles
409 2659 497 2741 regui
524 2659 666 2724 Granate
684 2709 690 2723 .
710 2709 716 2723 .
737 2707 744 2724 .
762 2665 965 2745 conceperat,
990 2659 1164 2740 intellecto,
1189 2659 1267 2724 illud
1285 2656 1466 2724 celsitudini
1484 2659 1572 2740 regie

236 2764 434 2846 nunciantes,
459 2785 530 2829 eam
553 2764 702 2831 duximus
725 2765 973 2852 deprecandam,
998 2771 1033 2830 ut
1057 2766 1213 2850 speciales
1236 2766 1336 2850 ipsius
1360 2766 1571 2830 nuncios...

236 2871 376 2954 benigne
399 2872 500 2938 velles
521 2874 665 2957 recipere
683 2922 690 2937 .
710 2922 717 2937 .
736 2923 743 2937 .
761 2873 904 2956 Cumque
929 2871 1034 2938 dietus
1058 2891 1164 2938 comes
1188 2893 1276 2938 suum
1301 2871 1480 2956 predictum
1504 2891 1571 2937 rea·

236 2977 310 3042 liter
333 2978 522 3060 exequendo
546 2981 745 3065 propositum
773 2999 843 3045 cum
873 2979 1018 3065 plurimis
1042 2979 1196 3044 militibus
1219 2984 1252 3043 et
1276 2980 1436 3062 equitibus
1460 2979 1571 3044 electis

237 3092 269 3151 et
292 3084 336 3151 ad
359 3085 493 3152 bellicos
516 3093 607 3152 actus
629 3086 775 3171 ydoneis,
799 3089 883 3152 iuter
906 3105 986 3169 quos
1009 3091 1082 3151 suut
1105 3085 1247 3151 nonnulli
1270 3086 1330 3150 viri
1352 3084 1570 3169 generositate

236 3213 276 3257 ac
299 3195 488 3258 strenuitate
511 3193 635 3276 famosi,
659 3214 762 3280 nuper
785 3195 941 3279 arripiens
964 3195 1025 3258 iter
1047 3213 1150 3276 suum,
1178 3193 1286 3258 multis
1309 3192 1381 3258 aliis
1405 3193 1483 3256 viris
1507 3192 1570 3257 bel·

235 3299 345 3383 ligeris
369 3299 410 3366 de
434 3301 580 3385 partibus
608 3302 675 3366 suis
708 3321 778 3366 cum
808 3299 1055 3385 precedentibus
1078 3305 1111 3365 et
1134 3301 1349 3383 sequentibus,
1374 3299 1457 3364 sicut
1480 3319 1567 3364 acce·

236 3408 349 3492 pimus,
373 3427 408 3472 se
431 3405 494 3473 biis
517 3406 631 3472 diebus
655 3406 697 3471 ad
721 3415 864 3473 nostram
887 3408 1092 3492 presentiam,
1122 3412 1249 3491 ceptum
1277 3406 1337 3471 iter
1365 3424 1570 3490 prosequens,

237 3513 463 3579 conterendum
487 3513 632 3580 duxisset
653 3522 686 3580 et
702 3516 864 3599 insperato
888 3521 921 3579 et
944 3515 1049 3579 subito
1074 3534 1114 3579 ex
1131 3519 1222 3598 parte
1246 3519 1300 3579 tue
1324 3512 1506 3578 serenitatis
1529 3511 1570 3578 de

235 3642 299 3686 nou
322 3620 508 3688 accedendo
531 3621 574 3687 ad
597 3628 707 3706 partes
730 3622 804 3688 illas
827 3622 1063 3706 presentialiter
1078 3619 1263 3686 mandatum
1285 3619 1419 3702 audivit,
1445 3619 1484 3684 de
1508 3640 1571 3703 quo

236 3729 454 3815 multipliciter
485 3731 594 3794 extitit
627 3731 742 3794 anxius
766 3735 799 3794 et
822 3730 984 3812 molestus,
1018 3748 1096 3795 seue
1128 3729 1204 3811 quia
1237 3747 1345 3794 eomes
1377 3729 1448 3813 ipse
1480 3747 1571 3792 suum

235 3836 415 3922 predictum
440 3835 555 3918 exequi
580 3836 777 3921 propositum
806 3836 969 3901 ferventer
998 3834 1184 3900 desiderans
1208 3841 1241 3900 et
1264 3833 1433 3900 attendens
1460 3835 1571 3901 nichil·

236 3945 369 4026 ominus,
395 3948 546 4025 quantum
563 3944 625 4008 sibi
642 3949 690 4008 est
707 3950 738 4008 et
754 3944 829 4026 suis,
854 3944 907 4026 qni
925 3961 1084 4028 expensas
1107 3962 1169 4007 non
1194 3940 1338 4006 modicas
1354 3948 1419 4006 tam
1444 3943 1476 4006 iu
1500 3963 1570 4028 pre·

235 4049 380 4136 parando
408 4070 442 4115 se
471 4069 566 4131 quam
590 4049 748 4114 veniendo
773 4056 805 4114 et
828 4049 924 4115 ctiam
949 4051 981 4114 in
1006 4051 1052 4115 eis
1076 4049 1221 4134 partibus
1244 4048 1393 4114 faciendo
1418 4049 1570 4134 provisio·

235 4179 308 4223 nem
324 4178 413 4223 snam
438 4157 479 4221 de
505 4157 706 4242 beneplacito
723 4159 812 4241 regio
829 4158 1005 4239 subierunt,
1029 4155 1269 4241 dispendiosum
1293 4162 1326 4221 et
1347 4156 1570 4222 scandalosum

236 4266 390 4332 existeret
412 4283 484 4328 cum
508 4265 564 4329 tali
589 4273 621 4329 et
645 4270 736 4329 tauta
759 4269 858 4348 geute
882 4264 1043 4347 armigera
1070 4263 1227 4346 evestigio
1251 4269 1360 4347 partes
1383 4282 1458 4329 suas
1482 4283 1570 4348 repe-

237 4381 315 4455 tere,
345 4370 487 4457 providit
515 4371 558 4436 ad
587 4373 728 4455 regalem
759 4373 952 4455 presentiam
981 4390 1016 4437 se
1045 4371 1199 4436 conferre.
1246 4368 1404 4447 Quocirca
1428 4369 1570 4454 magnifi-

236 4482 375 4546 centiam
405 4480 526 4562 regiam
555 4481 708 4546 attentius
737 4478 958 4565 deprecamur,
987 4480 1188 4562 quatinus..
1208 4477 1389 4563 prefatum
1421 4478 1570 4543 comitem

237 4589 451 4671 ...benigne
483 4588 625 4672 recipere
654 4607 692 4652 ac
721 4587 950 4654 honorabiliter
981 4593 1180 4672 pertractare
1208 4593 1240 4652 et
1264 4585 1374 4651 habito
1399 4586 1570 4668 colloquio

236 4715 306 4761 enm
341 4694 454 4761 eodem
488 4695 596 4760 taliter
628 4697 732 4781 ipsum
756 4695 788 4759 iu
812 4693 949 4778 agendis
978 4693 1182 4779 providentia
1204 4694 1295 4778 regia
1318 4691 1448 4777 dirigat,
1484 4692 1570 4775 quod

235 4802 354 4869 debeat
378 4802 567 4868 contentari.
614 4802 691 4878 Dat.
717 4801 762 4866 Vl
785 4801 829 4867 kl.
855 4802 965 4886 aprilis
989 4824 1018 4866 a.
1043 4800 1290 4884 quintodecimo.

395 4910 468 4978 Rep.
488 4910 541 4961 116
557 4907 582 4977 f.
604 4911 642 4962 48
659 4923 707 4961 nr.
728 4908 803 4977 251,·
823 4910 875 4963 Rc.
894 4911 975 4962 1448.

289 5030 588 5084 renumerationem
1372 5015 1408 5075 26
