3642 5509
335 398 389 460 ute
865 402 937 462 1319
955 401 1091 462 Febrnar
1109 399 1152 462 23.

335 584 506 670 diligenter
530 584 709 668 attendens,
743 584 829 670 quod
858 587 998 652 ecclesia
1022 585 1063 652 de
1087 586 1259 652 Meschede
1284 587 1394 653 Goion.
1419 585 1514 669 dioc,
1548 587 1579 652 in
1602 605 1657 669 qua

336 691 464 757 fuerant
488 692 606 758 abolim
630 693 796 758 abbatissa
813 699 845 758 et
862 693 1018 759 canonice
1042 693 1212 776 seculares,
1237 693 1279 758 ad
1296 700 1420 758 tantam
1438 692 1658 760 desolationem
1762 773 1763 776 Ἴ

334 801 398 865 iam
423 799 607 882 devenerat,
644 799 730 882 quod
763 801 796 864 in
820 821 860 865 ea
889 801 958 866 iere
989 801 1133 866 totaliter
1163 800 1290 866 divinus
1314 801 1418 866 cultus
1441 802 1505 866 iam
1528 801 1659 887 perierat
1762 787 1763 838 Ὗ

334 916 368 972 et
390 928 494 992 pauce
518 908 569 974 vel
602 908 688 973 nulle
721 910 876 973 canonice
908 917 1128 974 remanserant
1159 909 1193 973 in
1223 907 1336 974 eadem
1360 929 1419 973 nec
1446 909 1660 974 inveniebatur

335 1034 482 1099 persona,
515 1034 577 1098 que
608 1016 704 1080 vellet
737 1017 880 1099 regimen
909 1016 1045 1081 ecclesie
1069 1015 1254 1100 supradicte
1278 1017 1440 1102 suscipere
1465 1035 1525 1081 nec
1549 1014 1658 1080 ibidem

334 1121 408 1186 lieri
432 1123 587 1187 canonica
610 1123 776 1204 secularis,
811 1142 851 1187 ne
875 1123 907 1186 in
932 1143 971 1188 ea
995 1122 1175 1188 huiusmodi
1200 1123 1304 1188 cultus
1328 1122 1491 1208 deperiret
1515 1121 1658 1204 dictaque

335 1229 473 1294 ecclesia
506 1229 648 1293 totaliter
680 1229 851 1311 laberetur,
888 1229 1078 1312 quibusdam
1113 1229 1339 1301 canonicabus.
1375 1249 1438 1313 que
1467 1238 1543 1295 tunc
1578 1237 1661 1294 erant

334 1334 465 1417 ibidem,
499 1336 531 1400 in
562 1337 709 1401 manibus
738 1336 817 1400 dicti
850 1335 1085 1421 archiepiscopi
1121 1338 1206 1401 omni
1239 1336 1310 1417 iuri,
1342 1337 1427 1418 quod
1451 1337 1499 1402 eis
1521 1337 1553 1400 in
1579 1335 1660 1400 dicta

334 1443 472 1507 ecclesia
487 1442 728 1525 quomodolibet
751 1445 970 1529 competebat,
995 1444 1266 1524 renunciantibus,
1292 1442 1333 1508 de
1357 1462 1512 1509 consensu
1536 1441 1660 1528 capituli

334 1551 393 1631 sui,
427 1551 570 1635 pensatis
592 1551 693 1636 ipsius
715 1550 853 1616 ecclesie
877 1550 1098 1630 facultatibus,
1133 1569 1190 1615 vos
1214 1549 1296 1615 filios
1320 1549 1476 1615 decanum
1502 1558 1534 1614 et
1557 1569 1662 1634 prepo-

334 1659 429 1722 situm
452 1677 491 1722 ac
515 1656 669 1741 quosdam
702 1659 873 1724 canonicos
909 1659 1103 1723 auctoritate
1133 1656 1295 1723 ordinaria
1325 1657 1463 1722 instituit
1487 1657 1519 1720 in
1543 1655 1662 1736 eadem,

334 1771 429 1847 prout
461 1766 495 1829 in
529 1765 714 1849 patentibus
745 1765 860 1830 litteris
890 1763 966 1830 inde
991 1766 1157 1846 coniectis,
1192 1763 1349 1828 dictorum
1374 1762 1613 1848 archiepiscopi
1634 1771 1662 1827 ct

334 1871 466 1955 capituli
499 1871 607 1955 sigillo
639 1873 769 1936 munitis
802 1871 929 1955 plenius
962 1870 1081 1937 dicitur
1110 1871 1276 1936 contineri.
1324 1871 1391 1938 Nos
1419 1871 1529 1953 itaque
1555 1871 1662 1935 vestris

333 1979 620 2062 supplicationibus
655 1979 808 2058 inclinati,
845 1979 931 2061 quod
966 1999 1061 2063 super
1098 1979 1158 2044 hoc
1194 1980 1234 2043 ab
1271 1978 1385 2043 eodem
1423 1978 1662 2062 archiepiscopo

334 2084 468 2170 provide
490 2086 613 2150 iactum
636 2092 685 2150 est
702 2133 709 2150 .
728 2133 735 2149 .
753 2133 761 2149 .
779 2085 1006 2151 confirmamus
1025 2135 1031 2150 .
1051 2136 1084 2150 ..
1127 2087 1198 2150 Dat.
1227 2086 1322 2151 Avin.
1350 2085 1377 2150 V
1403 2105 1504 2150 nonas
1527 2085 1663 2150 octobris

338 2212 369 2275 p.
387 2213 418 2256 n.
436 2213 465 2257 a.
490 2192 642 2258 secundo.

501 2312 551 2366 Or.
569 2311 693 2365 membr.
713 2325 782 2364 eum
796 2311 925 2380 plumbo
941 2313 1034 2380 perid.
1075 2311 1139 2366 Sub
1155 2309 1241 2381 plica
1260 2312 1302 2366 ad
1321 2309 1456 2366 sinistra
1468 2293 1508 2365 Ῑ.
1523 2295 1561 2365 de
1576 2293 1662 2366 (dart-ri.

496 2419 534 2472 lm
556 2415 641 2486 plica
663 2418 706 2472 ad
731 2418 849 2471 deceta:
870 2454 902 2509 R·
924 2384 1065 2510 dg'cass'
1093 2449 1125 2457 -
1146 2419 1294 2474 Mllnater.
1319 2419 1407 2473 Arcb.
1427 2433 1488 2489 rep.
1513 2417 1591 2487 brist
1610 2417 1663 2470 Me-

494 2526 600 2582 ecbede
618 2541 665 2580 ar.
684 2527 730 2581 29.

443 2806 580 2873 *2392
605 2807 749 2888 (ibide).
781 2810 867 2871 1319
892 2809 1047 2872 Februar
1070 2810 1122 2871 23.
1146 2806 1313 2893 Aoiprroo.

446 2949 608 3016 lohannes
628 2950 728 3014 XXII
752 2951 910 3015 universis
933 2949 1126 3034 patriarchis
1149 2949 1401 3034 archiepiscopis
1424 2950 1586 3036 episcopis
1609 2959 1664 3014 etc.

334 3066 443 3125 notum
467 3059 558 3141 iacit,
592 3057 678 3140 quod
702 3056 876 3122 Clementis
899 3057 928 3122 V
953 3058 1139 3122 constitutio
1170 3058 1202 3121 in
1233 3058 1370 3123 concilio
1394 3057 1569 3123 Viennensi
1599 3077 1664 3143 pro-

334 3166 488 3249 mulgata,
522 3185 586 3247 qua
615 3166 641 3229 is
672 3162 872 3246 quarundam
902 3164 1081 3246 mulierum,
1118 3184 1179 3246 que
1204 3165 1380 3249 vulgariter
1402 3165 1665 3249 nuncupabant-ur

336 3273 484 3357 beguine,
517 3278 635 3336 statum
665 3278 822 3356 perpetuo
846 3271 1008 3355 prohibuit
1032 3292 1071 3336 ac
1099 3272 1189 3336 illum
1213 3273 1254 3337 ab
1279 3271 1417 3336 ecclesia
1441 3273 1570 3357 penitus
1594 3273 1665 3337 abo-

337 3379 427 3461 levit,
460 3378 503 3444 ad
529 3379 615 3442 tertii
638 3378 760 3443 ordinis
783 3399 802 3442 a
826 3379 863 3443 B.
888 3379 1062 3444 Francisco
1087 3380 1223 3444 instituti
1252 3379 1368 3444 iratres
1391 3388 1424 3444 et
1447 3398 1583 3462 sorores,
1617 3377 1665 3461 qui

336 3487 536 3551 continentes
559 3504 615 3549 seu
632 3484 673 3548 de
695 3487 874 3568 penitentia
898 3493 1133 3570 nuncupantur,
1158 3486 1286 3551 minime
1303 3506 1338 3551 se
1355 3485 1509 3570 extendit,
1534 3486 1665 3551 eisdem·

339 3612 402 3674 que
425 3589 568 3673 mandat,
602 3593 752 3672 quatinus
780 3592 909 3656 cosdem
939 3593 1055 3656 fratres
1083 3599 1115 3656 et
1139 3613 1264 3658 sorores
1286 3593 1467 3658 nullatenus
1489 3593 1666 3659 molestent.

441 3698 512 3762 Etsi
536 3699 713 3781 apostolice
737 3700 824 3764 sedis
844 3748 851 3762 .
870 3747 903 3762 ..
930 3699 1004 3762 Dat.
1030 3699 1125 3763 Avin.
1150 3698 1212 3763 Vll
1238 3699 1281 3764 kl.
1307 3700 1418 3764 marcii
1442 3721 1472 3764 a.
1497 3702 1609 3765 tercio.

490 3837 629 3893 Vidimus
649 3838 794 3909 officialia
813 3839 897 3894 curie
921 3839 1109 3894 Coloniensis
1129 3841 1157 3894 d.
1178 3840 1228 3895 die
1248 3841 1403 3895 dominica
1424 3841 1573 3910 proram
1599 3845 1667 3896 arete

484 3928 599 3997 fectum
623 3932 812 3996 pentecosten
841 3947 869 3984 a.
899 3928 1090 3983 MCCCXIX.
1120 3959 1152 3966 -
1189 3931 1337 3985 Mdnater.
1365 3930 1454 3986 Arcb.
1484 3947 1545 4001 rep.
1575 3931 1666 3986 Soeet.

483 4015 659 4072 Minoritem.
682 4019 729 4073 27.

440 4306 557 4373 2393
583 4308 704 4387 (bria).
732 4311 817 4372 1321
842 4311 1075 4376 recrearas.
1105 4309 1270 4396 Aviprroo.

442 4469 609 4534 Iobaaaea
623 4471 734 4534 XXII
752 4472 861 4535 tribue
879 4473 1114 4536 acerbioribus
1129 4472 1281 4553 mandat,
1306 4473 1465 4556 quomam
1482 4471 1667 4538 Saedemm

335 4577 377 4642 de
399 4577 656 4642 Friemerobeim
683 4579 906 4662 presbiteram
932 4587 962 4644 el
992 4579 1192 4644 monachum
1216 4580 1287 4643 ord.
1313 4581 1495 4660 Minorem,
1528 4581 1587 4664 qai
1605 4599 1669 4664 per

334 4685 504 4749 bicarium
527 4685 563 4746 io
586 4686 719 4749 soeculo
744 4692 903 4771 crapulae
928 4691 985 4760 eat,
1012 4687 1188 4751 absolvant
1213 4695 1243 4750 et
1267 4688 1373 4772 recipi
1394 4687 1529 4772 saciant
1550 4689 1587 4751 in
1604 4706 1668 4750 mo

333 4793 483 4856 monterio
512 4791 686 4857 Tuitieore'.
