3642 5509
780 453 850 510 1392
869 454 988 511 Januar
1007 453 1048 510 10.

341 639 472 706 2982.
507 643 594 704 1332
617 641 756 706 ι199999·
781 641 832 709 10.
857 638 1023 726 11999999.

343 768 502 834 lohannes
519 767 618 833 XXII
642 766 748 832 denuo
764 775 908 833 reservat
924 765 966 832 ud
983 786 1077 830 unum
1099 785 1215 830 anuum
1240 781 1366 828 camere
1391 759 1567 845 apostolice

233 875 357 941 fructus
385 875 479 962 primi
510 877 584 942 anni
614 876 752 941 omnium
780 875 1007 941 beneficiorum
1031 871 1322 939 ecelesiasticorum
1347 867 1433 953 apud
1457 866 1567 933 sedem

233 983 444 1069 apostolicam
468 985 651 1050 vacantium
681 990 714 1048 et
746 983 823 1049 919199
848 982 890 1048 ad
924 982 1072 1067 papalem
1106 978 1347 1064 dispositionem
1381 972 1566 1040 immediate

233 1092 446 1177 spectantium
471 1098 704 1168 vacaturorum,
739 1090 886 1177 exceptis
919 1090 1064 1156 ecclesiis
1098 1085 1337 1152 cathedralibus
1367 1090 1400 1148 99
1428 1081 1567 1147 abbatiis

233 1199 435 1284 regularibus
468 1207 501 1265 99
534 1199 697 1266 beneficiis
730 1220 769 1264 ex
804 1219 902 1265 eausa
934 1197 1179 1283 permutationis
1213 1192 1404 1259 vacantibus
1432 1189 1483 1254 vel
1516 1210 1568 1254 va·

234 1309 364 1374 catoris.
1183 1305 1207 1347 θ

344 1417 427 1484 Olim
452 1437 510 1502 pro
534 1415 661 1500 magnis
683 1435 894 1501 expensarum
1025 1415 1102 1480 Dat.
1127 1413 1221 1478 Avin.
1246 1409 1311 1476 lIll
1337 1406 1409 1473 idus
1433 1405 1569 1470 ianuarii

234 1545 264 1589 a.
290 1525 377 1590 ΧΠ
396 1614 469 1683 999.
487 1614 542 1668 116
555 1628 606 1684 ps.
627 1612 701 1681 uf.
721 1614 776 1668 999
794 1615 822 1705 qe
840 1615 898 1668 999
915 1629 962 1667 aa.
983 1612 1041 1668 999
1059 1614 1087 1667 u
1106 1612 1186 1668 999.

340 1794 468 1860 2083.
501 1797 589 1860 1332
612 1797 751 1861 ι199999·
776 1797 828 1860 10.
853 1793 1045 1881 (91999999.)

339 1939 507 2004 Iohannes
535 1940 646 2003 XXII
672 1941 825 2024 episcopo
850 1939 1102 2024 Oeaeburpensi
1125 1937 1275 2017 mundat,
1311 1938 1568 2021 pacatianorum

242 2046 440 2110 Wilbruado
463 2047 601 2112 Busche
635 2047 755 2111 clerico
789 2054 820 2112 et
853 2047 987 2111 9999999
1017 2045 1166 2110 Simoeis
1197 2044 1327 2109 domini
1351 2045 1471 2130 Lippie
1503 2044 1568 2110 dis·

228 2159 350 2237 penset
372 2174 475 2238 super
497 2155 761 2240 irreperlure'tote.

342 2258 515 2343 [lohannes
540 2260 651 2345 XXII]
675 2262 828 2347 episcopo
852 2260 1102 2345 Osnaburgeusi.

342 2366 546 2434 Constitutus
574 2369 607 2433 in
638 2374 747 2434 nostra
776 2366 940 2453 presentia
969 2417 976 2432 .
1007 2417 1014 2432 .
1048 2367 1253 2434 Wilbrandus
1277 2365 1408 2433 Banobe
1433 2368 1568 2434 clericus

234 2479 289 2539 tue
323 2472 463 2540 diocesis
490 2475 583 2542 nobis
611 2494 772 2562 exponere
800 2477 996 2562 procuravit,
1030 2474 1115 2559 quod
1140 2496 1211 2541 curn
1236 2476 1311 2541 olim
1335 2475 1476 2541 nonnulli
1501 2495 1569 2559 pre·

236 2580 337 2646 dones
360 2590 392 2647 ot
415 2583 556 2649 latrones
580 2582 733 2666 quosdam
758 2590 952 2649 mercatores
976 2582 1133 2668 opidanos
1157 2582 1267 2650 dilecti
1292 2583 1347 2647 lilii
1371 2582 1488 2648 nobilis
1508 2581 1567 2648 riri

236 2688 387 2773 Symonis
410 2688 530 2755 domini
547 2689 749 2777 1999999999ἣ
773 2692 934 2776 cepissent
952 2697 984 2756 et
999 2690 1165 2772 violenter,
1190 2697 1225 2755 ut
1241 2691 1283 2756 eb
1300 2691 1347 2756 999
1362 2696 1492 2775 possent
1516 2709 1569 2755 ex-

236 2800 386 2878 torquere
408 2816 466 2863 seu
490 2817 604 2882 rapere
627 2799 790 2882 pecunias,
823 2797 978 2863 ducerent
1003 2797 1194 2881 captivatos,
1228 2796 1314 2862 idern
1340 2797 1485 2882 clericus,
1515 2797 1568 2880 qui

235 2904 380 2968 notarius
403 2902 482 2969 dicti
515 2904 632 2971 nobilis
664 2906 834 2986 existebat,
868 2902 998 2970 eosdem
1031 2909 1224 2970 mercatores
1257 2904 1298 2970 de
1326 2905 1473 2970 manibus
1500 2924 1568 2991 pre·

236 3009 373 3076 doneum
404 3017 437 3076 et
467 3011 624 3076 latronum
658 3011 876 3096 predictorum
909 3013 1043 3097 cupiens
1075 3011 1214 3094 liberari,
1251 3013 1425 3096 evaginato
1457 3011 1568 3094 gladio

235 3117 356 3198 absque
380 3116 452 3183 91999
484 3118 653 3184 armaturis
686 3117 842 3202 quosdam
870 3119 952 3184 alios
980 3119 1076 3201 viros,
1111 3120 1164 3202 qui
1198 3120 1471 3204 persequebantur
1500 3139 1569 3204 pre·

235 3223 336 3290 dones
364 3230 397 3288 et
424 3225 565 3291 latrones
593 3225 767 3310 predictos,
801 3225 843 3290 ad
871 3245 981 3290 eorum
1010 3226 1265 3310 persecutionem
1294 3232 1569 3308 mercatorumque

235 3331 456 3396 liberationem
490 3331 687 3417 prefatorum
719 3332 828 3398 extitit
860 3331 1059 3398 exhortatus.
1108 3333 1193 3398 Sane
1217 3333 1292 3416 quia
1321 3333 1381 3418 ipsi
1411 3331 1569 3418 predones

236 3445 269 3502 et
291 3436 432 3503 latrones
457 3438 596 3520 abillis,
630 3441 683 3522 qui
713 3459 768 3506 999
797 3439 892 3505 ctiam
924 3440 992 3506 sine
1016 3438 1095 3505 dicti
1120 3439 1343 3505 exhortatione
1368 3440 1475 3505 elerici
1499 3460 1569 3524 per·

235 3546 459 3629 sequebantur,
496 3555 531 3611 ut
564 3548 770 3629 promittitur,
805 3545 936 3612 tandem
970 3548 1057 3632 capti
1086 3555 1118 3613 99
1146 3546 1245 3630 aliqui
1278 3567 1385 3613 eorum
1415 3569 1435 3613 9
1463 3567 1569 3632 99999-

236 3653 406 3734 9999991999
442 3652 563 3720 eisdem
600 3655 714 3732 occisi,
752 3675 814 3719 uno
849 3654 973 3719 illorum
1011 3653 1121 3719 ultimo
1155 3653 1378 3720 nichilominus
1413 3653 1569 3739 deputato

235 3759 404 3846 supplicio,
430 3762 615 3844 extiterunt,
649 3761 803 3847 predictis
826 3761 1059 3827 mercatoribus
1083 3762 1236 3843 liberetis,
1267 3762 1412 3846 prelatus
1436 3760 1570 3826 clericus

234 3875 366 3953 propter
390 3867 646 3934 exlrortatiouem
672 3868 921 3936 huiusmodi...
941 3868 1207 3952 irregularitatem
1233 3875 1376 3934 metucns
1400 3869 1569 3934 incurrisse

235 3975 327 4040 nobis
349 3975 511 4040 humiliter
534 3975 739 4061 supplicavit,
763 3981 799 4040 ut
815 3995 886 4040 enm
904 3976 985 4061 9999,
1010 3974 1095 4058 quod
1112 3976 1274 4059 premissis
1290 3995 1353 4040 non
1370 3976 1569 4042 obstantibus
1648 4041 1654 4054 ,

235 4080 276 4145 ad
306 4101 416 4147 omnes
447 4102 556 4148 sacros
585 4080 714 4148 ordines
742 4083 924 4167 promoveri
948 4083 1037 4147 etin
1061 4083 1220 4167 susceptis
1247 4081 1427 4148 ministrare
1451 4083 1568 4165 valeat,

235 4208 274 4253 ac
297 4208 393 4274 super
416 4189 664 4273 irregularitate,
691 4190 718 4254 si
742 4209 837 4273 quam
861 4197 994 4274 propter
1017 4187 1164 4275 predicta
1189 4191 1357 4272 contraxit,
1383 4189 1569 4274 dispensare

234 4295 402 4378 ipsumque
424 4297 457 4361 in
481 4298 641 4380 integrum
665 4298 833 4362 restituere
856 4345 863 4361 .
883 4345 915 4361 ..
939 4295 1154 4380 dignaremur.
1201 4297 1269 4362 Nos
1292 4297 1401 4379 itaque
1423 4346 1430 4362 .
1449 4345 1482 4362 ..
1507 4297 1571 4363 fra·

234 4402 378 4467 teruitati
410 4409 465 4467 tue
579 4402 779 4486 mandamus,
814 4405 974 4486 quatinus,
1008 4403 1034 4469 99
1063 4410 1113 4468 999
1140 4405 1186 4469 999
1214 4409 1246 4468 99
1269 4403 1357 4468 aliud
1382 4405 1569 4470 canonicum

233 4530 297 4574 uon
320 4509 465 4586 obsistat,
502 4531 572 4576 eum
603 4511 750 4597 predicto
780 4511 897 4577 clerico
927 4529 1022 4595 99999
1052 4511 1214 4596 premissis
1244 4512 1436 4577 auctoritate
1460 4519 1570 4579 nostra

233 4616 410 4703 dispenses.
457 4617 532 4683 Dat.
557 4619 624 4683 1111
647 4617 720 4685 idus
743 4618 879 4684 ianuarii
904 4639 934 4686 a.
959 4619 1047 4682 XVl.

394 4725 467 4794 cap.
486 4725 541 4778 119
562 4725 587 4794 f,
607 4725 673 4779 999
691 4741 739 4779 ar.
760 4728 840 4780 1311.

334 4849 511 4921 9919999999
531 4849 566 4906 ia
585 4865 647 4921 rep.
