3642 5509
741 410 808 470 1321
828 401 911 469 dlllra
930 399 956 469 ll.
1460 399 1514 469 579

286 592 457 678 [lohannes
480 594 591 677 XXII]
627 595 790 680 preposito
822 600 854 659 et
886 595 1016 660 maioris
1048 614 1088 659 ac
1119 594 1153 659 S.
1179 593 1281 659 Maris
1315 592 1357 658 ad
1390 592 1511 677 gradun

179 702 414 767 Coloniensinm
438 702 570 769 decanis
597 702 818 768 ecclesiarum.

286 810 388 875 Lecta
420 809 511 874 nobis
545 828 601 893 pro
631 815 722 893 parte
741 859 747 873 .
766 856 798 873 ..
834 808 969 874 Suederi
994 807 1034 873 de
1059 807 1317 874 Werimersbeim
1342 808 1512 893 presbiteri

180 906 392 982 Coloniensis¹
412 916 531 1001 peticio
565 916 761 997 continebat,
798 915 883 1000 quod
917 916 993 979 olim
1026 916 1095 999 ipse
1127 914 1254 979 cuidam
1289 935 1329 980 ex
1357 914 1512 981 fratribus

179 1022 300 1089 ordinis
323 1023 480 1088 Minorum
504 1023 546 1088 de
573 1024 761 1107 Burgundia
784 1022 919 1089 oriundo
943 1031 1019 1088 tunc
1036 1022 1168 1088 colonie
1191 1023 1331 1087 studenti
1356 1022 1515 1089 adherens

180 1137 213 1194 ut
235 1129 383 1207 famulus,
418 1150 489 1195 cum
514 1131 649 1196 baberet
673 1131 873 1216 propositum
896 1131 956 1195 sub
983 1130 1121 1213 regulari
1145 1129 1257 1194 babitu
1282 1137 1435 1214 perpetuo
1460 1130 1534 1203 do-'¹

178 1238 263 1302 mino
296 1238 445 1303 famulari
479 1257 539 1302 nec
572 1244 717 1322 speraret
750 1239 843 1303 aliter
871 1258 967 1322 posse
996 1238 1096 1321 recipi
1121 1237 1153 1301 iu
1178 1236 1290 1302 ordine
1313 1236 1535 1321 supr·adieto,'

178 1342 264 1408 idem
288 1344 389 1409 irater
412 1344 499 1410 dioto
522 1345 700 1430 presbitero
724 1345 870 1429 promisit
894 1344 1074 1429 pecuniam,
1099 1345 1127 1409 si
1152 1365 1209 1429 pro
1233 1365 1271 1409 eo
1288 1346 1459 1411 accederet
1478 1348 1513 1411 in

180 1450 409 1533 Burgundinm,
433 1458 465 1516 et
488 1450 575 1534 quod
598 1451 721 1518 faceret
745 1472 816 1517 euru
849 1452 948 1536 recipi
979 1451 1012 1515 in
1035 1451 1168 1516 fratrem
1197 1451 1317 1518 ordinis
1342 1451 1511 1549 antediet{;

179 1558 232 1640 qui
260 1558 343 1623 sieut
375 1559 505 1641 ignarus
538 1561 675 1625 accessit
705 1566 737 1624 et
767 1558 910 1624 habitum
944 1559 1079 1623 fratrum
1112 1558 1331 1642 predictorum
1364 1580 1513 1625 reversus

178 1666 305 1749 aceepit
334 1670 366 1729 et
395 1665 428 1729 in
456 1686 494 1730 eo
518 1667 698 1749 regularem
722 1666 956 1750 professionem
980 1667 1086 1730 emisit
1111 1673 1144 1730 et
1166 1666 1400 1748 subsequenter
1424 1667 1514 1732 lacta

179 1772 239 1837 sibi
263 1768 359 1856 super
382 1772 443 1837 hoe
467 1774 664 1837 couscientia
687 1773 896 1857 apostolicam
921 1772 1032 1837 sedem
1055 1771 1158 1837 adivit
1174 1780 1207 1837 et
1230 1774 1272 1838 ab
1297 1773 1412 1838 eadem
1435 1755 1513 1839 sede

179 1898 275 1963 super
303 1878 365 1943 boo
387 1898 494 1943 seeum
519 1880 656 1945 obtinuit
680 1878 859 1965 dispensari
883 1888 918 1945 et
940 1880 983 1944 ad
1007 1878 1151 1943 ordinem
1175 1878 1272 1945 rediit
1297 1865 1512 1963 antedictum3

179 1992 212 2049 et
235 2005 305 2050 cum
330 1986 362 2049 in
385 2006 423 2050 eo
448 1992 578 2071 propter
601 1988 785 2072 sepissimas
817 1987 1110 2071 improperaciones
1143 1987 1290 2070 nequiret
1318 1988 1410 2053 salva
1442 2009 1514 2053 con-

178 2092 313 2157 scientia
337 2112 511 2174 remanere,
536 2092 577 2158 de
593 2095 640 2159 sui
665 2094 838 2178 superioris
862 2094 995 2159 lieentia
1018 2092 1163 2159 ordinem
1188 2096 1290 2179 ipsum
1317 2096 1429 2177 exirit,
1454 2095 1512 2162 sed

179 2199 262 2264 infra
296 2209 432 2285 tempus·
451 2201 512 2265 sibi
536 2201 696 2285 prefixum
720 2202 761 2267 ab
786 2200 899 2266 eodem
924 2201 1098 2285 superiore,
1131 2211 1167 2265 nt
1197 2208 1289 2267 extra
1316 2203 1514 2288 provinclam

180 2306 413 2386 coloniensem,
446 2308 479 2371 iu
502 2326 566 2388 qua
589 2316 665 2373 tuno
689 2309 860 2389 existebat,
895 2308 993 2373 alium
1026 2306 1249 2390 ingrederetur
1281 2310 1426 2375 ordinem
1454 2325 1515 2395 1ap

180 2414 358 2498 probatum,
395 2413 539 2480 ordinem
572 2417 685 2500 ipsum,
721 2434 792 2480 cum
826 2414 1018 2497 nequiverit,
1054 2434 1117 2479 nou
1149 2416 1290 2497 intrarit,
1324 2424 1357 2481 et
1387 2418 1434 2483 sic
1456 2437 1516 2503 per

179 2521 340 2586 biennium
375 2523 408 2585 iu
442 2522 550 2586 seculo
586 2522 763 2587 dinoscitur
797 2522 1022 2607 permansisse.
1071 2520 1179 2599 Quare
1211 2542 1269 2607 pro
1299 2530 1391 2607 parte
1414 2525 1514 2607 ipsius

180 2626 315 2692 Suederi
344 2628 436 2693 nobis
465 2628 570 2693 extitit
600 2628 761 2693 humiliter
784 2629 1010 2713 supplicatum,
1047 2637 1081 2693 ut
1105 2631 1209 2712 ipsum
1235 2629 1275 2693 ab
1300 2631 1515 2695 excummuni-

180 2736 316 2800 cationis
339 2735 504 2800 sentencia
533 2784 571 2799 ..
596 2784 602 2799 .
632 2735 798 2801 absolvere
822 2742 855 2800 et
879 2736 910 2800 in
936 2736 1044 2817 aliquo
1071 2737 1267 2801 monasterio
1291 2736 1442 2820 regulari,
1475 2758 1516 2800 ne

179 2860 237 2925 per
260 2840 401 2906 seculum
425 2840 673 2926 dampnabiliter
696 2849 860 2926 evagetur,
886 2842 987 2927 recipi
1005 2890 1012 2906 .
1031 2892 1038 2905 .
1057 2891 1064 2905 .
1082 2842 1317 2907 mandaremus.
1365 2843 1433 2910 Nos
1455 2844 1514 2907 ita·

180 2968 242 3030 que
358 2946 542 3013 discretioni
572 2955 678 3015 vestre
797 2949 995 3030 mandamus,
1030 2950 1180 3031 quatinus
1204 2970 1261 3013 vos
1285 2949 1336 3014 vel
1366 2947 1429 3013 duo
1459 2956 1516 3014 aut

180 3076 260 3121 uuus
285 3062 449 3120 vestrum.
468 3105 475 3119 .
494 3057 622 3140 ,ipsum
640 3106 647 3120 .
666 3104 673 3119 .
692 3105 699 3120 .
717 3057 893 3122 absolvatis
917 3064 950 3121 et
972 3055 1207 3127 nichilominus,
1233 3076 1303 3121 cum
1327 3054 1415 3120 idem
1439 3056 1518 3119 Sue·

180 3162 275 3228 derus
290 3162 453 3228 desideret
469 3164 501 3227 iu
517 3164 709 3229 monasterio
724 3162 764 3227 de
777 3164 891 3228 Tuicio
906 3161 1027 3228 ordinis
1038 3163 1070 3227 S.
1086 3162 1251 3229 Benedicti
1266 3161 1355 3227 dicte
1373 3160 1514 3226 diocesis

180 3271 239 3336 sub
273 3270 411 3353 regulari
446 3269 556 3335 babitu
587 3271 739 3335 virtutum
771 3270 901 3336 domino
926 3270 1078 3335 devotum
1102 3268 1289 3355 impendere
1313 3267 1517 3348 fanrulatum,

181 3376 310 3442 eosdem
334 3378 484 3442 abbatem
508 3385 541 3442 et
565 3386 756 3443 conventum
782 3427 841 3442 ...
865 3377 1038 3457 inducatis,
1069 3383 1104 3440 ut
1128 3379 1232 3461 ipsum
1257 3376 1290 3439 in
1315 3373 1432 3439 eodem
1455 3394 1520 3438 mo·

181 3484 319 3550 nasterio
347 3483 380 3548 iu
410 3484 598 3549 monachum
632 3486 789 3570 recipiant
819 3492 851 3549 et
879 3484 911 3548 iu
944 3483 1079 3549 fratrem
1112 3490 1145 3547 et
1177 3484 1305 3549 sincera
1329 3481 1363 3544 in
1388 3479 1519 3544 domiuo

181 3592 315 3657 caritate
346 3599 552 3675 pertractent,
587 3594 647 3657 uisi
677 3594 719 3657 sit
744 3593 932 3657 canonicum
957 3590 1056 3672 aliud,
1090 3589 1176 3673 quod
1200 3590 1349 3653 obsistat.
1397 3585 1520 3664 Quodsi

181 3700 260 3765 dicti
284 3701 385 3765 abbas
415 3710 447 3765 et
476 3707 652 3766 conventus
677 3699 814 3765 eundem
839 3699 1017 3765 Suederum
1050 3699 1194 3782 recipere
1227 3695 1314 3759 forte
1348 3693 1522 3773 noluerint,

181 3806 331 3891 prefatos·
347 3808 497 3873 abbatem
523 3814 555 3872 et
580 3814 771 3873 conventum
886 3806 1060 3870 monitione
1083 3804 1241 3888 premissa
1269 3822 1330 3884 per
1355 3818 1522 3863 censuram

181 3914 432 3980 ecelesiasticam
456 3914 673 3999 appellatione
699 3920 822 3978 remota
845 3915 1048 3997 cogatis...
1074 3912 1150 3973 Dat.
1169 3909 1264 3971 Aviu.
1284 3908 1316 3970 ll
1343 3906 1388 3969 lrl.
1412 3903 1523 3967 marcii

183 4042 210 4085 a.
237 4020 359 4103 quinto.

342 4128 414 4197 Rep.
435 4126 513 4196 ref.
534 4128 602 4182 230‘
621 4142 668 4181 ur.
688 4127 772 4182 1420.

286 4342 403 4408 2394
428 4340 553 4425 (etth).
579 4345 666 4408 1321
690 4346 789 4409 Mdrz
812 4346 844 4407 3.
871 4342 1037 4429 Aeiprroa.

289 4470 456 4533 Iohannes
473 4469 583 4533 XXII
601 4471 709 4535 tribus
727 4470 962 4535 emecatorlbae
977 4462 1134 4535 mandat,
1154 4462 1321 4545 quatinus
1338 4452 1533 4522 Gerardum

181 4576 221 4641 de
253 4576 449 4662 Viroebarp,
474 4578 661 4641 Heartcam
685 4578 757 4641 eius
785 4578 934 4662 fratrem
958 4580 989 4637 et
1014 4569 1245 4636 Eberardnm
1270 4565 1312 4630 de
1341 4560 1536 4645 Tbornbarp

181 4690 349 4765 moueant,
373 4691 410 4749 at
435 4684 548 4749 Biado
572 4685 613 4748 de
629 4684 726 4749 Senis
742 4685 917 4768 preponito
943 4678 1083 4747 ecclesie
1104 4672 1324 4740 Colonieneis
1348 4674 1378 4731 et
1401 4667 1542 4732 notario

177 4792 301 4877 papate·
325 4791 460 4855 taudem
483 4791 615 4855 solvant
633 4794 815 4874 pensiones
838 4791 996 4873 iamper
1016 4783 1148 4868 plures
1175 4798 1288 4841 anaor
1312 4773 1452 4837 debitae.
