3642 5509
828 470 1034 527 1828‘denuar
1052 471 1095 525 21.

392 685 516 751 lose.
540 687 679 753 Jaccor
702 689 755 750 21.
781 682 945 772 Aoipnon.

392 827 552 894 Iohannes
581 828 680 893 XXII
714 827 881 895 Emiohoni
915 836 991 895 nato
1015 829 1204 897 Emiohonio
1238 830 1363 895 comitis
1396 829 1437 895 de
1460 831 1616 897 Nassowe

284 934 410 1000 confert
432 934 512 1003 ecci.
536 935 679 1018 idognnt.
705 936 939 1014 canonicatum,
964 936 1160 1021 prebendam
1184 957 1261 1003 vero
1285 957 1325 1002 nc
1348 936 1541 1022 dignitatem
1566 937 1617 1003 vel

284 1048 489 1128 personatum
512 1061 568 1107 seu
592 1040 734 1107 officinm
757 1043 791 1108 in
814 1041 903 1108 dicte
926 1044 1066 1109 ecclesio
1090 1043 1195 1109 eidem
1219 1051 1372 1110 reservat.

391 1147 552 1218 Nobilitas
574 1148 713 1232 generis,
738 1149 804 1214 vite
822 1199 829 1215 .
848 1196 881 1215 ..
929 1149 1003 1215 Dat.
1027 1149 1122 1215 Avin.
1147 1150 1213 1215 XII
1237 1150 1281 1215 kt.
1307 1148 1461 1216 februarii
1485 1170 1516 1216 a.
1541 1149 1617 1217 duo-

283 1255 420 1323 decimo.

391 1365 428 1430 In
451 1384 478 1429 e.
495 1385 535 1430 m.
560 1365 593 1429 in
617 1362 838 1430 Dictknrchcn
862 1371 895 1429 et
918 1366 951 1429 in
967 1365 1123 1450 Linrpurg
1146 1385 1185 1431 oc
1209 1366 1242 1430 in
1258 1366 1358 1433 Diezc
1380 1363 1513 1432 decanis
1533 1363 1615 1431 eccl.

282 1470 414 1539 Trever.
439 1470 523 1541 dioc.

442 1596 515 1668 Bep.
535 1597 573 1651 88
590 1594 614 1666 f.
634 1595 702 1652 132‘
719 1610 767 1649 nr.
786 1596 886 1664 sem
902 1596 954 1653 Re.
974 1597 1040 1652 9⁶3.

388 1861 509 1929 loos.
536 1865 623 1928 1328
645 1864 785 1930 Jaocar
807 1864 861 1927 21.
892 1860 1057 1949 Aoipooo.

389 2005 549 2071 Iohannes
572 2006 639 2071 XII
673 2003 845 2089 Rodoipho
877 2003 1039 2071 Everwini
1070 2004 1111 2071 de
1144 2005 1287 2089 Elbergh
1321 2006 1438 2072 clerico
1470 2004 1613 2072 Traiect.

282 2112 367 2179 dioc.
401 2119 545 2179 reservat
577 2112 764 2179 beneficium
792 2112 1047 2178 ecclesiasticum
1077 2134 1147 2178 cum
1173 2132 1250 2179 curo
1274 2114 1325 2179 vel
1349 2113 1418 2179 sine
1442 2133 1517 2179 oure
1542 2133 1613 2178 oon·

281 2228 406 2287 suctum
435 2220 553 2286 abolim
582 2218 709 2286 clericis
731 2219 928 2285 secularibus
951 2221 1119 2302 assignari,
1152 2227 1304 2306 spectans
1328 2221 1538 2286 communiter
1560 2219 1612 2286 vel

281 2326 408 2393 divisim
446 2326 489 2393 sd
528 2326 769 2412 dispositionem
803 2327 931 2393 abbatis
965 2327 1120 2411 prepositi
1152 2335 1186 2392 et
1219 2334 1394 2393 conventos
1426 2325 1612 2392 monasterii

280 2432 489 2501 Verdinensis
523 2433 590 2498 ord.
627 2434 661 2500 S.
688 2432 809 2499 Boned.
843 2432 954 2499 Goion.
978 2432 1074 2515 dioc,
1110 2434 1200 2500 cuius
1235 2433 1368 2516 fructus,
1403 2434 1431 2501 si
1467 2439 1610 2499 curatum

280 2540 385 2623 suerit,
410 2538 586 2626 viginti,‘si
610 2561 687 2607 vcro
710 2540 780 2607 sine
804 2561 889 2622 curo,
915 2540 1096 2624 quindecim
1120 2540 1321 2607 marcharum
1345 2542 1472 2625 argenti
1495 2546 1560 2610 st.
1578 2539 1610 2606 d.

280 2648 419 2715 valorem
444 2669 582 2714 annuum
606 2669 670 2714 non
694 2646 864 2717 excedant.

385 2755 550 2822 Attribnte
572 2755 631 2823 tibi
655 2758 800 2822 merite.
829 2806 837 2822 .
867 2804 875 2821 .
923 2756 998 2822 Dat.
1023 2756 1117 2821 Avin.
1141 2756 1208 2821 XII
1232 2755 1276 2821 kt.
1301 2755 1508 2822 februariis.
1533 2754 1610 2821 dno·

279 2861 414 2929 decimo.

385 2972 473 3036 Ine.
501 2992 542 3036 m.
576 2970 771 3036 Xanctensis
803 2977 836 3036 et
869 2971 1114 3038 Darentriensis
1146 2970 1258 3037 Coton.
1288 2977 1322 3036 et
1350 2970 1492 3036 Traiect.
1526 2967 1609 3036 dioc.

279 3077 412 3145 decanis
434 3097 474 3143 eo
496 3077 668 3144 scolastico
693 3075 854 3144 'Pullonsis
877 3076 956 3145 eccl.

438 3202 511 3274 Bep.
531 3204 569 3257 86
585 3202 610 3273 t.
628 3204 684 3257 314
701 3217 750 3257 rer.
768 3202 834 3259 803.

384 3477 507 3546 1394.
533 3478 620 3543 1328
643 3478 782 3544 Jacoar
804 3444 862 3541 23.¹
882 3473 1047 3563 Aoipoon.

384 3622 552 3687 Iohannes
578 3620 687 3685 XXII
718 3620 871 3705 episcopo
903 3621 1139 3686 Wormatieosi
1161 3620 1314 3700 mandat,
1344 3618 1504 3702 quatinus
1528 3616 1608 3683 Ger·

277 3730 389 3795 &ecum
421 3728 573 3794 comitem
595 3728 637 3793 de
660 3728 962 3813 Noesoc‘eiosqoe
985 3747 1138 3809 onorem,
1174 3725 1401 3807 siinverrcrit,
1426 3724 1608 3790 Gerlocom

275 3837 312 3900 io
347 3837 559 3902 decimoterio
599 3836 699 3901 etatis
733 3856 823 3900 coco
861 3835 899 3899 ic
939 3835 1217 3899 subdiaconatum
1259 3853 1327 3898 esec
1361 3839 1557 3917 promotum
1585 3851 1607 3896 o

273 3944 444 4028 fratr-edos
474 3943 547 4007 scio
575 3962 693 4007 revera
717 3942 818 4006 minis
840 3949 994 4025 metroque
1016 3942 1114 4027 pravi
1136 3940 1353 4024 compulsum,
1387 3938 1541 4004 absolvat
1564 3939 1606 4003 ab

276 4049 621 4115 eccommonicotiooe
644 4055 676 4114 et
699 4070 775 4115 com
798 4050 847 4114 cio
870 4049 1049 4134 dispenset,
1074 4054 1112 4113 ct
1134 4049 1172 4112 in
1195 4047 1411 4112 mtrimooio
1435 4053 1606 4111 contracto

274 4177 449 4222 renoscere
473 4156 619 4222 valeant.

381 4298 553 4384 [Iohannes
576 4296 687 4382 XXll]
711 4296 864 4383 episcopo
887 4296 1130 4365 Wormaoiensi.

381 4406 500 4471 Petitio
528 4406 646 4472 nobilis
674 4406 734 4471 viri
758 4405 888 4472 Gerlaci
914 4408 1039 4473 comitis
1062 4405 1104 4472 de
1127 4406 1283 4473 Nossswe
1306 4406 1514 4472 Treverensis
1537 4404 1605 4473 dio·

274 4514 358 4582 cesis
389 4515 456 4579 noti
491 4513 579 4579 ctare
610 4514 762 4579 memorie
794 4512 936 4599 Adciphi
968 4514 1055 4599 regis
1087 4513 1302 4580 Romanorum
1335 4510 1428 4579 nobis
1460 4513 1606 4581 exhibito

274 4621 471 4703 continebat,
502 4618 588 4704 quod
617 4620 686 4704 ipse
710 4620 785 4685 olim
810 4621 962 4686 intortio
987 4619 1111 4686 decimo
1136 4620 1232 4687 stetis
1254 4640 1311 4686 sne
1334 4639 1418 4685 anno
1443 4620 1492 4686 vel
1518 4621 1605 4688 circa

274 4728 467 4793 constitutus
498 4727 541 4793 ed
566 4725 783 4793 inductionem
813 4747 869 4793 sen
902 4728 1163 4813 compulsionem,
1193 4728 1296 4793 minas
1325 4734 1358 4792 et
1384 4737 1501 4792 metum
1526 4728 1604 4813 legi·

275 4836 385 4900 timum
410 4834 542 4900 fratrum
567 4854 693 4900 suornm
720 4833 905 4917 cornelium,
939 4834 992 4917 qni
1024 4834 1056 4899 in
1079 4833 1176 4900 talem
1199 4834 1300 4901 virum
1324 4833 1441 4901 cadere
1465 4842 1605 4920 poterat,
