3642 5509
736 487 806 542 test
824 486 1001 557 September
1022 486 1064 539 13.
1514 486 1547 539 'll

213 674 307 754 parte
337 669 437 753 ipsius
469 668 638 753 presbiteri
671 668 733 733 fuit
765 668 858 733 nobis
890 665 1053 732 humiliter
1088 666 1312 751 supplicatum,
1350 672 1383 730 nt
1415 685 1488 729 cum
1511 686 1549 732 eo

214 781 350 858 agentes
373 773 622 841 misericorditer
650 776 683 839 in
715 774 777 840 bac
804 780 897 859 parte
926 773 986 840 sibi
1016 793 1112 858 super
1136 771 1197 838 hoo
1221 772 1391 857 providere
1415 777 1549 857 paterna

214 880 383 965 diligentia
407 902 599 947 curaremus.
635 880 794 959 Quocirca
815 879 1012 946 fraternitati
1030 888 1084 945 tue
1098 928 1105 944 .
1121 928 1128 945 .
1143 929 1151 944 .
1165 878 1363 959 mandamus,
1388 879 1548 961 quatinus,

215 989 315 1056 siest
337 989 393 1069 ita,
429 1009 500 1054 eum
534 987 648 1054 eodem
680 988 858 1073 presbitero
891 1006 987 1071 super
1016 987 1263 1070 Irregnlaritate,
1300 1006 1394 1069 qnam
1419 990 1549 1070 propter

214 1097 371 1180 premima
394 1097 536 1161 noscitur
560 1096 759 1162 contraxisse
861 1094 994 1161 studeas
1018 1093 1206 1181 dispensare
1235 1143 1241 1157 .
1267 1142 1275 1158 .
1299 1142 1306 1157 .
1353 1092 1429 1158 Dat.
1454 1093 1547 1157 Asin.

215 1201 287 1269 idus
310 1202 501 1288 septembris
524 1225 555 1269 a.
579 1201 781 1269 duodecimo.

379 1344 450 1414 Rep.
470 1345 509 1398 87
524 1343 550 1415 f.
569 1344 628 1399 878
645 1359 693 1398 aar.
707 1342 792 1398 2960.

319 1630 439 1698 1274.
466 1632 553 1696 1327
576 1628 770 1715 September
789 1630 839 1695 13.
862 1626 1028 1714 Aoipnoa.

319 1774 479 1839 Iohannes
504 1772 604 1838 XXII
635 1772 791 1838 Wernero
815 1769 856 1837 de
880 1770 1090 1855 Brokendorp
1115 1769 1238 1836 confert
1266 1769 1344 1835 eccl.
1370 1770 1549 1855 Kcrpenaie

216 1880 329 1947 Colon.
353 1880 437 1946 dioc.
462 1880 696 1961 canonicatum,
720 1876 918 1964 prebendam
943 1897 1018 1944 vero
1042 1875 1147 1943 eidem
1170 1882 1323 1943 reservat.

319 1986 504 2074 Apostolice
529 1986 731 2052 liberalitatis
754 1984 993 2051 dexteram...
1041 1985 1116 2049 Dat.
1142 1982 1237 2049 Avin.
1261 1981 1335 2049 idus
1358 1980 1548 2066 septembris

215 2115 244 2160 a.
269 2092 471 2160 duodecImo.

322 2202 360 2265 ln
383 2219 411 2266 e.
438 2221 478 2264 m.
501 2200 535 2265 S.
556 2198 704 2265 Severini
729 2206 762 2265 et
785 2198 818 2264 S.
842 2199 944 2264 Maris
968 2196 1010 2263 sd
1033 2196 1153 2281 gradus
1178 2195 1287 2263 Colon.
1312 2196 1484 2281 prepositis
1508 2216 1548 2261 au

216 2309 370 2393 magistro
405 2306 541 2375 Nicolao
577 2305 619 2371 de
653 2306 781 2372 FractIs
816 2306 971 2371 canonico
1007 2304 1212 2370 Patracensis
1252 2302 1331 2369 eccl.
1367 2302 1545 2369 litterarum

216 2414 463 2499 apostolicarum
487 2415 669 2481 correctori.

374 2556 447 2627 Bep.
466 2557 505 2610 86
523 2555 548 2625 f.
567 2556 625 2611 304
642 2570 690 2611 nr.
710 2556 774 2610 861.

319 2838 439 2906 12⁷5.
459 2841 545 2906 1327
570 2839 763 2926 September
785 2840 837 2904 13.
864 2835 1030 2924 Aoipooc.

320 2980 479 3048 Iohannes
494 2982 595 3048 XXII
618 2982 759 3047 Henrieo
775 2979 817 3047 de
832 2980 952 3064 Aquila
975 2979 1058 3045 laico
1075 2978 1185 3045 (tolon.
1204 2979 1287 3044 dioc.
1311 2985 1455 3046 reservat
1480 2997 1548 3063 pre·

215 3086 352 3153 bendum
375 3088 427 3153 vel
457 3087 599 3154 oflicium
623 3095 808 3154 consuetam
832 3086 884 3153 vel
908 3092 1094 3152 consuetum
1118 3086 1210 3152 laicis
1234 3085 1391 3169 assignari
1417 3083 1459 3149 ad
1484 3084 1546 3150 dis·

215 3196 403 3280 positionem
434 3197 589 3281 prepositi
624 3195 739 3261 decani
773 3202 805 3261 et
837 3193 971 3280 capituli
1005 3194 1082 3259 eccl.
1113 3194 1290 3259 Bonnensis
1327 3191 1428 3258 Colon
1461 3189 1544 3256 dioc.

214 3303 377 3386 pertinens
400 3303 609 3369 communiter
632 3302 683 3368 vel
706 3300 845 3368 divisim.

320 3408 541 3493 Sullragantia
564 3409 622 3474 tibi
646 3409 836 3475 merita
884 3409 959 3474 Dat.
986 3408 1080 3474 Avin.
1105 3405 1178 3474 idus
1200 3405 1393 3491 septembris
1417 3424 1447 3470 a.
1471 3401 1547 3469 duo·

214 3514 350 3582 decimo.

321 3622 357 3687 ln
382 3642 410 3687 e.
438 3643 480 3686 m.
517 3621 627 3687 abbati
657 3619 841 3685 monasterii
864 3618 1041 3684 'I'uitiensIs
1065 3618 1175 3684 Colon.
1205 3615 1288 3684 dioc.
1318 3622 1351 3681 et
1383 3619 1546 3703 preposito

213 3728 245 3794 S.
271 3728 373 3795 llario
396 3729 440 3795 ad
463 3726 585 3813 gradm
609 3726 720 3794 Colon.
753 3746 793 3792 ac
820 3725 990 3793 Ambrosio
1020 3723 1061 3790 de
1084 3722 1270 3789 Mediolano
1304 3724 1457 3793 canonico
1481 3725 1546 3791 Me·

213 3834 408 3901 diolanensis
431 3834 649 3901 ecclesiarum.

373 3959 447 4030 Rep.
465 3960 503 4013 85
521 3958 545 4028 f.
565 3958 632 4013 304¹
650 3972 698 4011 nr.
719 3958 786 4011 868.

318 4258 438 4326 1276.
470 4260 556 4325 1327
581 4258 775 4345 September
799 4261 851 4323 13.
883 4256 1048 4344 Acipooa.

320 4411 481 4480 lohannes
497 4411 598 4477 XXII
620 4408 767 4477 Amaldo
790 4408 831 4475 de
854 4408 1041 4493 Erginstein
1065 4408 1192 4475 confert
1215 4408 1293 4474 eccl.
1318 4406 1352 4474 S.
1369 4408 1456 4473 Petri
1481 4408 1547 4473 Ma·

213 4520 345 4601 guntIne
377 4518 611 4600 canonicatum,
645 4515 842 4603 prebendam
866 4536 943 4583 vero
976 4515 1080 4582 eidem
1113 4522 1266 4598 reservat,
1301 4535 1365 4581 non
1398 4515 1546 4585 obstante

213 4625 297 4710 quod
323 4624 557 4712 parrochialem
580 4625 751 4692 ecclesiam
774 4625 807 4688 in
832 4622 942 4709 Urpbe
966 4623 1098 4689 Trever.
1123 4622 1206 4689 dice.
1231 4623 1363 4692 obtinet.

318 4731 499 4799 Laudabile
523 4732 739 4798 testimonium
763 4729 849 4814 quod
877 4778 937 4796 ...
984 4731 1060 4796 Dat.
1085 4730 1179 4796 Avin.
1206 4728 1279 4797 idus
1301 4729 1491 4817 septembris
1514 4750 1545 4795 a.

214 4838 414 4906 duodecimo.
