3642 5509
270 433 325 491 280
820 434 890 490 1329
909 433 1039 491 October
1057 434 1100 490 26.

378 617 524 702 Benigno
548 623 621 683 sunt
645 617 737 683 vobis
755 667 762 682 .
781 665 814 683 ..
862 616 937 681 Dat.
955 617 1053 682 Avin.
1070 615 1133 681 VII
1149 615 1194 681 kl.
1219 615 1400 683 novembris
1424 637 1453 682 a.
1479 621 1606 700 quarto·

273 724 408 791 decimo.

431 833 504 902 Rep.
524 831 562 885 96
579 846 627 885 ur.
648 831 731 887 3007.

379 1120 499 1187 17⁰4.
525 1122 611 1186 1329
634 1121 840 1186 October26.
854 1117 1019 1206 Aoipnoo.

380 1267 549 1331 Iohannes
577 1266 687 1329 XXII
711 1267 819 1331 tribus
842 1267 1076 1332 caecutoru'bus
1098 1268 1248 1350 maudut,
1278 1269 1438 1352 quatinus
1461 1269 1607 1334 Iohanni

275 1376 316 1441 de
340 1375 513 1461 Hysteoelt
544 1376 669 1440 deceno
703 1374 837 1440 ecclesie
861 1374 1062 1440 Xoncteusia
1091 1377 1326 1441 canonicatum
1349 1382 1380 1441 et
1397 1377 1607 1460 prebendam

275 1484 409 1548 ecclesie
432 1483 624 1568 Zeflc'ceasla
652 1484 840 1569 conferant,
873 1502 941 1547 noo
969 1483 1120 1548 obstante
1144 1484 1276 1570 defectu
1300 1483 1479 1566 nataliam,
1512 1505 1609 1568 quem

274 1593 305 1656 is
321 1591 468 1676 potitur.

381 1714 555 1800 [Iohannes
578 1715 689 1799 XXII]
714 1714 839 1781 decano
862 1714 1079 1780 Embrioensis
1102 1721 1134 1780 et
1158 1714 1356 1781 thesaurario
1370 1713 1609 1801 Wyschelensis

276 1823 417 1889 Traieot.
442 1829 475 1888 et
498 1823 607 1889 Colon.
633 1821 717 1888 dioo.
742 1843 781 1888 ac
805 1822 977 1889 scolastico
1002 1822 1162 1888 Tullensis
1186 1823 1264 1888 ecel.

382 1931 505 1998 Meritis
528 1929 700 2016 probitatis
724 1929 834 1995 dilecti
858 1929 915 1994 filii
931 1929 1083 1996 Iohannis
1099 1928 1141 1995 de
1157 1929 1310 2016 Hystvelt
1332 1929 1448 1996 deceni
1472 1931 1609 1997 ecclesie

276 2038 469 2104 Xanctensis
485 2037 595 2104 Goion.
613 2037 697 2103 dioc.
716 2088 723 2103 .
743 2086 775 2100 ..
801 2037 887 2103 Sane
910 2037 1018 2104 oblato
1041 2037 1134 2104 nobis
1157 2059 1215 2124 pro
1239 2045 1332 2125 parte
1356 2037 1435 2104 dieti
1456 2039 1608 2106 Iohannis

275 2146 439 2230 petitionis
468 2146 567 2211 series
595 2145 791 2228 continebat,
824 2145 910 2228 quod
939 2144 1014 2210 olim
1043 2145 1104 2211 sibi
1135 2145 1175 2211 de
1199 2147 1391 2212 canonicatu
1415 2165 1487 2211 cum
1510 2165 1610 2212 reser-

275 2253 405 2318 vatione
436 2251 600 2337 prebende
623 2254 656 2317 in
680 2252 819 2318 ecclesia
842 2252 875 2318 S.
900 2252 1030 2318 Andreo
1054 2252 1165 2319 Colon.
1190 2253 1290 2338 primo
1314 2252 1377 2338 'per
1406 2259 1532 2320 nostras
1559 2253 1609 2318 lit·

276 2364 363 2425 teras
386 2359 447 2424 init
470 2359 632 2444 provisum
649 2379 688 2424 ao
704 2358 831 2442 deinde,
856 2362 1042 2445 priusquam
1066 2362 1135 2444 ipse
1156 2358 1197 2425 dc
1220 2359 1402 2426 huiusmodi
1425 2361 1609 2445 provisione

276 2465 471 2532 certificatus
494 2466 656 2548 existeret,
686 2486 744 2532 nos
767 2468 828 2533 sibi
852 2486 911 2552 per
935 2468 1129 2552 posteriores
1153 2466 1277 2532 litteras
1300 2473 1426 2533 nostras
1449 2474 1522 2551 post
1545 2487 1608 2532 non

276 2572 395 2639 modici
428 2575 581 2658 temporis
613 2573 815 2639 intervallum
849 2573 890 2639 de
925 2575 1115 2640 canonicatu
1148 2574 1286 2641 ecclesie
1310 2572 1496 2640 Zoflicensis
1523 2573 1609 2640 dicte

276 2679 415 2747 diocesis
447 2700 519 2745 curn
551 2681 771 2747 reservatione
803 2680 967 2767 prebende
1000 2680 1147 2748 duximus
1180 2680 1424 2766 providendum,
1458 2681 1545 2746 nulla
1577 2681 1609 2745 in

277 2786 373 2854 dictis
396 2787 626 2872 posterioribus
649 2787 764 2854 litteris
788 2788 830 2853 dc
853 2788 952 2874 priori
975 2789 1159 2873 provisione
1181 2807 1238 2853 seu
1262 2788 1368 2872 gratia
1392 2787 1504 2853 habita
1527 2808 1610 2854 men·

275 2895 372 2960 tione.
419 2893 560 2972 Quarum
592 2897 803 2980 posteriorum
836 2896 1013 2961 litterarum
1048 2896 1242 2964 auctoritate
1274 2894 1360 2960 idern
1385 2895 1544 2961 Iohannes
1576 2895 1609 2960 in

276 3001 365 3067 dieta
389 3001 527 3068 eeclesia
542 3001 712 3068 Zeflicensi
735 3003 768 3067 in
793 3004 982 3068 canonicum
1006 3002 1069 3067 fuit
1093 3008 1241 3087 receptus
1262 3023 1302 3068 ac
1326 3001 1531 3088 prebendam,
1549 3022 1610 3085 quo

276 3129 335 3194 per
358 3109 478 3175 obitum
503 3109 663 3191 quondam
687 3110 818 3175 Honrioi
843 3109 884 3175 do
909 3110 1051 3176 Histvelt
1163 3108 1283 3174 ibidem
1308 3109 1447 3193 vacavit,
1476 3108 1611 3194 pacifice

277 3217 386 3281 extitit
409 3223 575 3282 assecutus
598 3235 733 3298 eamque
757 3224 874 3282 extunc
898 3217 1002 3283 tenuit
1025 3225 1058 3282 et
1082 3215 1282 3282 detinet...
1307 3215 1413 3294 Quare
1437 3237 1495 3301 pro
1519 3223 1611 3301 parte

277 3323 356 3388 dieti
379 3323 531 3390 Iohannis
555 3324 646 3390 nobis
669 3324 832 3390 humiliter
856 3325 965 3390 extitit
988 3324 1215 3410 supplicatum,
1240 3331 1285 3408 ut,
1317 3344 1388 3388 oum
1412 3325 1482 3409 ipsc
1506 3322 1611 3388 dictas

275 3430 399 3516 priores
430 3431 554 3496 litteras
586 3449 682 3515 super
716 3429 804 3496 dicta
836 3433 1020 3516 provisione
1053 3431 1087 3496 in
1115 3430 1228 3496 eadem
1259 3430 1398 3497 ccclesia
1422 3430 1455 3496 S.
1481 3429 1611 3495 Andree

277 3536 339 3602 sibi
371 3536 462 3602 facta
493 3537 557 3601 iarn
590 3535 711 3602 dudum
744 3540 866 3623 recepit
889 3544 923 3603 et
952 3557 1061 3604 earum
1090 3539 1203 3622 vigore
1232 3537 1455 3603 canonicatum
1485 3545 1517 3602 et
1540 3555 1611 3622 pre-

277 3642 415 3709 bendam
439 3644 472 3707 in
496 3663 535 3708 ea
558 3643 693 3728 pacifice
715 3646 758 3710 sit
781 3644 928 3729 adeptus,
962 3666 1003 3712 ne
1036 3652 1166 3731 propter
1197 3645 1400 3710 omissionem
1433 3643 1610 3730 predictam

278 3749 460 3815 huiusmodi
483 3752 642 3835 posterior
663 3753 771 3834 gratia
793 3751 826 3816 in
852 3751 940 3818 dieta
964 3752 1103 3819 ecclesia
1127 3751 1295 3818 Zeflioensi
1314 3799 1321 3814 .
1340 3802 1346 3815 .
1367 3753 1519 3818 .omnino
1542 3750 1611 3816 red-

278 3856 373 3922 datur
397 3856 527 3940 inutilis,
552 3857 723 3942 providero
747 3859 808 3924 sibi
832 3878 928 3944 super
952 3859 1037 3926 hoc.
1058 3908 1065 3924 .
1085 3878 1276 3925 curaremus.
1324 3859 1392 3926 Nos
1414 3859 1514 3943 igitur
1536 3907 1544 3922 .
1570 3906 1577 3922 .
1604 3907 1611 3922 .

279 3963 464 4030 discretioni
489 3972 596 4031 vestre
618 4015 625 4031 .
645 4011 677 4030 ..
700 3965 901 4049 mandamus,
927 3967 1154 4049 quatinus...
1178 3965 1283 4032 eidem
1307 3965 1441 4032 Iohanni
1465 3965 1517 4031 vel
1540 3985 1611 4050 pro-

278 4073 416 4138 curatori
441 4092 498 4138 suo
516 4122 524 4136 .
542 4122 548 4137 .
568 4121 575 4136 .
593 4072 710 4156 [dictas
733 4074 958 4139 canonicatum
980 4080 1012 4139 ot
1034 4072 1231 4159 prebendam
1255 4073 1391 4139 ecclesie
1408 4071 1611 4155 Zeflicenses]

279 4179 424 4245 conferre
448 4187 481 4245 et
504 4180 668 4264 assignare
693 4182 812 4247 curetis
838 4229 898 4245 ...
925 4203 987 4246 nou
1012 4181 1214 4247 obstantibus
1241 4231 1247 4245 .
1272 4230 1278 4245 .
1304 4231 1311 4246 .
1340 4180 1424 4263 quod
1448 4181 1528 4265 ipse,
1558 4179 1611 4262 qui

279 4285 441 4353 defectum
472 4287 625 4352 natalium
655 4288 777 4374 patitur
801 4288 970 4355 desoluto
1000 4289 1127 4373 genitus
1151 4295 1184 4354 et
1208 4288 1323 4371 soluta,
1358 4287 1549 4354 decanatum
1580 4293 1612 4352 et

279 4393 441 4478 quoddam
465 4395 718 4480 supplementum
743 4397 775 4460 in
799 4395 947 4481 prodicta
963 4397 1141 4462 Xanotensi
1164 4403 1196 4460 et
1217 4395 1249 4460 in
1274 4395 1388 4462 eadem
1413 4402 1446 4460 et
1469 4394 1500 4460 in
1523 4394 1612 4460 dicta

279 4501 312 4568 S.
338 4501 468 4568 Androe
491 4502 601 4568 Ooion.
630 4503 776 4570 ccelesiis
805 4505 1013 4569 canonicatus
1037 4510 1070 4568 et
1093 4501 1274 4587 prebendas
1302 4523 1342 4568 en
1372 4501 1612 4587 dispensatione

279 4609 457 4693 apostolica
479 4610 622 4676 noscitur
644 4610 813 4676 obtinere.
832 4660 840 4675 .
859 4659 866 4674 .
897 4611 971 4675 Dat.
989 4610 1083 4675 Avin.
1102 4610 1165 4675 VII
1182 4609 1226 4674 kl.
1243 4609 1469 4678 novembrias.
1488 4615 1614 4692 quarto-

280 4715 416 4783 decimo.

440 4842 512 4913 Rep.
532 4842 570 4896 94
588 4857 636 4896 aar.
655 4841 720 4896 955.
