3642 5509
780 439 851 495 1³28
868 439 951 495 Mbra
971 438 1013 494 12.

331 664 453 731 1448.
478 666 565 730 1328
587 666 686 730 Mdrz
708 666 760 728 12.
784 661 950 749 Auipaon.

330 826 491 893 Iohannes
506 826 606 891 XXII
630 825 739 891 abbati
763 824 946 890 monasterii
969 821 1182 908 Sybcrgensis
1201 821 1312 887 Colon.
1338 820 1420 885 dioc.
1446 826 1478 885 et
1502 818 1554 884 de·

222 951 305 998 carro
321 932 356 997 S.
372 932 505 1017 Georgii
529 932 640 998 Goion.
665 952 704 998 ac
728 932 882 1017 magistro
897 930 1017 995 Busolo
1041 928 1082 995 de
1099 931 1215 995 Parma
1236 927 1404 1012 capellano
1428 935 1554 1012 aposto-

222 1039 284 1106 lice
308 1039 396 1107 sedis
419 1039 574 1107 canonico
598 1040 812 1106 Tornaeensis
841 1039 920 1105 eccl.
950 1037 1093 1120 mandat,
1125 1036 1274 1120 quatinus
1303 1034 1438 1101 Iohanni
1467 1032 1553 1099 dicto

222 1146 264 1212 de
288 1147 402 1213 Banna
424 1148 601 1233 presbitero
624 1147 734 1212 Goion.
763 1145 858 1228 dioc,
891 1166 985 1229 quem
1018 1166 1105 1230 papa
1138 1143 1321 1210 babilitnrit
1354 1160 1550 1226 quocumque

221 1253 431 1338 dispensavit,
464 1258 499 1319 ut
529 1252 685 1321 beneficia
714 1252 758 1318 ad
787 1251 821 1317 id
850 1258 977 1338 tempus
1004 1252 1120 1318 iniuste
1149 1270 1297 1336 possessa
1320 1269 1380 1314 neo
1404 1270 1466 1314 non
1490 1249 1556 1314 alia

222 1361 310 1427 licite
333 1362 478 1426 obtinere
501 1361 620 1443 valeat,
645 1360 761 1444 cuique
784 1359 907 1426 fructus
931 1378 970 1425 ex
995 1357 1159 1425 beneficiis
1183 1356 1290 1423 adhuc
1313 1362 1483 1442 perceptos
1507 1376 1554 1422 re·

220 1468 318 1550 misit,
349 1468 400 1533 vel
431 1467 573 1534 ciusdem
603 1466 809 1553 procuratori.
830 1466 1022 1533 decanatum
1047 1465 1126 1532 eccl.
1152 1465 1329 1531 Bunnensis
1352 1484 1410 1550 per
1433 1465 1553 1529 obitum

221 1574 311 1640 Petri
335 1573 457 1640 Iudicis
485 1576 651 1661 scriptoris
673 1574 800 1660 papalis
823 1580 992 1640 vacantem
1017 1573 1164 1639 conferre
1188 1579 1220 1637 et
1242 1572 1409 1656 assignare
1432 1581 1553 1636 curent.

221 1684 402 1762 (Narratio
425 1683 547 1748 baram
570 1684 763 1749 litterarum
786 1689 834 1747 eat
858 1683 977 1748 cadem
1000 1702 1040 1747 ae
1062 1682 1123 1746 aab
1146 1700 1199 1745 ar.
1227 1678 1338 1763 1442.)

329 1788 504 1854 Probitatis
527 1789 642 1855 merita
665 1789 781 1873 quibus
798 1836 806 1853 .
824 1836 857 1854 ..
905 1788 982 1855 Dat.
1000 1787 1094 1855 Arin.
1113 1787 1180 1855 1111
1204 1785 1275 1853 idus
1292 1786 1403 1851 marcii
1427 1806 1456 1851 a.
1475 1782 1552 1851 duo·

220 1894 357 1962 docimo.

369 2021 442 2093 ch.
462 2022 501 2077 88
517 2019 542 2092 f.
560 2022 606 2078 δι’
624 2036 673 2078 ar.
691 2022 776 2078 ster.

328 2286 449 2353 1444.
476 2290 562 2353 1328
585 2288 684 2354 Mdrz
709 2290 760 2352 12.
785 2286 952 2375 Aoipaoa.

328 2430 487 2497 lohannes
514 2431 613 2496 XXII
645 2431 781 2497 Iohanni
805 2430 892 2497 dicto
916 2429 957 2499 de
982 2432 1097 2497 Bunna
1119 2432 1297 2517 presbitero
1322 2430 1431 2497 Colon.
1455 2426 1550 2513 dioc„

220 2539 272 2604 cui
296 2537 393 2604 hodie
415 2537 455 2603 de
479 2538 640 2604 decanatu
664 2539 826 2605 Bonnensi
850 2545 883 2604 et
906 2538 1047 2605 eiusdem
1074 2537 1251 2605 Bonnensis
1274 2546 1307 2602 et
1334 2536 1392 2603 SS.
1416 2537 1552 2623 Aposto-

219 2644 320 2709 lorum
345 2643 455 2710 Oolon.
480 2651 512 2710 et
536 2644 569 2710 in
592 2645 787 2729 Deitkirgen
816 2666 855 2711 ac
879 2646 1047 2729 Reysensi,
1076 2646 1254 2713 Xanctensi
1284 2652 1316 2709 et
1346 2642 1552 2729 Hugardensi

219 2752 463 2817 canonicatibus
486 2760 518 2818 et
541 2752 713 2838 prebendis
737 2773 776 2818 ac
800 2752 856 2819 SS.
884 2753 1120 2838 Apostolorum,
1154 2754 1186 2818 in
1210 2751 1405 2837 Deitkirgen
1427 2751 1551 2836 predic·

218 2866 323 2924 tarum
346 2857 554 2925 thesaurariis
578 2880 649 2925 cum
673 2862 808 2925 annexis
830 2869 863 2925 et
886 2860 928 2925 do
951 2860 1073 2926 ferculo
1098 2859 1240 2925 ciusdem
1264 2860 1457 2925 Xanctensis
1480 2879 1551 2924 uec·

218 2986 282 3031 non
306 2964 347 3031 de
370 2965 476 3032 obicio
500 2967 667 3033 cellarario
690 2966 777 3033 dicte
800 2968 979 3033 Bonnensis
1002 2966 1209 3037 ecclesiarum
1233 2988 1274 3033 ac
1289 2966 1330 3033 de
1346 2986 1410 3033 una
1426 2965 1552 3033 decima

218 3074 253 3138 in
277 3073 480 3158 Dottendorp
515 3080 548 3139 et
582 3073 707 3140 duabus
742 3074 884 3141 curtibus
919 3075 952 3139 in
975 3074 1181 3159 Limersdorp
1206 3082 1238 3139 et
1262 3074 1454 3155 Dattinvelt,
1489 3092 1551 3156 quc

218 3181 427 3261 prestimonia
459 3187 692 3266 nuncupantur,
726 3180 835 3248 Colou.
860 3190 893 3248 et
917 3180 1011 3248 Liod.
1043 3181 1127 3247 dioc.
1164 3181 1306 3266 providit
1338 3201 1378 3246 ac
1410 3180 1552 3267 preposi-

218 3294 323 3352 turam
347 3286 433 3354 dicte
457 3287 593 3353 ecclesie
616 3288 791 3373 Reysensis
814 3288 1062 3372 commendavit,
1087 3287 1243 3372 indulget,
1268 3294 1303 3354 ut
1327 3286 1497 3355 residendo
1518 3290 1551 3354 in

217 3394 327 3478 aliquo
361 3394 519 3461 dictorum
555 3394 780 3461 beneficiorum
816 3395 940 3462 tructus
973 3394 1146 3462 eorundem
1170 3396 1369 3478 stallorum,
1405 3415 1467 3478 quc
1495 3396 1551 3461 im·

218 3508 381 3587 posterum
405 3502 573 3584 obtinebit,
597 3502 722 3568 etiamsi
747 3501 933 3587 dignitates,
958 3510 1147 3588 personatus
1171 3503 1222 3568 vel
1246 3502 1354 3568 officia
1378 3501 1497 3567 luerint
1518 3508 1551 3568 et

217 3628 327 3674 curam
351 3608 493 3674 habeant
515 3628 700 3693 ammarum,
725 3611 860 3695 integre,
884 3609 1057 3677 cotidianis
1080 3609 1358 3677 distributionibus
1382 3608 1551 3676 dumtaxat

217 3717 375 3801 exceptis,
398 3735 499 3798 usque
522 3714 564 3782 ad
589 3715 759 3781 triennium
783 3719 950 3803 percipere
973 3717 1092 3785 valeat.

324 3822 468 3907 Exigunt
491 3830 545 3889 tue
568 3824 737 3909 probitatis
761 3873 769 3890 .
795 3876 802 3891 .
829 3874 836 3891 .
883 3826 959 3890 Dat.
985 3824 1079 3890 Avin.
1105 3824 1267 3891 luridus
1290 3825 1401 3891 marcii
1426 3846 1455 3891 a.
1473 3825 1550 3890 duo·

216 3930 353 3997 decimo.

324 4038 362 4103 In
385 4056 413 4103 e.
440 4060 481 4103 m.
505 4037 539 4104 S.
566 4036 712 4105 Severini
736 4046 768 4105 et
792 4039 825 4106 S.
852 4040 983 4124 Georgii
1008 4040 1117 4107 (tolon.
1143 4040 1275 4107 decanis
1302 4060 1342 4106 ac
1366 4039 1484 4105 Busolo
1509 4038 1550 4105 de

216 4146 335 4211 Parma
359 4146 514 4211 canonico
538 4144 753 4213 Tomacensis
776 4148 994 4213 ecclesiarum.

366 4270 439 4341 Ray.
458 4271 497 4325 88
512 4270 537 4340 f.
557 4271 594 4326 72
610 4285 659 4325 ar.
678 4272 762 4325 3196.

323 4555 445 4623 1445.
480 4559 567 4622 1328
590 4558 689 4624 murz
717 4561 769 4623 12.
794 4556 959 4645 sarpam

321 4698 483 4765 Iohannes
505 4698 604 4766 XXII
644 4700 784 4767 Henrico
819 4701 860 4767 de
892 4701 1015 4769 luliaco
1051 4703 1176 4770 confert
1210 4700 1289 4769 ecel.
1314 4702 1549 4769 Fritalaricnsis

215 4806 361 4891 llagunt.
386 4806 473 4873 dioc.
503 4808 728 4875 canonicatum
752 4815 785 4876 et
808 4808 1004 4895 prebendam
1036 4817 1189 4878 vacantes
1217 4832 1274 4898 per
1301 4811 1547 4897 resignationem
