3642 5509
773 457 842 514 1328
862 456 945 513 littra
964 454 1007 513 22.

323 661 546 729 14551328
576 665 675 729 Mdrz
696 666 750 729 22.
780 663 946 751 Aoiprroa.

269 809 271 813 ’
326 805 497 890 [lohannes
527 806 638 891 XXII]
675 806 803 873 Siberto
838 805 936 892 priori
969 806 1158 891 provinciali
1193 806 1325 871 fratrum
1360 808 1479 873 ordinis
1512 808 1548 873 B.

217 912 319 978 Marie
342 912 384 977 de
408 920 515 979 monte
540 914 688 980 Carmelo
711 916 744 979 in
767 914 937 979 alamania
960 934 1051 979 sacre
1074 913 1237 997 theologie
1260 913 1425 997 magistro.

323 1018 454 1085 Dudum
478 1026 590 1086 contra
605 1020 807 1087 Ludovicum
832 1019 873 1086 de
889 1021 1029 1086 Bavaria
1047 1068 1054 1085 .
1069 1067 1076 1085 .
1091 1069 1099 1085 .
1116 1028 1148 1085 et
1164 1018 1356 1087 adherentes
1374 1070 1381 1086 .
1396 1069 1403 1086 .
1418 1071 1426 1085 .
1444 1030 1549 1089 certos

216 1110 387 1210 processus
411 1125 604 1193 habuimus.
623 1177 630 1193 .
648 1174 655 1189 .
680 1128 767 1193 Sane
783 1127 920 1194 dilectus
936 1127 1018 1193 lilius
1033 1127 1150 1193 nobilis
1167 1126 1420 1213 virRaynaldus
1443 1149 1550 1197 comcs

218 1231 381 1300 Gelrcnsis
405 1239 438 1298 et
460 1234 716 1320 Simphaniensis
749 1235 842 1302 nobis
874 1235 1057 1318 significare
1091 1235 1224 1318 curavit,
1261 1234 1345 1317 quod
1380 1236 1455 1301 olim
1484 1243 1550 1302 tam

217 1340 286 1423 ipsc
320 1360 416 1424 quam
451 1341 593 1406 nonnulli
629 1342 802 1408 consiliarii
826 1350 859 1408 ct
887 1342 1063 1407 familiares
1099 1342 1147 1407 sui
1183 1340 1350 1407 domestici
1386 1343 1551 1427 utriusque

217 1467 313 1512 sexus
330 1496 337 1511 .
356 1499 387 1513 ..
409 1449 579 1514 astiterunt
602 1448 770 1515 Ludovioo
794 1449 922 1534 prelato
941 1497 947 1511 .
969 1497 1001 1513 ..
1044 1447 1150 1526 Quare
1174 1448 1338 1533 predictus
1362 1468 1468 1517 comes
1492 1472 1550 1537 pro

217 1574 253 1620 se
276 1576 316 1620 ac
339 1554 495 1640 predictis
523 1605 530 1617 .
561 1606 568 1619 .
599 1604 607 1620 .
634 1558 726 1622 nobis
750 1556 946 1641 supplicavit
970 1555 1155 1620 humiliter.
1177 1603 1216 1619 ..
1250 1556 1328 1621 Cum
1354 1557 1463 1640 itaque
1486 1580 1551 1624 una

218 1682 289 1727 cum
314 1661 410 1729 dictis
428 1710 436 1727 .
453 1711 461 1726 .
479 1711 486 1726 .
505 1662 547 1727 ad
571 1662 786 1728 obedientiam
811 1684 850 1729 ac
873 1662 1080 1729 devotionem
1105 1670 1136 1727 ct
1160 1661 1255 1727 tidem
1279 1669 1391 1728 sancte
1406 1664 1551 1731 Romane

218 1770 354 1835 ecclesie
387 1790 444 1855 per
476 1769 624 1835 solennes
656 1769 918 1855 almbaxiatores]
948 1777 981 1836 et
1005 1769 1199 1836 sufficientes
1228 1775 1450 1855 procuratores
1477 1792 1551 1838 suos

218 1878 281 1941 iam
399 1876 531 1942 redierit
648 1898 707 1943 nos
825 1877 1011 1943 discretioni
1042 1884 1095 1943 tue
1122 1875 1334 1962 absol[vendi]
1359 1881 1551 1946 auctoritate

218 1990 329 2049 nostra
356 2031 441 2049 ....
469 1982 651 2067 [co]mitem‚
687 1985 886 2051 consiliarios
910 1992 943 2050 et
966 1984 1160 2050 domesticos
1184 1982 1382 2069 salmiliares]
1408 1986 1551 2052 eiusdem

306 2089 511 2157 concedimus
540 2140 611 2157 ...
640 2092 837 2157 facultatem.
900 2093 975 2158 Dat.
1004 2093 1099 2157 Avin.
1129 2091 1178 2156 XI
1204 2091 1249 2156 kl.
1278 2091 1390 2177 aprilis
1416 2113 1445 2158 a
1475 2093 1551 2159 duo-

219 2195 354 2263 decimo.

380 2321 454 2392 Bep.
474 2324 528 2375 114
541 2337 590 2391 pa.
611 2322 647 2376 ΙΙ
660 2322 685 2392 f.
704 2324 759 2377 167
776 2339 825 2377 nr.
845 2324 922 2378 1652
936 2323 1048 2393 (temtus
1066 2321 1221 2386 rrrotiluo),¹
1251 2322 1303 2378 Ra.
1323 2322 1390 2378 993.

325 2629 446 2697 1458.
479 2631 566 2697 1328
589 2634 687 2698 Mdrz
710 2632 764 2698 28.
789 2630 954 2719 Anipnorr.

328 2771 488 2840 Iohannes
513 2772 613 2838 XXII
646 2772 680 2839 S.
703 2773 850 2840 Severini
873 2780 905 2839 et
929 2774 963 2842 S.
981 2772 1111 2856 Georgii
1135 2772 1246 2840 Goion.
1270 2773 1403 2841 decanis
1426 2795 1465 2841 ac
1490 2775 1551 2842 Bu-

219 2878 289 2945 solo
313 2878 354 2944 de
377 2880 495 2945 Parma
527 2881 682 2946 canonico
706 2881 921 2946 Tornacensis
953 2879 1031 2945 eccl.
1065 2881 1233 2965 capellano
1265 2882 1375 2967 papali
1407 2882 1552 2949 mandat-

220 2986 371 3067 quatinus
394 2985 529 3052 Iohanni
553 2985 641 3053 dioto
665 2986 706 3053 de
723 2988 835 3052 Bunna
859 2987 996 3071 [decano
1020 2987 1098 3053 eccl.
1126 2988 1312 3073 Bonnensis]
1337 2988 1553 3055 thesaurariae

220 3094 253 3156 in
276 3092 355 3158 eccl.
385 3092 444 3159 SS.
471 3094 697 3179 Apostolorum
722 3093 831 3160 Oolon.
862 3100 894 3159 et
924 3095 957 3159 in
981 3094 1175 3179 Dcithirgen
1198 3094 1330 3161 Trever.
1364 3095 1447 3161 dioc.
1482 3116 1553 3162 cum

220 3200 365 3281 annexis,
390 3200 544 3266 ferculum
570 3201 649 3266 eccl.
674 3201 879 3284 Xanotensis,
908 3200 1050 3266 officium
1075 3201 1238 3267 cellerarie
1262 3202 1341 3268 eccl.
1365 3201 1553 3286 Bonnensis,

221 3306 380 3372 decimam
403 3308 435 3371 in
460 3306 654 3393 Dottiudorp
678 3313 710 3372 et
733 3306 814 3373 duas
838 3314 945 3374 onnes
967 3309 999 3372 iu
1023 3307 1230 3393 Limersdorp
1254 3314 1287 3375 ot
1309 3309 1343 3373 in
1363 3309 1553 3394 Dattinvelt,

221 3414 249 3479 si
272 3412 472 3480 thesaurario
496 3412 583 3480 dicte
605 3434 667 3480 nec
691 3413 867 3498 dignitates
890 3434 951 3480 nec
974 3422 1163 3499 personatus
1186 3414 1243 3481 sed
1267 3414 1425 3501 simplicia
1448 3415 1554 3483 officia

220 3522 290 3587 sine
323 3540 401 3587 cura
433 3521 574 3586 existant
597 3527 630 3586 et
653 3542 689 3588 se
713 3521 950 3607 compatiantur
981 3540 1053 3587 cum
1083 3520 1242 3587 decanatu
1271 3522 1350 3588 eccl.
1375 3522 1553 3590 Bonnensis

221 3636 254 3694 et
276 3630 478 3714 prepositura
501 3629 581 3694 eccl.
605 3627 790 3714 Reysensis,
814 3628 960 3695 conferre
985 3634 1017 3694 et
1040 3627 1207 3713 assignare
1231 3635 1352 3695 curent.

329 3734 505 3802 Probitatis
531 3734 646 3800 merita
668 3735 783 3818 quibus
811 3785 818 3801 .
848 3784 856 3801 .
886 3786 893 3800 .
941 3736 1017 3801 Dat.
1042 3735 1135 3801 Asin.
1160 3735 1191 3801 X
1216 3735 1260 3803 kl.
1286 3736 1397 3822 aprilis
1421 3758 1450 3802 a.
1475 3736 1554 3804 dno·

222 3842 358 3909 decimo.

371 3968 445 4038 Bep.
464 3969 503 4022 88
520 3968 545 4038 f.
563 3968 603 4023 62
621 3985 670 4023 ur.
689 3970 773 4023 3138.

330 4245 450 4318 145⁷.
481 4250 569 4316 1328
592 4244 717 4337 [April]
744 4249 772 4315 I.
798 4246 965 4337 Aoipoort.

333 4393 492 4460 lohannes
519 4393 619 4459 XXll
649 4393 784 4459 lohauni
807 4392 877 4477 regi
901 4392 1033 4459 Boemie
1056 4388 1198 4459 destinat
1220 4398 1363 4459 tenorem
1386 4412 1556 4479 processus

223 4519 302 4568 ase
325 4501 481 4568 adversus
504 4499 705 4567 Ludovicum
736 4499 776 4566 de
800 4500 940 4567 Bararia
970 4500 1072 4567 habiti
1107 4500 1271 4585 („Dudum
1294 4501 1440 4568 volentes
1468 4550 1476 4567 .
1502 4552 1509 4569 .
1535 4506 1555 4583 .)

223 4627 361 4692 eumque
395 4607 551 4689 hortatur,
587 4610 739 4691 quatinus
773 4607 910 4674 eundem
947 4606 1146 4673 Ludovicum
1182 4614 1344 4691 tamquam
1380 4608 1557 4675 hereticum

223 4717 350 4781 evitans
374 4721 439 4780 tam
467 4713 571 4780 eidem
600 4734 696 4797 quam
725 4714 867 4781 eiusdem
891 4715 1071 4781 fautoribus
1100 4734 1189 4780 suum
1214 4716 1379 4781 consilium
1404 4716 1558 4785 auxilium

224 4827 257 4888 et
280 4820 422 4888 fauorem
447 4823 575 4887 omuino
602 4821 781 4888 subtrahat.
