<?xml version="1.0" encoding="UTF-8"?>
<!DOCTYPE html PUBLIC "-//W3C//DTD XHTML 1.0 Transitional//EN"
    "http://www.w3.org/TR/xhtml1/DTD/xhtml1-transitional.dtd">
<html xmlns="http://www.w3.org/1999/xhtml" xml:lang="en" lang="en">
 <head>
  <title>
</title>
<meta http-equiv="Content-Type" content="text/html;charset=utf-8" />
  <meta name='ocr-system' content='tesseract 3.04.00' />
  <meta name='ocr-capabilities' content='ocr_page ocr_carea ocr_par ocr_line ocrx_word'/>
</head>
<body>
  <div class='ocr_page' id='page_1' title='image "./urkundenundrege00thimgoog_0320.png"; bbox 0 0 3642 5509; ppageno 0'>
   <div class='ocr_carea' id='block_1_1' title="bbox 742 456 1063 519">
    <p class='ocr_par' dir='ltr' id='par_1_1' title="bbox 742 456 1063 519">
     <span class='ocr_line' id='line_1_1' title="bbox 742 456 1063 519; baseline 0.003 -2"><span class='ocrx_word' id='word_1_1' title='bbox 742 459 812 518; x_wconf 79' lang='lat'><strong>1329</strong></span> <span class='ocrx_word' id='word_1_2' title='bbox 828 459 1001 519; x_wconf 80' lang='lat' dir='ltr'>November</span> <span class='ocrx_word' id='word_1_3' title='bbox 1021 456 1063 518; x_wconf 76' lang='lat'>24.</span> 
     </span>
    </p>
   </div>
   <div class='ocr_carea' id='block_1_2' title="bbox 341 638 1082 732">
    <p class='ocr_par' dir='ltr' id='par_1_2' title="bbox 341 638 1082 732">
     <span class='ocr_line' id='line_1_2' title="bbox 341 638 1082 732; baseline 0.004 -25"><span class='ocrx_word' id='word_1_4' title='bbox 341 638 467 707; x_wconf 75' lang='grc'><em>1808.</em></span> <span class='ocrx_word' id='word_1_5' title='bbox 494 644 580 707; x_wconf 81' lang='grc'><em>1329</em></span> <span class='ocrx_word' id='word_1_6' title='bbox 603 644 789 709; x_wconf 83' lang='lat' dir='ltr'><em>November</em></span> <span class='ocrx_word' id='word_1_7' title='bbox 812 642 1082 732; x_wconf 69' lang='grc'><em>2111119111.)</em></span> 
     </span>
    </p>
   </div>
   <div class='ocr_carea' id='block_1_3' title="bbox 233 784 1568 1488">
    <p class='ocr_par' dir='ltr' id='par_1_3' title="bbox 233 784 1568 1300">
     <span class='ocr_line' id='line_1_3' title="bbox 340 784 1567 876; baseline 0.007 -27"><span class='ocrx_word' id='word_1_8' title='bbox 340 784 611 850; x_wconf 87' lang='lat' dir='ltr'>IohannesXXIl</span> <span class='ocrx_word' id='word_1_9' title='bbox 635 786 816 853; x_wconf 78' lang='lat' dir='ltr'>Coloniensi</span> <span class='ocrx_word' id='word_1_10' title='bbox 840 794 873 853; x_wconf 90' lang='lat' dir='ltr'>et</span> <span class='ocrx_word' id='word_1_11' title='bbox 896 789 1086 873; x_wconf 86' lang='lat' dir='ltr'>Maguntino</span> <span class='ocrx_word' id='word_1_12' title='bbox 1111 789 1364 875; x_wconf 74' lang='lat' dir='ltr'>archiepiscopis</span> <span class='ocrx_word' id='word_1_13' title='bbox 1388 794 1567 876; x_wconf 74' lang='lat' dir='ltr'>(pilaribus-</span> 
     </span>
     <span class='ocr_line' id='line_1_4' title="bbox 236 888 1568 981; baseline 0.01 -31"><span class='ocrx_word' id='word_1_14' title='bbox 236 908 298 970; x_wconf 82' lang='lat' dir='ltr'>que</span> <span class='ocrx_word' id='word_1_15' title='bbox 322 888 402 953; x_wconf 85' lang='lat' dir='ltr'>eliis</span> <span class='ocrx_word' id='word_1_16' title='bbox 425 890 686 976; x_wconf 73' lang='lat' dir='ltr'>archiepiscopio</span> <span class='ocrx_word' id='word_1_17' title='bbox 709 900 810 957; x_wconf 75' lang='lat' dir='ltr'>estre</span> <span class='ocrx_word' id='word_1_18' title='bbox 833 892 1052 957; x_wconf 74' lang='lat' dir='ltr'><em>Germaniam</em></span> <span class='ocrx_word' id='word_1_19' title='bbox 1083 896 1284 972; x_wconf 75' lang='lat' dir='ltr'>constitutis)</span> <span class='ocrx_word' id='word_1_20' title='bbox 1317 895 1459 977; x_wconf 89' lang='lat' dir='ltr'>mandat,</span> <span class='ocrx_word' id='word_1_21' title='bbox 1492 916 1568 981; x_wconf 89' lang='lat' dir='ltr'>qua-</span> 
     </span>
     <span class='ocr_line' id='line_1_5' title="bbox 234 992 1566 1086; baseline 0.009 -30"><span class='ocrx_word' id='word_1_22' title='bbox 234 992 320 1057; x_wconf 88' lang='lat' dir='ltr'>tinus</span> <span class='ocrx_word' id='word_1_23' title='bbox 353 993 493 1059; x_wconf 90' lang='lat' dir='ltr'>libellum</span> <span class='ocrx_word' id='word_1_24' title='bbox 528 997 615 1063; x_wconf 91' lang='lat' dir='ltr'>bulla</span> <span class='ocrx_word' id='word_1_25' title='bbox 649 999 758 1084; x_wconf 88' lang='lat' dir='ltr'>papali</span> <span class='ocrx_word' id='word_1_26' title='bbox 794 1000 950 1064; x_wconf 92' lang='lat' dir='ltr'>munitum</span> <span class='ocrx_word' id='word_1_27' title='bbox 977 1006 1009 1065; x_wconf 90' lang='lat' dir='ltr'>et</span> <span class='ocrx_word' id='word_1_28' title='bbox 1032 1001 1091 1066; x_wconf 89' lang='lat' dir='ltr'>sub</span> <span class='ocrx_word' id='word_1_29' title='bbox 1124 1000 1238 1066; x_wconf 85' lang='lat' dir='ltr'>eadem</span> <span class='ocrx_word' id='word_1_30' title='bbox 1272 1001 1437 1086; x_wconf 89' lang='lat' dir='ltr'>inclusum,</span> <span class='ocrx_word' id='word_1_31' title='bbox 1474 1024 1566 1086; x_wconf 89' lang='lat' dir='ltr'>quem</span> 
     </span>
     <span class='ocr_line' id='line_1_6' title="bbox 234 1103 1568 1194; baseline 0.01 -30"><span class='ocrx_word' id='word_1_32' title='bbox 234 1120 306 1164; x_wconf 89' lang='lat' dir='ltr'>cum</span> <span class='ocrx_word' id='word_1_33' title='bbox 329 1103 531 1186; x_wconf 83' lang='lat' dir='ltr'>presentibus</span> <span class='ocrx_word' id='word_1_34' title='bbox 554 1103 665 1188; x_wconf 91' lang='lat' dir='ltr'>mittit,</span> <span class='ocrx_word' id='word_1_35' title='bbox 698 1106 912 1171; x_wconf 89' lang='lat' dir='ltr'>continentem</span> <span class='ocrx_word' id='word_1_36' title='bbox 947 1109 1171 1192; x_wconf 87' lang='lat' dir='ltr'>responsiones</span> <span class='ocrx_word' id='word_1_37' title='bbox 1203 1107 1245 1172; x_wconf 91' lang='lat' dir='ltr'>ad</span> <span class='ocrx_word' id='word_1_38' title='bbox 1276 1108 1376 1175; x_wconf 87' lang='lat' dir='ltr'>falsus</span> <span class='ocrx_word' id='word_1_39' title='bbox 1404 1111 1568 1194; x_wconf 87' lang='lat' dir='ltr'>opiniones</span> 
     </span>
     <span class='ocr_line' id='line_1_7' title="bbox 233 1209 1405 1300; baseline 0.009 -29"><span class='ocrx_word' id='word_1_40' title='bbox 233 1214 265 1271; x_wconf 92' lang='lat' dir='ltr'>et</span> <span class='ocrx_word' id='word_1_41' title='bbox 289 1228 413 1274; x_wconf 91' lang='lat' dir='ltr'>errores</span> <span class='ocrx_word' id='word_1_42' title='bbox 437 1209 594 1276; x_wconf 84' lang='lat' dir='ltr'>MIchiclis</span> <span class='ocrx_word' id='word_1_43' title='bbox 618 1209 659 1276; x_wconf 90' lang='lat' dir='ltr'>de</span> <span class='ocrx_word' id='word_1_44' title='bbox 683 1211 806 1278; x_wconf 85' lang='lat' dir='ltr'>Cesena</span> <span class='ocrx_word' id='word_1_45' title='bbox 829 1213 995 1299; x_wconf 82' lang='lat' dir='ltr'>publicare</span> <span class='ocrx_word' id='word_1_46' title='bbox 1017 1214 1202 1280; x_wconf 90' lang='lat' dir='ltr'>solemniter</span> <span class='ocrx_word' id='word_1_47' title='bbox 1225 1225 1405 1300; x_wconf 85' lang='lat' dir='ltr'>procurent.</span> 
     </span>
    </p>

    <p class='ocr_par' dir='ltr' id='par_1_4' title="bbox 233 1314 1567 1488">
     <span class='ocr_line' id='line_1_8' title="bbox 340 1314 1567 1408; baseline 0.01 -29"><span class='ocrx_word' id='word_1_48' title='bbox 340 1314 392 1380; x_wconf 86' lang='lat' dir='ltr'>Ad</span> <span class='ocrx_word' id='word_1_49' title='bbox 416 1317 631 1384; x_wconf 85' lang='lat' dir='ltr'>confutandas</span> <span class='ocrx_word' id='word_1_50' title='bbox 654 1319 784 1385; x_wconf 83' lang='lat' dir='ltr'>falsas.</span> <span class='ocrx_word' id='word_1_51' title='bbox 815 1369 823 1384; x_wconf 87' lang='lat'><strong>.</strong></span> <span class='ocrx_word' id='word_1_52' title='bbox 852 1370 859 1384; x_wconf 93' lang='lat'><strong>.</strong></span> <span class='ocrx_word' id='word_1_53' title='bbox 907 1321 981 1386; x_wconf 87' lang='lat' dir='ltr'>Dat.</span> <span class='ocrx_word' id='word_1_54' title='bbox 1010 1321 1088 1386; x_wconf 87' lang='lat' dir='ltr'>VIII</span> <span class='ocrx_word' id='word_1_55' title='bbox 1114 1321 1158 1386; x_wconf 87' lang='lat' dir='ltr'>kl.</span> <span class='ocrx_word' id='word_1_56' title='bbox 1184 1320 1363 1390; x_wconf 86' lang='lat' dir='ltr'>decembris</span> <span class='ocrx_word' id='word_1_57' title='bbox 1387 1345 1416 1389; x_wconf 88' lang='lat' dir='ltr'>a.</span> <span class='ocrx_word' id='word_1_58' title='bbox 1441 1331 1567 1408; x_wconf 88' lang='lat' dir='ltr'>quarto-</span> 
     </span>
     <span class='ocr_line' id='line_1_9' title="bbox 233 1421 369 1488; baseline 0.007 -1"><span class='ocrx_word' id='word_1_59' title='bbox 233 1421 369 1488; x_wconf 88' lang='lat' dir='ltr'>decimo.</span> 
     </span>
    </p>
   </div>
   <div class='ocr_carea' id='block_1_4' title="bbox 382 1544 922 1616">
    <p class='ocr_par' dir='ltr' id='par_1_5' title="bbox 382 1544 922 1616">
     <span class='ocr_line' id='line_1_10' title="bbox 382 1544 922 1616; baseline 0.006 -18"><span class='ocrx_word' id='word_1_60' title='bbox 382 1544 455 1614; x_wconf 74' lang='lat' dir='ltr'>Req.</span> <span class='ocrx_word' id='word_1_61' title='bbox 476 1547 530 1599; x_wconf 85' lang='lat'>115</span> <span class='ocrx_word' id='word_1_62' title='bbox 545 1561 595 1615; x_wconf 82' lang='lat' dir='ltr'>pe.</span> <span class='ocrx_word' id='word_1_63' title='bbox 615 1546 689 1616; x_wconf 78' lang='lat' dir='ltr'>Hs.</span> <span class='ocrx_word' id='word_1_64' title='bbox 709 1546 755 1602; x_wconf 82' lang='lat'>19¹</span> <span class='ocrx_word' id='word_1_65' title='bbox 773 1563 821 1603; x_wconf 84' lang='lat' dir='ltr'>mr.</span> <span class='ocrx_word' id='word_1_66' title='bbox 840 1549 922 1602; x_wconf 82' lang='lat'><em>1105.</em></span> 
     </span>
    </p>
   </div>
   <div class='ocr_carea' id='block_1_5' title="bbox 339 1825 1040 1915">
    <p class='ocr_par' dir='ltr' id='par_1_6' title="bbox 339 1825 1040 1915">
     <span class='ocr_line' id='line_1_11' title="bbox 339 1825 1040 1915; baseline -0.003 -20"><span class='ocrx_word' id='word_1_67' title='bbox 339 1829 463 1895; x_wconf 74' lang='lat'>18⁰9.</span> <span class='ocrx_word' id='word_1_68' title='bbox 500 1829 586 1892; x_wconf 82' lang='lat'><em>1329</em></span> <span class='ocrx_word' id='word_1_69' title='bbox 609 1828 793 1893; x_wconf 86' lang='lat' dir='ltr'>December</span> <span class='ocrx_word' id='word_1_70' title='bbox 819 1825 1040 1915; x_wconf 66' lang='grc'><em>1111191111.</em></span> 
     </span>
    </p>
   </div>
   <div class='ocr_carea' id='block_1_6' title="bbox 231 1971 1567 2360">
    <p class='ocr_par' dir='ltr' id='par_1_7' title="bbox 231 1971 1567 2360">
     <span class='ocr_line' id='line_1_12' title="bbox 337 1971 1567 2060; baseline 0.003 -23"><span class='ocrx_word' id='word_1_71' title='bbox 337 1974 506 2039; x_wconf 73' lang='lat' dir='ltr'>Iohannes</span> <span class='ocrx_word' id='word_1_72' title='bbox 527 1973 637 2036; x_wconf 87' lang='lat' dir='ltr'>XXII</span> <span class='ocrx_word' id='word_1_73' title='bbox 666 1974 708 2036; x_wconf 87' lang='lat' dir='ltr'>ab</span> <span class='ocrx_word' id='word_1_74' title='bbox 738 1973 894 2036; x_wconf 78' lang='lat' dir='ltr'>universo</span> <span class='ocrx_word' id='word_1_75' title='bbox 924 1972 1011 2037; x_wconf 86' lang='lat' dir='ltr'>clero</span> <span class='ocrx_word' id='word_1_76' title='bbox 1029 1973 1205 2058; x_wconf 78' lang='lat' dir='ltr'>provincie</span> <span class='ocrx_word' id='word_1_77' title='bbox 1232 1971 1438 2040; x_wconf 78' lang='lat' dir='ltr'>Coloniensis</span> <span class='ocrx_word' id='word_1_78' title='bbox 1455 1977 1567 2060; x_wconf 80' lang='lat' dir='ltr'>possit</span> 
     </span>
     <span class='ocr_line' id='line_1_13' title="bbox 234 2079 1567 2147; baseline 0.002 -2"><span class='ocrx_word' id='word_1_79' title='bbox 234 2082 429 2146; x_wconf 80' lang='lat' dir='ltr'>solvendam</span> <span class='ocrx_word' id='word_1_80' title='bbox 454 2081 618 2145; x_wconf 82' lang='lat' dir='ltr'>decimam</span> <span class='ocrx_word' id='word_1_81' title='bbox 640 2079 856 2143; x_wconf 72' lang='lat' dir='ltr'>sememmolem</span> <span class='ocrx_word' id='word_1_82' title='bbox 880 2081 1137 2145; x_wconf 78' lang='lat' dir='ltr'>convertendam</span> <span class='ocrx_word' id='word_1_83' title='bbox 1162 2081 1198 2144; x_wconf 83' lang='lat' dir='ltr'>im</span> <span class='ocrx_word' id='word_1_84' title='bbox 1224 2081 1326 2146; x_wconf 85' lang='lat' dir='ltr'>Terre</span> <span class='ocrx_word' id='word_1_85' title='bbox 1350 2081 1471 2146; x_wconf 79' lang='lat' dir='ltr'>Sancte</span> <span class='ocrx_word' id='word_1_86' title='bbox 1494 2084 1567 2147; x_wconf 81' lang='lat' dir='ltr'>aub-</span> 
     </span>
     <span class='ocr_line' id='line_1_14' title="bbox 231 2185 1566 2274; baseline 0.001 -22"><span class='ocrx_word' id='word_1_87' title='bbox 231 2188 356 2253; x_wconf 82' lang='lat' dir='ltr'>eidiom</span> <span class='ocrx_word' id='word_1_88' title='bbox 381 2196 412 2253; x_wconf 90' lang='lat' dir='ltr'>et</span> <span class='ocrx_word' id='word_1_89' title='bbox 435 2194 555 2254; x_wconf 80' lang='lat' dir='ltr'>contre</span> <span class='ocrx_word' id='word_1_90' title='bbox 577 2186 715 2251; x_wconf 83' lang='lat' dir='ltr'>rebelles</span> <span class='ocrx_word' id='word_1_91' title='bbox 739 2186 872 2251; x_wconf 81' lang='lat' dir='ltr'>ecclesie</span> <span class='ocrx_word' id='word_1_92' title='bbox 896 2187 1058 2264; x_wconf 79' lang='lat' dir='ltr'>Romame,</span> <span class='ocrx_word' id='word_1_93' title='bbox 1088 2209 1189 2273; x_wconf 84' lang='lat' dir='ltr'>quam</span> <span class='ocrx_word' id='word_1_94' title='bbox 1218 2189 1287 2252; x_wconf 87' lang='lat' dir='ltr'>iam</span> <span class='ocrx_word' id='word_1_95' title='bbox 1310 2190 1470 2274; x_wconf 74' lang='lat' dir='ltr'>imposuit</span> <span class='ocrx_word' id='word_1_96' title='bbox 1496 2185 1566 2254; x_wconf 85' lang='lat' dir='ltr'>Cle·</span> 
     </span>
     <span class='ocr_line' id='line_1_15' title="bbox 231 2296 390 2360; baseline 0.006 -1"><span class='ocrx_word' id='word_1_97' title='bbox 231 2316 325 2359; x_wconf 83' lang='lat' dir='ltr'>mems</span> <span class='ocrx_word' id='word_1_98' title='bbox 356 2296 390 2360; x_wconf 88' lang='lat' dir='ltr'>V.</span> 
     </span>
    </p>
   </div>
   <div class='ocr_carea' id='block_1_7' title="bbox 229 2425 1566 4764">
    <p class='ocr_par' dir='ltr' id='par_1_8' title="bbox 233 2425 1566 2816">
     <span class='ocr_line' id='line_1_16' title="bbox 343 2425 1566 2513; baseline 0.001 -21"><span class='ocrx_word' id='word_1_99' title='bbox 343 2426 514 2513; x_wconf 85' lang='lat' dir='ltr'>[Iohannes</span> <span class='ocrx_word' id='word_1_100' title='bbox 537 2426 648 2510; x_wconf 85' lang='lat' dir='ltr'>XXII]</span> <span class='ocrx_word' id='word_1_101' title='bbox 666 2475 673 2491; x_wconf 91' lang='lat'>.</span> <span class='ocrx_word' id='word_1_102' title='bbox 693 2475 700 2490; x_wconf 95' lang='lat'>.</span> <span class='ocrx_word' id='word_1_103' title='bbox 722 2426 967 2511; x_wconf 88' lang='lat' dir='ltr'>archiepiscopo</span> <span class='ocrx_word' id='word_1_104' title='bbox 992 2425 1174 2494; x_wconf 82' lang='lat' dir='ltr'>Coloniensi</span> <span class='ocrx_word' id='word_1_105' title='bbox 1199 2429 1329 2510; x_wconf 89' lang='lat' dir='ltr'>eiusque</span> <span class='ocrx_word' id='word_1_106' title='bbox 1353 2427 1566 2509; x_wconf 77' lang='lat' dir='ltr'>suffraganda</span> 
     </span>
     <span class='ocr_line' id='line_1_17' title="bbox 235 2533 1566 2620; baseline -0.001 -21"><span class='ocrx_word' id='word_1_107' title='bbox 235 2542 266 2599; x_wconf 90' lang='lat' dir='ltr'>et</span> <span class='ocrx_word' id='word_1_108' title='bbox 294 2584 327 2600; x_wconf 91' lang='lat'>..</span> <span class='ocrx_word' id='word_1_109' title='bbox 354 2535 536 2616; x_wconf 88' lang='lat' dir='ltr'>abbatibus,</span> <span class='ocrx_word' id='word_1_110' title='bbox 562 2533 730 2619; x_wconf 84' lang='lat' dir='ltr'>prioribus,</span> <span class='ocrx_word' id='word_1_111' title='bbox 756 2535 927 2619; x_wconf 87' lang='lat' dir='ltr'>prepositis</span> <span class='ocrx_word' id='word_1_112' title='bbox 952 2533 1109 2599; x_wconf 79' lang='lat' dir='ltr'>decanis,</span> <span class='ocrx_word' id='word_1_113' title='bbox 1131 2595 1132 2600; x_wconf 75' lang='grc'>,</span> <span class='ocrx_word' id='word_1_114' title='bbox 1154 2584 1161 2598; x_wconf 92' lang='grc'><strong>.</strong></span> <span class='ocrx_word' id='word_1_115' title='bbox 1180 2536 1330 2620; x_wconf 84' lang='lat' dir='ltr'>capitulis</span> <span class='ocrx_word' id='word_1_116' title='bbox 1353 2554 1479 2618; x_wconf 91' lang='lat' dir='ltr'>quoque</span> <span class='ocrx_word' id='word_1_117' title='bbox 1503 2533 1566 2601; x_wconf 89' lang='lat' dir='ltr'>col-</span> 
     </span>
     <span class='ocr_line' id='line_1_18' title="bbox 233 2640 1566 2727; baseline 0.001 -21"><span class='ocrx_word' id='word_1_118' title='bbox 233 2642 328 2727; x_wconf 85' lang='lat' dir='ltr'>legiis</span> <span class='ocrx_word' id='word_1_119' title='bbox 352 2648 385 2708; x_wconf 90' lang='lat' dir='ltr'>et</span> <span class='ocrx_word' id='word_1_120' title='bbox 408 2642 696 2708; x_wconf 89' lang='lat' dir='ltr'>conventibus...</span> <span class='ocrx_word' id='word_1_121' title='bbox 719 2662 776 2726; x_wconf 89' lang='lat' dir='ltr'>per</span> <span class='ocrx_word' id='word_1_122' title='bbox 800 2641 963 2707; x_wconf 88' lang='lat' dir='ltr'>civitatem</span> <span class='ocrx_word' id='word_1_123' title='bbox 988 2662 1027 2707; x_wconf 90' lang='lat' dir='ltr'>ac</span> <span class='ocrx_word' id='word_1_124' title='bbox 1051 2640 1204 2708; x_wconf 90' lang='lat' dir='ltr'>diocesim</span> <span class='ocrx_word' id='word_1_125' title='bbox 1229 2648 1261 2706; x_wconf 91' lang='lat' dir='ltr'>et</span> <span class='ocrx_word' id='word_1_126' title='bbox 1285 2643 1483 2727; x_wconf 87' lang='lat' dir='ltr'>provinciam</span> <span class='ocrx_word' id='word_1_127' title='bbox 1508 2641 1566 2707; x_wconf 81' lang='lat' dir='ltr'>Co-</span> 
     </span>
     <span class='ocr_line' id='line_1_19' title="bbox 233 2749 690 2816; baseline 0 -3"><span class='ocrx_word' id='word_1_128' title='bbox 233 2749 408 2816; x_wconf 89' lang='lat' dir='ltr'>loniensem</span> <span class='ocrx_word' id='word_1_129' title='bbox 431 2749 690 2816; x_wconf 85' lang='lat' dir='ltr'>consistentibus.</span> 
     </span>
    </p>

    <p class='ocr_par' dir='ltr' id='par_1_9' title="bbox 229 2855 1566 4764">
     <span class='ocr_line' id='line_1_20' title="bbox 338 2855 1566 2942; baseline -0.001 -20"><span class='ocrx_word' id='word_1_130' title='bbox 338 2855 468 2922; x_wconf 88' lang='lat' dir='ltr'>Dudum</span> <span class='ocrx_word' id='word_1_131' title='bbox 503 2856 543 2921; x_wconf 87' lang='lat' dir='ltr'>fe.</span> <span class='ocrx_word' id='word_1_132' title='bbox 581 2875 625 2921; x_wconf 88' lang='lat' dir='ltr'>re.</span> <span class='ocrx_word' id='word_1_133' title='bbox 661 2855 808 2922; x_wconf 79' lang='lat' dir='ltr'>Clemens</span> <span class='ocrx_word' id='word_1_134' title='bbox 849 2877 936 2942; x_wconf 84' lang='lat' dir='ltr'>papo</span> <span class='ocrx_word' id='word_1_135' title='bbox 975 2856 1186 2942; x_wconf 86' lang='lat' dir='ltr'>predecessor</span> <span class='ocrx_word' id='word_1_136' title='bbox 1224 2863 1332 2922; x_wconf 87' lang='lat' dir='ltr'>noster</span> <span class='ocrx_word' id='word_1_137' title='bbox 1368 2856 1408 2922; x_wconf 88' lang='lat' dir='ltr'>sd</span> <span class='ocrx_word' id='word_1_138' title='bbox 1432 2857 1566 2922; x_wconf 83' lang='lat' dir='ltr'>Terram</span> 
     </span>
     <span class='ocr_line' id='line_1_21' title="bbox 232 2963 1566 3051; baseline -0.001 -20"><span class='ocrx_word' id='word_1_139' title='bbox 232 2963 386 3031; x_wconf 79' lang='lat' dir='ltr'>Sanctam</span> <span class='ocrx_word' id='word_1_140' title='bbox 409 2964 463 3051; x_wconf 87' lang='lat' dir='ltr'>pie</span> <span class='ocrx_word' id='word_1_141' title='bbox 486 2963 628 3048; x_wconf 89' lang='lat' dir='ltr'>dirigens</span> <span class='ocrx_word' id='word_1_142' title='bbox 658 2965 888 3050; x_wconf 82' lang='lat' dir='ltr'>compassionis</span> <span class='ocrx_word' id='word_1_143' title='bbox 916 2963 1067 3031; x_wconf 86' lang='lat' dir='ltr'>affectum</span> <span class='ocrx_word' id='word_1_144' title='bbox 1090 3015 1097 3030; x_wconf 92' lang='lat'>.</span> <span class='ocrx_word' id='word_1_145' title='bbox 1122 3015 1129 3031; x_wconf 88' lang='lat'><strong>.</strong></span> <span class='ocrx_word' id='word_1_146' title='bbox 1154 3015 1161 3030; x_wconf 92' lang='lat'>.</span> <span class='ocrx_word' id='word_1_147' title='bbox 1186 2964 1346 3030; x_wconf 85' lang='lat' dir='ltr'>decimam</span> <span class='ocrx_word' id='word_1_148' title='bbox 1370 2965 1508 3030; x_wconf 92' lang='lat' dir='ltr'>omnium</span> <span class='ocrx_word' id='word_1_149' title='bbox 1533 2971 1566 3030; x_wconf 91' lang='grc'>11</span> 
     </span>
     <span class='ocr_line' id='line_1_22' title="bbox 232 3069 1565 3156; baseline -0.002 -20"><span class='ocrx_word' id='word_1_150' title='bbox 232 3069 428 3155; x_wconf 91' lang='lat' dir='ltr'>singulorum</span> <span class='ocrx_word' id='word_1_151' title='bbox 460 3077 673 3156; x_wconf 86' lang='lat' dir='ltr'>proventuum</span> <span class='ocrx_word' id='word_1_152' title='bbox 705 3070 997 3137; x_wconf 85' lang='lat' dir='ltr'>ecclesiasticorum</span> <span class='ocrx_word' id='word_1_153' title='bbox 1031 3091 1088 3156; x_wconf 90' lang='lat' dir='ltr'>per</span> <span class='ocrx_word' id='word_1_154' title='bbox 1116 3090 1173 3137; x_wconf 83' lang='lat' dir='ltr'>sex</span> <span class='ocrx_word' id='word_1_155' title='bbox 1201 3090 1302 3137; x_wconf 90' lang='lat' dir='ltr'>annos</span> <span class='ocrx_word' id='word_1_156' title='bbox 1331 3070 1423 3136; x_wconf 85' lang='lat' dir='ltr'>iuxta</span> <span class='ocrx_word' id='word_1_157' title='bbox 1445 3089 1565 3135; x_wconf 90' lang='lat' dir='ltr'>morem</span> 
     </span>
     <span class='ocr_line' id='line_1_23' title="bbox 232 3174 1564 3262; baseline -0.002 -20"><span class='ocrx_word' id='word_1_158' title='bbox 232 3176 360 3244; x_wconf 88' lang='lat' dir='ltr'>solitum</span> <span class='ocrx_word' id='word_1_159' title='bbox 394 3177 588 3262; x_wconf 84' lang='lat' dir='ltr'>exigendam</span> <span class='ocrx_word' id='word_1_160' title='bbox 612 3184 645 3242; x_wconf 87' lang='lat' dir='ltr'>et</span> <span class='ocrx_word' id='word_1_161' title='bbox 674 3176 924 3243; x_wconf 87' lang='lat' dir='ltr'>convertendam</span> <span class='ocrx_word' id='word_1_162' title='bbox 960 3178 993 3242; x_wconf 94' lang='lat' dir='ltr'>in</span> <span class='ocrx_word' id='word_1_163' title='bbox 1028 3177 1170 3244; x_wconf 89' lang='lat' dir='ltr'>eiusdem</span> <span class='ocrx_word' id='word_1_164' title='bbox 1206 3183 1289 3242; x_wconf 92' lang='lat' dir='ltr'>terre</span> <span class='ocrx_word' id='word_1_165' title='bbox 1322 3174 1498 3244; x_wconf 85' lang='lat' dir='ltr'>subsidium</span> <span class='ocrx_word' id='word_1_166' title='bbox 1531 3181 1564 3241; x_wconf 91' lang='grc'>11</span> 
     </span>
     <span class='ocr_line' id='line_1_24' title="bbox 232 3283 1564 3370; baseline -0.002 -21"><span class='ocrx_word' id='word_1_167' title='bbox 232 3284 312 3350; x_wconf 86' lang='lat' dir='ltr'>alias</span> <span class='ocrx_word' id='word_1_168' title='bbox 344 3291 457 3350; x_wconf 84' lang='lat' dir='ltr'>contra</span> <span class='ocrx_word' id='word_1_169' title='bbox 490 3285 625 3351; x_wconf 88' lang='lat' dir='ltr'>rebelles</span> <span class='ocrx_word' id='word_1_170' title='bbox 653 3291 686 3350; x_wconf 89' lang='lat' dir='ltr'>et</span> <span class='ocrx_word' id='word_1_171' title='bbox 708 3285 855 3351; x_wconf 91' lang='lat' dir='ltr'>inimicos</span> <span class='ocrx_word' id='word_1_172' title='bbox 878 3283 953 3350; x_wconf 90' lang='lat' dir='ltr'>lidci</span> <span class='ocrx_word' id='word_1_173' title='bbox 978 3283 1136 3351; x_wconf 89' lang='lat' dir='ltr'>catholice</span> <span class='ocrx_word' id='word_1_174' title='bbox 1159 3285 1310 3370; x_wconf 88' lang='lat' dir='ltr'>imposuit</span> <span class='ocrx_word' id='word_1_175' title='bbox 1333 3283 1422 3368; x_wconf 81' lang='lat' dir='ltr'>[Gom</span> <span class='ocrx_word' id='word_1_176' title='bbox 1447 3288 1564 3366; x_wconf 89' lang='lat' dir='ltr'>autem,</span> 
     </span>
     <span class='ocr_line' id='line_1_25' title="bbox 230 3389 1564 3477; baseline -0.001 -21"><span class='ocrx_word' id='word_1_177' title='bbox 230 3390 314 3456; x_wconf 89' lang='lat' dir='ltr'>sicut</span> <span class='ocrx_word' id='word_1_178' title='bbox 337 3393 529 3477; x_wconf 86' lang='lat' dir='ltr'>accepimus,</span> <span class='ocrx_word' id='word_1_179' title='bbox 553 3389 642 3457; x_wconf 89' lang='lat' dir='ltr'>dicta</span> <span class='ocrx_word' id='word_1_180' title='bbox 665 3391 825 3475; x_wconf 71' lang='lat' dir='ltr'>decima]a</span> <span class='ocrx_word' id='word_1_181' title='bbox 848 3394 882 3456; x_wconf 91' lang='lat' dir='ltr'>in</span> <span class='ocrx_word' id='word_1_182' title='bbox 906 3391 1038 3458; x_wconf 88' lang='lat' dir='ltr'>civitate</span> <span class='ocrx_word' id='word_1_183' title='bbox 1062 3411 1102 3457; x_wconf 87' lang='lat' dir='ltr'>ac</span> <span class='ocrx_word' id='word_1_184' title='bbox 1124 3391 1247 3458; x_wconf 89' lang='lat' dir='ltr'>diocesi</span> <span class='ocrx_word' id='word_1_185' title='bbox 1272 3396 1304 3456; x_wconf 91' lang='grc'>11</span> <span class='ocrx_word' id='word_1_186' title='bbox 1326 3389 1564 3476; x_wconf 83' lang='lat' dir='ltr'>provinciaGo·</span> 
     </span>
     <span class='ocr_line' id='line_1_26' title="bbox 231 3495 1564 3583; baseline -0.001 -21"><span class='ocrx_word' id='word_1_187' title='bbox 231 3496 365 3564; x_wconf 80' lang='lat' dir='ltr'>lobiensi</span> <span class='ocrx_word' id='word_1_188' title='bbox 389 3498 531 3565; x_wconf 90' lang='lat' dir='ltr'>nondum</span> <span class='ocrx_word' id='word_1_189' title='bbox 555 3505 671 3564; x_wconf 86' lang='lat' dir='ltr'>exacta</span> <span class='ocrx_word' id='word_1_190' title='bbox 694 3499 792 3564; x_wconf 87' lang='lat' dir='ltr'>fuerit</span> <span class='ocrx_word' id='word_1_191' title='bbox 815 3519 919 3583; x_wconf 87' lang='lat' dir='ltr'>eaque</span> <span class='ocrx_word' id='word_1_192' title='bbox 943 3497 1103 3583; x_wconf 82' lang='lat' dir='ltr'>prodicta</span> <span class='ocrx_word' id='word_1_193' title='bbox 1127 3506 1211 3564; x_wconf 91' lang='lat' dir='ltr'>terre</span> <span class='ocrx_word' id='word_1_194' title='bbox 1230 3519 1286 3565; x_wconf 90' lang='lat' dir='ltr'>seu</span> <span class='ocrx_word' id='word_1_195' title='bbox 1311 3495 1564 3563; x_wconf 87' lang='lat' dir='ltr'>christicolarum</span> 
     </span>
     <span class='ocr_line' id='line_1_27' title="bbox 230 3603 1564 3691; baseline 0 -22"><span class='ocrx_word' id='word_1_196' title='bbox 230 3606 435 3691; x_wconf 86' lang='lat' dir='ltr'>inpartibus</span> <span class='ocrx_word' id='word_1_197' title='bbox 468 3607 687 3673; x_wconf 89' lang='lat' dir='ltr'>transmarinis</span> <span class='ocrx_word' id='word_1_198' title='bbox 720 3605 905 3691; x_wconf 90' lang='lat' dir='ltr'>degentium</span> <span class='ocrx_word' id='word_1_199' title='bbox 941 3607 1187 3673; x_wconf 87' lang='lat' dir='ltr'>necessitatibus</span> <span class='ocrx_word' id='word_1_200' title='bbox 1216 3606 1466 3688; x_wconf 85' lang='lat' dir='ltr'>defensioneque</span> <span class='ocrx_word' id='word_1_201' title='bbox 1490 3603 1564 3669; x_wconf 86' lang='lat' dir='ltr'>fidei</span> 
     </span>
     <span class='ocr_line' id='line_1_28' title="bbox 231 3710 1565 3798; baseline 0 -22"><span class='ocrx_word' id='word_1_202' title='bbox 231 3711 376 3797; x_wconf 89' lang='lat' dir='ltr'>predicte</span> <span class='ocrx_word' id='word_1_203' title='bbox 398 3712 567 3794; x_wconf 85' lang='lat' dir='ltr'>catholice,</span> <span class='ocrx_word' id='word_1_204' title='bbox 592 3732 654 3795; x_wconf 87' lang='lat' dir='ltr'>que</span> <span class='ocrx_word' id='word_1_205' title='bbox 675 3713 717 3778; x_wconf 87' lang='lat' dir='ltr'>ab</span> <span class='ocrx_word' id='word_1_206' title='bbox 740 3713 893 3780; x_wconf 88' lang='lat' dir='ltr'>hereticis</span> <span class='ocrx_word' id='word_1_207' title='bbox 917 3719 949 3778; x_wconf 92' lang='lat' dir='ltr'>et</span> <span class='ocrx_word' id='word_1_208' title='bbox 973 3713 1144 3780; x_wconf 87' lang='lat' dir='ltr'>rebellibus</span> <span class='ocrx_word' id='word_1_209' title='bbox 1168 3713 1220 3779; x_wconf 89' lang='lat' dir='ltr'>dei</span> <span class='ocrx_word' id='word_1_210' title='bbox 1245 3718 1277 3779; x_wconf 90' lang='lat' dir='ltr'>et</span> <span class='ocrx_word' id='word_1_211' title='bbox 1301 3713 1400 3798; x_wconf 90' lang='lat' dir='ltr'>ipsius</span> <span class='ocrx_word' id='word_1_212' title='bbox 1429 3710 1565 3778; x_wconf 90' lang='lat' dir='ltr'>ecclesie</span> 
     </span>
     <span class='ocr_line' id='line_1_29' title="bbox 231 3817 1565 3906; baseline -0.002 -22"><span class='ocrx_word' id='word_1_213' title='bbox 231 3818 404 3885; x_wconf 89' lang='lat' dir='ltr'>crudeliter</span> <span class='ocrx_word' id='word_1_214' title='bbox 426 3820 601 3904; x_wconf 83' lang='lat' dir='ltr'>impetitur.</span> <span class='ocrx_word' id='word_1_215' title='bbox 626 3819 772 3904; x_wconf 84' lang='lat' dir='ltr'>indigere</span> <span class='ocrx_word' id='word_1_216' title='bbox 795 3821 1033 3906; x_wconf 89' lang='lat' dir='ltr'>presentialiter</span> <span class='ocrx_word' id='word_1_217' title='bbox 1045 3821 1192 3886; x_wconf 85' lang='lat' dir='ltr'>Romanu</span> <span class='ocrx_word' id='word_1_218' title='bbox 1208 3820 1346 3886; x_wconf 88' lang='lat' dir='ltr'>ecclesia</span> <span class='ocrx_word' id='word_1_219' title='bbox 1370 3817 1565 3902; x_wconf 86' lang='lat' dir='ltr'>dinoscatur,</span> 
     </span>
     <span class='ocr_line' id='line_1_30' title="bbox 229 3926 1564 4012; baseline 0.001 -21"><span class='ocrx_word' id='word_1_220' title='bbox 229 3927 470 3993; x_wconf 88' lang='lat' dir='ltr'>universitatem</span> <span class='ocrx_word' id='word_1_221' title='bbox 499 3933 638 3992; x_wconf 85' lang='lat' dir='ltr'>vestram</span> <span class='ocrx_word' id='word_1_222' title='bbox 669 3947 832 3993; x_wconf 87' lang='lat' dir='ltr'>monemus</span> <span class='ocrx_word' id='word_1_223' title='bbox 860 3949 1012 4012; x_wconf 85' lang='lat' dir='ltr'>rogamus</span> <span class='ocrx_word' id='word_1_224' title='bbox 1036 3935 1069 3993; x_wconf 87' lang='lat' dir='ltr'>et</span> <span class='ocrx_word' id='word_1_225' title='bbox 1092 3926 1256 3993; x_wconf 88' lang='lat' dir='ltr'>hortamur</span> <span class='ocrx_word' id='word_1_226' title='bbox 1288 3929 1321 3993; x_wconf 93' lang='lat' dir='ltr'>in</span> <span class='ocrx_word' id='word_1_227' title='bbox 1354 3926 1482 3993; x_wconf 92' lang='lat' dir='ltr'>domino</span> <span class='ocrx_word' id='word_1_228' title='bbox 1511 3945 1564 3992; x_wconf 95' lang='lat' dir='ltr'>vo-</span> 
     </span>
     <span class='ocr_line' id='line_1_31' title="bbox 231 4033 1564 4121; baseline 0.002 -23"><span class='ocrx_word' id='word_1_229' title='bbox 231 4035 341 4117; x_wconf 88' lang='lat' dir='ltr'>bisque</span> <span class='ocrx_word' id='word_1_230' title='bbox 369 4033 593 4100; x_wconf 89' lang='lat' dir='ltr'>nichilominus</span> <span class='ocrx_word' id='word_1_231' title='bbox 616 4054 674 4121; x_wconf 89' lang='lat' dir='ltr'>por</span> <span class='ocrx_word' id='word_1_232' title='bbox 697 4036 876 4120; x_wconf 85' lang='lat' dir='ltr'>apostolica</span> <span class='ocrx_word' id='word_1_233' title='bbox 904 4037 1026 4119; x_wconf 89' lang='lat' dir='ltr'>scripta</span> <span class='ocrx_word' id='word_1_234' title='bbox 1055 4034 1255 4110; x_wconf 86' lang='lat' dir='ltr'>mandamus,</span> <span class='ocrx_word' id='word_1_235' title='bbox 1284 4035 1433 4120; x_wconf 87' lang='lat' dir='ltr'>quatinus</span> <span class='ocrx_word' id='word_1_236' title='bbox 1456 4053 1564 4100; x_wconf 89' lang='lat' dir='ltr'>neces·</span> 
     </span>
     <span class='ocr_line' id='line_1_32' title="bbox 230 4139 1565 4228; baseline 0 -22"><span class='ocrx_word' id='word_1_237' title='bbox 230 4142 357 4207; x_wconf 88' lang='lat' dir='ltr'>sitatom</span> <span class='ocrx_word' id='word_1_238' title='bbox 387 4141 568 4208; x_wconf 90' lang='lat' dir='ltr'>huiusmodi</span> <span class='ocrx_word' id='word_1_239' title='bbox 597 4141 716 4208; x_wconf 90' lang='lat' dir='ltr'>devota</span> <span class='ocrx_word' id='word_1_240' title='bbox 751 4141 1008 4208; x_wconf 88' lang='lat' dir='ltr'>consideratione</span> <span class='ocrx_word' id='word_1_241' title='bbox 1036 4148 1218 4228; x_wconf 87' lang='lat' dir='ltr'>pensantes,</span> <span class='ocrx_word' id='word_1_242' title='bbox 1252 4141 1410 4208; x_wconf 88' lang='lat' dir='ltr'>decimam</span> <span class='ocrx_word' id='word_1_243' title='bbox 1439 4139 1565 4227; x_wconf 89' lang='lat' dir='ltr'>predic-</span> 
     </span>
     <span class='ocr_line' id='line_1_33' title="bbox 230 4247 1565 4335; baseline -0.002 -21"><span class='ocrx_word' id='word_1_244' title='bbox 230 4255 296 4314; x_wconf 86' lang='lat' dir='ltr'>tam</span> <span class='ocrx_word' id='word_1_245' title='bbox 320 4269 377 4333; x_wconf 91' lang='lat' dir='ltr'>per</span> <span class='ocrx_word' id='word_1_246' title='bbox 400 4269 458 4315; x_wconf 86' lang='lat' dir='ltr'>sex</span> <span class='ocrx_word' id='word_1_247' title='bbox 481 4270 583 4316; x_wconf 89' lang='lat' dir='ltr'>annos</span> <span class='ocrx_word' id='word_1_248' title='bbox 607 4251 751 4335; x_wconf 86' lang='lat' dir='ltr'>proxime</span> <span class='ocrx_word' id='word_1_249' title='bbox 773 4250 1005 4333; x_wconf 89' lang='lat' dir='ltr'>subsequentes</span> <span class='ocrx_word' id='word_1_250' title='bbox 1032 4249 1066 4314; x_wconf 93' lang='lat' dir='ltr'>in</span> <span class='ocrx_word' id='word_1_251' title='bbox 1098 4249 1224 4315; x_wconf 90' lang='lat' dir='ltr'>duobus</span> <span class='ocrx_word' id='word_1_252' title='bbox 1255 4249 1399 4314; x_wconf 89' lang='lat' dir='ltr'>terminis</span> <span class='ocrx_word' id='word_1_253' title='bbox 1431 4247 1565 4332; x_wconf 89' lang='lat' dir='ltr'>singulis</span> 
     </span>
     <span class='ocr_line' id='line_1_34' title="bbox 229 4355 1564 4441; baseline -0.001 -20"><span class='ocrx_word' id='word_1_254' title='bbox 229 4357 322 4421; x_wconf 89' lang='lat' dir='ltr'>annis</span> <span class='ocrx_word' id='word_1_255' title='bbox 345 4355 423 4422; x_wconf 90' lang='lat' dir='ltr'>dicti</span> <span class='ocrx_word' id='word_1_256' title='bbox 447 4357 601 4440; x_wconf 82' lang='lat' dir='ltr'>sexennii,</span> <span class='ocrx_word' id='word_1_257' title='bbox 627 4377 706 4440; x_wconf 91' lang='lat' dir='ltr'>quos</span> <span class='ocrx_word' id='word_1_258' title='bbox 730 4358 821 4423; x_wconf 92' lang='lat' dir='ltr'>vobis</span> <span class='ocrx_word' id='word_1_259' title='bbox 850 4363 883 4423; x_wconf 90' lang='lat' dir='ltr'>ot</span> <span class='ocrx_word' id='word_1_260' title='bbox 906 4363 1046 4422; x_wconf 86' lang='lat' dir='ltr'>vostrum</span> <span class='ocrx_word' id='word_1_261' title='bbox 1070 4355 1205 4440; x_wconf 89' lang='lat' dir='ltr'>singulis</span> <span class='ocrx_word' id='word_1_262' title='bbox 1237 4361 1347 4421; x_wconf 89' lang='lat' dir='ltr'>tenore</span> <span class='ocrx_word' id='word_1_263' title='bbox 1368 4355 1564 4441; x_wconf 86' lang='lat' dir='ltr'>presentium</span> 
     </span>
     <span class='ocr_line' id='line_1_35' title="bbox 230 4460 1564 4549; baseline 0.001 -22"><span class='ocrx_word' id='word_1_264' title='bbox 230 4463 415 4548; x_wconf 90' lang='lat' dir='ltr'>prefigimus</span> <span class='ocrx_word' id='word_1_265' title='bbox 448 4484 488 4529; x_wconf 85' lang='lat' dir='ltr'>ae</span> <span class='ocrx_word' id='word_1_266' title='bbox 521 4465 618 4529; x_wconf 87' lang='lat' dir='ltr'>etiam</span> <span class='ocrx_word' id='word_1_267' title='bbox 650 4465 869 4549; x_wconf 83' lang='lat' dir='ltr'>assignamus,</span> <span class='ocrx_word' id='word_1_268' title='bbox 904 4462 1111 4529; x_wconf 89' lang='lat' dir='ltr'>medietatem</span> <span class='ocrx_word' id='word_1_269' title='bbox 1144 4462 1296 4529; x_wconf 89' lang='lat' dir='ltr'>videlicet</span> <span class='ocrx_word' id='word_1_270' title='bbox 1327 4463 1360 4527; x_wconf 91' lang='lat' dir='ltr'>in</span> <span class='ocrx_word' id='word_1_271' title='bbox 1392 4460 1564 4528; x_wconf 87' lang='lat' dir='ltr'>nativitate</span> 
     </span>
     <span class='ocr_line' id='line_1_36' title="bbox 229 4568 1565 4657; baseline -0.001 -21"><span class='ocrx_word' id='word_1_272' title='bbox 229 4571 266 4636; x_wconf 92' lang='lat' dir='ltr'>B.</span> <span class='ocrx_word' id='word_1_273' title='bbox 292 4570 444 4637; x_wconf 88' lang='lat' dir='ltr'>Iohannis</span> <span class='ocrx_word' id='word_1_274' title='bbox 468 4572 616 4657; x_wconf 84' lang='lat' dir='ltr'>Baptista</span> <span class='ocrx_word' id='word_1_275' title='bbox 650 4577 683 4637; x_wconf 92' lang='grc'>11</span> <span class='ocrx_word' id='word_1_276' title='bbox 715 4571 810 4637; x_wconf 86' lang='lat' dir='ltr'>aliam</span> <span class='ocrx_word' id='word_1_277' title='bbox 841 4573 873 4636; x_wconf 93' lang='lat' dir='ltr'>in</span> <span class='ocrx_word' id='word_1_278' title='bbox 897 4572 934 4636; x_wconf 93' lang='lat' dir='ltr'>B.</span> <span class='ocrx_word' id='word_1_279' title='bbox 958 4568 1086 4637; x_wconf 85' lang='lat' dir='ltr'>Andree</span> <span class='ocrx_word' id='word_1_280' title='bbox 1109 4571 1247 4657; x_wconf 86' lang='lat' dir='ltr'>apostoli</span> <span class='ocrx_word' id='word_1_281' title='bbox 1271 4569 1500 4637; x_wconf 86' lang='lat' dir='ltr'>festivitatibus</span> <span class='ocrx_word' id='word_1_282' title='bbox 1523 4569 1565 4635; x_wconf 87' lang='lat' dir='ltr'>de</span> 
     </span>
     <span class='ocr_line' id='line_1_37' title="bbox 230 4677 1564 4764; baseline -0.001 -21"><span class='ocrx_word' id='word_1_283' title='bbox 230 4679 346 4745; x_wconf 89' lang='lat' dir='ltr'>vestris</span> <span class='ocrx_word' id='word_1_284' title='bbox 370 4677 550 4746; x_wconf 91' lang='lat' dir='ltr'>redditibus</span> <span class='ocrx_word' id='word_1_285' title='bbox 573 4686 606 4744; x_wconf 90' lang='lat' dir='ltr'>et</span> <span class='ocrx_word' id='word_1_286' title='bbox 630 4679 868 4764; x_wconf 87' lang='lat' dir='ltr'>proventibus.</span> <span class='ocrx_word' id='word_1_287' title='bbox 893 4729 900 4744; x_wconf 92' lang='lat'>.</span> <span class='ocrx_word' id='word_1_288' title='bbox 928 4678 1153 4744; x_wconf 89' lang='lat' dir='ltr'>collectoribus</span> <span class='ocrx_word' id='word_1_289' title='bbox 1183 4697 1240 4764; x_wconf 89' lang='lat' dir='ltr'>per</span> <span class='ocrx_word' id='word_1_290' title='bbox 1264 4678 1344 4744; x_wconf 85' lang='lat' dir='ltr'>alias</span> <span class='ocrx_word' id='word_1_291' title='bbox 1367 4683 1493 4746; x_wconf 90' lang='lat' dir='ltr'>nostras</span> <span class='ocrx_word' id='word_1_292' title='bbox 1516 4677 1564 4743; x_wconf 92' lang='lat' dir='ltr'>lit·</span> 
     </span>
    </p>
   </div>
   <div class='ocr_carea' id='block_1_8' title="bbox 341 4872 915 4944">
    <p class='ocr_par' dir='ltr' id='par_1_10' title="bbox 341 4872 915 4944">
     <span class='ocr_line' id='line_1_38' title="bbox 341 4872 915 4944; baseline -0.003 -14"><span class='ocrx_word' id='word_1_293' title='bbox 341 4880 370 4942; x_wconf 84' lang='lat' dir='ltr'>a)</span> <span class='ocrx_word' id='word_1_294' title='bbox 395 4872 485 4930; x_wconf 82' lang='lat' dir='ltr'>Uneis</span> <span class='ocrx_word' id='word_1_295' title='bbox 504 4873 625 4930; x_wconf 76' lang='lat' dir='ltr'>inclusa</span> <span class='ocrx_word' id='word_1_296' title='bbox 643 4874 817 4944; x_wconf 82' lang='lat' dir='ltr'>supplenda</span> <span class='ocrx_word' id='word_1_297' title='bbox 835 4877 915 4930; x_wconf 77' lang='grc'><em>111111.</em></span> 
     </span>
    </p>
   </div>
   <div class='ocr_carea' id='block_1_9' title="bbox 0 0 1826 5509">
    <p class='ocr_par' dir='ltr' id='par_1_11' title="bbox 0 0 1826 5509">
     <span class='ocr_line' id='line_1_39' title="bbox 0 0 1826 5509; baseline 0 1"><span class='ocrx_word' id='word_1_298' title='bbox 0 0 1826 5509; x_wconf 95' lang='lat' dir='ltr'> </span> 
     </span>
    </p>
   </div>
  </div>
 </body>
</html>
