<?xml version="1.0" encoding="UTF-8"?>
<!DOCTYPE html PUBLIC "-//W3C//DTD XHTML 1.0 Transitional//EN"
    "http://www.w3.org/TR/xhtml1/DTD/xhtml1-transitional.dtd">
<html xmlns="http://www.w3.org/1999/xhtml" xml:lang="en" lang="en">
 <head>
  <title>
</title>
<meta http-equiv="Content-Type" content="text/html;charset=utf-8" />
  <meta name='ocr-system' content='tesseract 3.04.00' />
  <meta name='ocr-capabilities' content='ocr_page ocr_carea ocr_par ocr_line ocrx_word'/>
</head>
<body>
  <div class='ocr_page' id='page_1' title='image "./urkundenundrege00thimgoog_0342.png"; bbox 0 0 3642 5509; ppageno 0'>
   <div class='ocr_carea' id='block_1_1' title="bbox 786 455 1073 512">
    <p class='ocr_par' dir='ltr' id='par_1_1' title="bbox 786 455 1073 512">
     <span class='ocr_line' id='line_1_1' title="bbox 786 455 1073 512; baseline -0.003 -1"><span class='ocrx_word' id='word_1_1' title='bbox 786 458 857 512; x_wconf 81' lang='lat'><strong>1330</strong></span> <span class='ocrx_word' id='word_1_2' title='bbox 874 455 1011 512; x_wconf 87' lang='lat' dir='ltr'><strong>Februar</strong></span> <span class='ocrx_word' id='word_1_3' title='bbox 1030 455 1073 511; x_wconf 82' lang='lat'><strong>28.</strong></span> 
     </span>
    </p>
   </div>
   <div class='ocr_carea' id='block_1_2' title="bbox 352 719 1032 807">
    <p class='ocr_par' dir='ltr' id='par_1_2' title="bbox 352 719 1032 807">
     <span class='ocr_line' id='line_1_2' title="bbox 352 719 1032 807; baseline -0.001 -20"><span class='ocrx_word' id='word_1_4' title='bbox 352 720 475 788; x_wconf 76' lang='lat'>1859.</span> <span class='ocrx_word' id='word_1_5' title='bbox 502 724 589 786; x_wconf 84' lang='lat'><em>1330</em></span> <span class='ocrx_word' id='word_1_6' title='bbox 612 724 766 787; x_wconf 72' lang='lat' dir='ltr'><strong>Febr-aar</strong></span> <span class='ocrx_word' id='word_1_7' title='bbox 792 723 846 789; x_wconf 81' lang='grc'><strong>28.</strong></span> <span class='ocrx_word' id='word_1_8' title='bbox 866 719 1032 807; x_wconf 79' lang='lat' dir='ltr'><strong>Avipnon.</strong></span> 
     </span>
    </p>
   </div>
   <div class='ocr_carea' id='block_1_3' title="bbox 247 862 1583 1589">
    <p class='ocr_par' dir='ltr' id='par_1_3' title="bbox 247 862 1583 1376">
     <span class='ocr_line' id='line_1_3' title="bbox 354 862 1581 930; baseline 0 -2"><span class='ocrx_word' id='word_1_9' title='bbox 354 863 514 929; x_wconf 88' lang='lat' dir='ltr'><strong>lohannes</strong></span> <span class='ocrx_word' id='word_1_10' title='bbox 538 864 636 928; x_wconf 90' lang='lat' dir='ltr'><strong>XXlI</strong></span> <span class='ocrx_word' id='word_1_11' title='bbox 674 863 834 930; x_wconf 87' lang='lat' dir='ltr'><strong>Tulleusis</strong></span> <span class='ocrx_word' id='word_1_12' title='bbox 871 870 903 929; x_wconf 86' lang='lat' dir='ltr'><strong>et</strong></span> <span class='ocrx_word' id='word_1_13' title='bbox 939 864 973 930; x_wconf 90' lang='lat' dir='ltr'><strong>S.</strong></span> <span class='ocrx_word' id='word_1_14' title='bbox 998 864 1144 929; x_wconf 80' lang='lat' dir='ltr'><strong>Severini</strong></span> <span class='ocrx_word' id='word_1_15' title='bbox 1182 864 1293 930; x_wconf 84' lang='lat' dir='ltr'><strong>Golon.</strong></span> <span class='ocrx_word' id='word_1_16' title='bbox 1328 862 1507 929; x_wconf 80' lang='lat' dir='ltr'><strong>scolasticis</strong></span> <span class='ocrx_word' id='word_1_17' title='bbox 1542 882 1581 928; x_wconf 88' lang='lat' dir='ltr'><strong>ao</strong></span> 
     </span>
     <span class='ocr_line' id='line_1_4' title="bbox 248 969 1581 1056; baseline -0.001 -20"><span class='ocrx_word' id='word_1_18' title='bbox 248 971 417 1036; x_wconf 85' lang='lat' dir='ltr'><strong>Ambrosio</strong></span> <span class='ocrx_word' id='word_1_19' title='bbox 440 969 482 1035; x_wconf 90' lang='lat' dir='ltr'><strong>de</strong></span> <span class='ocrx_word' id='word_1_20' title='bbox 497 970 692 1056; x_wconf 89' lang='lat' dir='ltr'><strong>Lamayrola</strong></span> <span class='ocrx_word' id='word_1_21' title='bbox 715 972 870 1037; x_wconf 87' lang='lat' dir='ltr'><strong>canonico</strong></span> <span class='ocrx_word' id='word_1_22' title='bbox 886 970 1136 1037; x_wconf 85' lang='lat' dir='ltr'><strong>Mediolanensis</strong></span> <span class='ocrx_word' id='word_1_23' title='bbox 1160 971 1239 1038; x_wconf 88' lang='lat' dir='ltr'><strong>eccl.</strong></span> <span class='ocrx_word' id='word_1_24' title='bbox 1266 971 1408 1052; x_wconf 78' lang='lat' dir='ltr'><strong>insudat,</strong></span> <span class='ocrx_word' id='word_1_25' title='bbox 1432 971 1581 1052; x_wconf 79' lang='lat' dir='ltr'><strong>quatinus</strong></span> 
     </span>
     <span class='ocr_line' id='line_1_5' title="bbox 247 1076 1581 1163; baseline 0.001 -22"><span class='ocrx_word' id='word_1_26' title='bbox 247 1078 382 1142; x_wconf 75' lang='lat' dir='ltr'><strong>Iohanni</strong></span> <span class='ocrx_word' id='word_1_27' title='bbox 407 1077 448 1142; x_wconf 91' lang='lat' dir='ltr'><strong>de</strong></span> <span class='ocrx_word' id='word_1_28' title='bbox 470 1076 598 1162; x_wconf 83' lang='lat' dir='ltr'><strong>Syberg</strong></span> <span class='ocrx_word' id='word_1_29' title='bbox 622 1077 759 1144; x_wconf 88' lang='lat' dir='ltr'><strong>diacono</strong></span> <span class='ocrx_word' id='word_1_30' title='bbox 783 1078 893 1143; x_wconf 79' lang='lat' dir='ltr'><strong>(lolou.</strong></span> <span class='ocrx_word' id='word_1_31' title='bbox 919 1077 1015 1160; x_wconf 81' lang='lat' dir='ltr'><strong>dioc,</strong></span> <span class='ocrx_word' id='word_1_32' title='bbox 1049 1098 1142 1161; x_wconf 89' lang='lat' dir='ltr'><strong>quem</strong></span> <span class='ocrx_word' id='word_1_33' title='bbox 1167 1079 1238 1163; x_wconf 91' lang='lat' dir='ltr'><strong>ipse</strong></span> <span class='ocrx_word' id='word_1_34' title='bbox 1261 1077 1456 1159; x_wconf 85' lang='lat' dir='ltr'><strong>habilitavit,</strong></span> <span class='ocrx_word' id='word_1_35' title='bbox 1489 1097 1581 1142; x_wconf 87' lang='lat' dir='ltr'><strong>cauo·</strong></span> 
     </span>
     <span class='ocr_line' id='line_1_6' title="bbox 247 1184 1583 1269; baseline -0.001 -20"><span class='ocrx_word' id='word_1_36' title='bbox 247 1186 388 1250; x_wconf 89' lang='lat' dir='ltr'><strong>uicatum</strong></span> <span class='ocrx_word' id='word_1_37' title='bbox 413 1194 445 1249; x_wconf 89' lang='lat' dir='ltr'><strong>et</strong></span> <span class='ocrx_word' id='word_1_38' title='bbox 468 1184 666 1268; x_wconf 89' lang='lat' dir='ltr'><strong>prebendam</strong></span> <span class='ocrx_word' id='word_1_39' title='bbox 690 1185 725 1250; x_wconf 88' lang='lat' dir='ltr'><strong>S.</strong></span> <span class='ocrx_word' id='word_1_40' title='bbox 749 1184 880 1269; x_wconf 84' lang='lat' dir='ltr'><strong>Georgii</strong></span> <span class='ocrx_word' id='word_1_41' title='bbox 904 1184 1016 1250; x_wconf 82' lang='lat' dir='ltr'><strong>Goion.</strong></span> <span class='ocrx_word' id='word_1_42' title='bbox 1041 1184 1082 1250; x_wconf 93' lang='lat' dir='ltr'><strong>de</strong></span> <span class='ocrx_word' id='word_1_43' title='bbox 1110 1186 1178 1250; x_wconf 91' lang='lat' dir='ltr'><strong>iure</strong></span> <span class='ocrx_word' id='word_1_44' title='bbox 1201 1190 1356 1250; x_wconf 85' lang='lat' dir='ltr'><strong>vacantes</strong></span> <span class='ocrx_word' id='word_1_45' title='bbox 1379 1184 1525 1250; x_wconf 83' lang='lat' dir='ltr'><strong>conferre</strong></span> <span class='ocrx_word' id='word_1_46' title='bbox 1550 1189 1583 1248; x_wconf 86' lang='lat' dir='ltr'><strong>et</strong></span> 
     </span>
     <span class='ocr_line' id='line_1_7' title="bbox 248 1293 560 1376; baseline -0.006 -19"><span class='ocrx_word' id='word_1_47' title='bbox 248 1293 413 1376; x_wconf 86' lang='lat' dir='ltr'><strong>assignare</strong></span> <span class='ocrx_word' id='word_1_48' title='bbox 437 1298 560 1356; x_wconf 86' lang='lat' dir='ltr'><strong>curcul.</strong></span> 
     </span>
    </p>

    <p class='ocr_par' dir='ltr' id='par_1_4' title="bbox 248 1397 1581 1589">
     <span class='ocr_line' id='line_1_8' title="bbox 357 1397 1581 1480; baseline 0.001 -19"><span class='ocrx_word' id='word_1_49' title='bbox 357 1399 430 1462; x_wconf 91' lang='lat' dir='ltr'><strong>Vite</strong></span> <span class='ocrx_word' id='word_1_50' title='bbox 458 1418 497 1463; x_wconf 85' lang='lat' dir='ltr'><strong>ao</strong></span> <span class='ocrx_word' id='word_1_51' title='bbox 529 1418 650 1463; x_wconf 89' lang='lat' dir='ltr'><strong>morum</strong></span> <span class='ocrx_word' id='word_1_52' title='bbox 686 1397 838 1465; x_wconf 89' lang='lat' dir='ltr'><strong>honestas</strong></span> <span class='ocrx_word' id='word_1_53' title='bbox 868 1449 876 1464; x_wconf 94' lang='lat'><strong>.</strong></span> <span class='ocrx_word' id='word_1_54' title='bbox 906 1450 913 1465; x_wconf 90' lang='lat'><em>.</em></span> <span class='ocrx_word' id='word_1_55' title='bbox 944 1449 951 1464; x_wconf 93' lang='lat'><em>.</em></span> <span class='ocrx_word' id='word_1_56' title='bbox 1000 1399 1077 1465; x_wconf 86' lang='lat' dir='ltr'><strong>Dat.</strong></span> <span class='ocrx_word' id='word_1_57' title='bbox 1102 1399 1196 1465; x_wconf 86' lang='lat' dir='ltr'><strong>Avin.</strong></span> <span class='ocrx_word' id='word_1_58' title='bbox 1222 1400 1271 1464; x_wconf 94' lang='lat' dir='ltr'><strong>Ill</strong></span> <span class='ocrx_word' id='word_1_59' title='bbox 1294 1400 1329 1480; x_wconf 83' lang='lat' dir='ltr'><strong>(l)</strong></span> <span class='ocrx_word' id='word_1_60' title='bbox 1351 1398 1396 1465; x_wconf 89' lang='lat' dir='ltr'><strong>kl.</strong></span> <span class='ocrx_word' id='word_1_61' title='bbox 1422 1398 1527 1464; x_wconf 86' lang='lat' dir='ltr'><strong>martii</strong></span> <span class='ocrx_word' id='word_1_62' title='bbox 1552 1419 1581 1462; x_wconf 88' lang='lat' dir='ltr'><strong>a.</strong></span> 
     </span>
     <span class='ocr_line' id='line_1_9' title="bbox 248 1504 501 1589; baseline -0.004 -19"><span class='ocrx_word' id='word_1_63' title='bbox 248 1504 501 1589; x_wconf 87' lang='lat' dir='ltr'><strong>quartodecimo.</strong></span> 
     </span>
    </p>
   </div>
   <div class='ocr_carea' id='block_1_4' title="bbox 408 1629 712 1699">
    <p class='ocr_par' dir='ltr' id='par_1_5' title="bbox 408 1629 712 1699">
     <span class='ocr_line' id='line_1_10' title="bbox 408 1629 712 1699; baseline 0.003 -16"><span class='ocrx_word' id='word_1_64' title='bbox 408 1631 482 1699; x_wconf 77' lang='lat' dir='ltr'><strong>Reg.</strong></span> <span class='ocrx_word' id='word_1_65' title='bbox 500 1629 540 1683; x_wconf 88' lang='grc'><strong>96</strong></span> <span class='ocrx_word' id='word_1_66' title='bbox 557 1645 605 1683; x_wconf 83' lang='lat' dir='ltr'><strong>nr.</strong></span> <span class='ocrx_word' id='word_1_67' title='bbox 625 1631 712 1684; x_wconf 85' lang='grc'><em>3360.</em></span> 
     </span>
    </p>
   </div>
   <div class='ocr_carea' id='block_1_5' title="bbox 352 1913 1054 2003">
    <p class='ocr_par' dir='ltr' id='par_1_6' title="bbox 352 1913 1054 2003">
     <span class='ocr_line' id='line_1_11' title="bbox 352 1913 1054 2003; baseline 0 -19"><span class='ocrx_word' id='word_1_68' title='bbox 352 1917 497 1984; x_wconf 69' lang='grc'><strong>*1860</strong></span> <span class='ocrx_word' id='word_1_69' title='bbox 524 1917 611 1982; x_wconf 87' lang='grc'><em>1330</em></span> <span class='ocrx_word' id='word_1_70' title='bbox 633 1917 787 1982; x_wconf 79' lang='lat' dir='ltr'><strong>Febraar</strong></span> <span class='ocrx_word' id='word_1_71' title='bbox 809 1918 862 1980; x_wconf 84' lang='lat'><strong>28.</strong></span> <span class='ocrx_word' id='word_1_72' title='bbox 887 1913 1054 2003; x_wconf 81' lang='lat' dir='ltr'><strong>Avipnon.</strong></span> 
     </span>
    </p>
   </div>
   <div class='ocr_carea' id='block_1_6' title="bbox 248 2058 1584 2789">
    <p class='ocr_par' dir='ltr' id='par_1_7' title="bbox 352 2058 1581 2141">
     <span class='ocr_line' id='line_1_12' title="bbox 352 2058 1581 2141; baseline 0 -16"><span class='ocrx_word' id='word_1_73' title='bbox 352 2058 511 2125; x_wconf 88' lang='lat' dir='ltr'><strong>lohannes</strong></span> <span class='ocrx_word' id='word_1_74' title='bbox 536 2105 649 2124; x_wconf 91' lang='grc'><strong>.....</strong></span> <span class='ocrx_word' id='word_1_75' title='bbox 674 2058 797 2123; x_wconf 87' lang='lat' dir='ltr'><strong>decano</strong></span> <span class='ocrx_word' id='word_1_76' title='bbox 827 2059 964 2124; x_wconf 86' lang='lat' dir='ltr'><strong>ecclesie</strong></span> <span class='ocrx_word' id='word_1_77' title='bbox 989 2059 1100 2125; x_wconf 82' lang='lat' dir='ltr'><strong>Sancti</strong></span> <span class='ocrx_word' id='word_1_78' title='bbox 1125 2058 1255 2141; x_wconf 84' lang='lat' dir='ltr'><strong>Georgii</strong></span> <span class='ocrx_word' id='word_1_79' title='bbox 1280 2059 1479 2125; x_wconf 77' lang='lat' dir='ltr'><strong>Coloniensis</strong></span> <span class='ocrx_word' id='word_1_80' title='bbox 1507 2108 1514 2125; x_wconf 92' lang='lat'><em>.</em></span> <span class='ocrx_word' id='word_1_81' title='bbox 1541 2109 1548 2124; x_wconf 93' lang='lat'><em>.</em></span> <span class='ocrx_word' id='word_1_82' title='bbox 1574 2109 1581 2124; x_wconf 91' lang='lat'><strong>.</strong></span> 
     </span>
    </p>

    <p class='ocr_par' dir='ltr' id='par_1_8' title="bbox 248 2166 1584 2789">
     <span class='ocr_line' id='line_1_13' title="bbox 356 2166 1582 2249; baseline -0.001 -17"><span class='ocrx_word' id='word_1_83' title='bbox 356 2167 539 2249; x_wconf 83' lang='lat' dir='ltr'><strong>Conqueste</strong></span> <span class='ocrx_word' id='word_1_84' title='bbox 563 2173 636 2232; x_wconf 88' lang='lat' dir='ltr'><strong>suut</strong></span> <span class='ocrx_word' id='word_1_85' title='bbox 660 2167 752 2232; x_wconf 91' lang='lat' dir='ltr'><strong>nubis</strong></span> <span class='ocrx_word' id='word_1_86' title='bbox 769 2215 881 2231; x_wconf 91' lang='grc'><strong>.....</strong></span> <span class='ocrx_word' id='word_1_87' title='bbox 898 2167 1064 2232; x_wconf 85' lang='lat' dir='ltr'><strong>abbatissa</strong></span> <span class='ocrx_word' id='word_1_88' title='bbox 1088 2174 1120 2230; x_wconf 87' lang='lat' dir='ltr'><strong>et</strong></span> <span class='ocrx_word' id='word_1_89' title='bbox 1144 2173 1321 2232; x_wconf 91' lang='lat' dir='ltr'><strong>conventus</strong></span> <span class='ocrx_word' id='word_1_90' title='bbox 1344 2166 1529 2232; x_wconf 88' lang='lat' dir='ltr'><strong>monasterii</strong></span> <span class='ocrx_word' id='word_1_91' title='bbox 1549 2167 1582 2231; x_wconf 91' lang='lat' dir='ltr'><strong>in</strong></span> 
     </span>
     <span class='ocr_line' id='line_1_14' title="bbox 248 2272 1583 2359; baseline -0.001 -20"><span class='ocrx_word' id='word_1_92' title='bbox 248 2274 452 2359; x_wconf 81' lang='lat' dir='ltr'><strong>Gyvelsberg</strong></span> <span class='ocrx_word' id='word_1_93' title='bbox 476 2273 699 2340; x_wconf 81' lang='lat' dir='ltr'><strong>Cisterciensis</strong></span> <span class='ocrx_word' id='word_1_94' title='bbox 723 2273 844 2339; x_wconf 81' lang='lat' dir='ltr'><strong>ordinis</strong></span> <span class='ocrx_word' id='word_1_95' title='bbox 868 2273 980 2339; x_wconf 83' lang='lat' dir='ltr'><strong>Colou.</strong></span> <span class='ocrx_word' id='word_1_96' title='bbox 1005 2274 1102 2358; x_wconf 83' lang='lat' dir='ltr'><strong>dioc,</strong></span> <span class='ocrx_word' id='word_1_97' title='bbox 1127 2273 1212 2357; x_wconf 91' lang='lat' dir='ltr'><strong>quod</strong></span> <span class='ocrx_word' id='word_1_98' title='bbox 1233 2272 1454 2339; x_wconf 83' lang='lat' dir='ltr'><strong>Theodericus</strong></span> <span class='ocrx_word' id='word_1_99' title='bbox 1478 2272 1583 2339; x_wconf 91' lang='lat' dir='ltr'><strong>dictus</strong></span> 
     </span>
     <span class='ocr_line' id='line_1_15' title="bbox 249 2378 1582 2466; baseline -0.002 -20"><span class='ocrx_word' id='word_1_100' title='bbox 249 2383 369 2463; x_wconf 86' lang='lat' dir='ltr'><strong>Zobbe,</strong></span> <span class='ocrx_word' id='word_1_101' title='bbox 404 2382 592 2466; x_wconf 86' lang='lat' dir='ltr'><strong>Pclcgrinus</strong></span> <span class='ocrx_word' id='word_1_102' title='bbox 615 2381 724 2447; x_wconf 88' lang='lat' dir='ltr'><strong>dictus</strong></span> <span class='ocrx_word' id='word_1_103' title='bbox 747 2381 788 2446; x_wconf 93' lang='lat' dir='ltr'><strong>de</strong></span> <span class='ocrx_word' id='word_1_104' title='bbox 812 2381 892 2447; x_wconf 85' lang='lat' dir='ltr'><strong>Gole</strong></span> <span class='ocrx_word' id='word_1_105' title='bbox 925 2382 1053 2464; x_wconf 88' lang='lat' dir='ltr'><strong>milites,</strong></span> <span class='ocrx_word' id='word_1_106' title='bbox 1089 2381 1297 2464; x_wconf 84' lang='lat' dir='ltr'><strong>Eugilbertus</strong></span> <span class='ocrx_word' id='word_1_107' title='bbox 1330 2378 1437 2446; x_wconf 88' lang='lat' dir='ltr'><strong>dictus</strong></span> <span class='ocrx_word' id='word_1_108' title='bbox 1469 2379 1582 2461; x_wconf 85' lang='lat' dir='ltr'><strong>Bitter,</strong></span> 
     </span>
     <span class='ocr_line' id='line_1_16' title="bbox 248 2487 1583 2572; baseline 0 -20"><span class='ocrx_word' id='word_1_109' title='bbox 248 2487 470 2554; x_wconf 84' lang='lat' dir='ltr'><strong>Theodericus</strong></span> <span class='ocrx_word' id='word_1_110' title='bbox 494 2488 600 2553; x_wconf 90' lang='lat' dir='ltr'><strong>dictus</strong></span> <span class='ocrx_word' id='word_1_111' title='bbox 623 2487 833 2572; x_wconf 88' lang='lat' dir='ltr'><strong>Heymstede,</strong></span> <span class='ocrx_word' id='word_1_112' title='bbox 858 2487 1080 2554; x_wconf 85' lang='lat' dir='ltr'><strong>Theodericus</strong></span> <span class='ocrx_word' id='word_1_113' title='bbox 1098 2487 1204 2553; x_wconf 90' lang='lat' dir='ltr'><strong>dictus</strong></span> <span class='ocrx_word' id='word_1_114' title='bbox 1220 2488 1261 2553; x_wconf 91' lang='lat' dir='ltr'><strong>de</strong></span> <span class='ocrx_word' id='word_1_115' title='bbox 1277 2487 1474 2570; x_wconf 88' lang='lat' dir='ltr'><strong>Ulenbroke,</strong></span> <span class='ocrx_word' id='word_1_116' title='bbox 1499 2487 1583 2552; x_wconf 90' lang='lat' dir='ltr'><strong>Hen-</strong></span> 
     </span>
     <span class='ocr_line' id='line_1_17' title="bbox 248 2594 1584 2681; baseline -0.001 -22"><span class='ocrx_word' id='word_1_117' title='bbox 248 2597 334 2662; x_wconf 89' lang='lat' dir='ltr'><strong>ricus</strong></span> <span class='ocrx_word' id='word_1_118' title='bbox 368 2595 409 2660; x_wconf 93' lang='lat' dir='ltr'><strong>de</strong></span> <span class='ocrx_word' id='word_1_119' title='bbox 443 2595 611 2678; x_wconf 86' lang='lat' dir='ltr'><strong>llungolen</strong></span> <span class='ocrx_word' id='word_1_120' title='bbox 645 2602 676 2659; x_wconf 91' lang='lat' dir='ltr'><strong>et</strong></span> <span class='ocrx_word' id='word_1_121' title='bbox 710 2594 828 2659; x_wconf 86' lang='lat' dir='ltr'><strong>Flctko</strong></span> <span class='ocrx_word' id='word_1_122' title='bbox 862 2595 902 2661; x_wconf 91' lang='lat' dir='ltr'><strong>de</strong></span> <span class='ocrx_word' id='word_1_123' title='bbox 940 2594 1199 2681; x_wconf 85' lang='lat' dir='ltr'><strong>Nesseleuroyde</strong></span> <span class='ocrx_word' id='word_1_124' title='bbox 1228 2594 1303 2660; x_wconf 89' lang='lat' dir='ltr'><strong>laici</strong></span> <span class='ocrx_word' id='word_1_125' title='bbox 1332 2601 1364 2660; x_wconf 90' lang='lat' dir='ltr'><strong>et</strong></span> <span class='ocrx_word' id='word_1_126' title='bbox 1401 2594 1584 2678; x_wconf 87' lang='lat' dir='ltr'><strong>Margarcta</strong></span> 
     </span>
     <span class='ocr_line' id='line_1_18' title="bbox 249 2700 1582 2789; baseline -0.001 -23"><span class='ocrx_word' id='word_1_127' title='bbox 249 2702 361 2768; x_wconf 86' lang='lat' dir='ltr'><strong>relicta</strong></span> <span class='ocrx_word' id='word_1_128' title='bbox 385 2702 546 2784; x_wconf 84' lang='lat' dir='ltr'><strong>quondam</strong></span> <span class='ocrx_word' id='word_1_129' title='bbox 571 2701 726 2789; x_wconf 79' lang='lat' dir='ltr'><strong>Meynrici</strong></span> <span class='ocrx_word' id='word_1_130' title='bbox 752 2701 793 2766; x_wconf 91' lang='lat' dir='ltr'><strong>de</strong></span> <span class='ocrx_word' id='word_1_131' title='bbox 815 2701 939 2787; x_wconf 90' lang='lat' dir='ltr'><strong>lleyrie</strong></span> <span class='ocrx_word' id='word_1_132' title='bbox 969 2703 1042 2767; x_wconf 88' lang='lat' dir='ltr'><strong>laici</strong></span> <span class='ocrx_word' id='word_1_133' title='bbox 1073 2701 1171 2767; x_wconf 87' lang='lat' dir='ltr'><strong>vidua</strong></span> <span class='ocrx_word' id='word_1_134' title='bbox 1196 2721 1291 2786; x_wconf 88' lang='lat' dir='ltr'><strong>super</strong></span> <span class='ocrx_word' id='word_1_135' title='bbox 1315 2700 1505 2783; x_wconf 82' lang='lat' dir='ltr'><strong>quibusdam</strong></span> <span class='ocrx_word' id='word_1_136' title='bbox 1529 2723 1582 2786; x_wconf 90' lang='lat' dir='ltr'><strong>pe·</strong></span> 
     </span>
    </p>
   </div>
   <div class='ocr_carea' id='block_1_7' title="bbox 248 2807 1584 3214">
    <p class='ocr_par' dir='ltr' id='par_1_9' title="bbox 248 2807 1584 3214">
     <span class='ocr_line' id='line_1_19' title="bbox 249 2807 1583 2893; baseline 0 -21"><span class='ocrx_word' id='word_1_137' title='bbox 249 2810 411 2874; x_wconf 83' lang='lat' dir='ltr'><strong>ennianum</strong></span> <span class='ocrx_word' id='word_1_138' title='bbox 436 2809 567 2876; x_wconf 89' lang='lat' dir='ltr'><strong>summis</strong></span> <span class='ocrx_word' id='word_1_139' title='bbox 591 2810 684 2874; x_wconf 86' lang='lat' dir='ltr'><strong>terris</strong></span> <span class='ocrx_word' id='word_1_140' title='bbox 707 2809 962 2893; x_wconf 88' lang='lat' dir='ltr'><strong>possessionibus</strong></span> <span class='ocrx_word' id='word_1_141' title='bbox 978 2816 1011 2874; x_wconf 88' lang='lat' dir='ltr'><strong>et</strong></span> <span class='ocrx_word' id='word_1_142' title='bbox 1029 2808 1124 2875; x_wconf 90' lang='lat' dir='ltr'><strong>rebus</strong></span> <span class='ocrx_word' id='word_1_143' title='bbox 1141 2809 1214 2874; x_wconf 88' lang='lat' dir='ltr'><strong>aliis</strong></span> <span class='ocrx_word' id='word_1_144' title='bbox 1237 2809 1428 2872; x_wconf 84' lang='lat' dir='ltr'><strong>iniurientur</strong></span> <span class='ocrx_word' id='word_1_145' title='bbox 1452 2807 1583 2872; x_wconf 87' lang='lat' dir='ltr'><strong>eisdem.</strong></span> 
     </span>
     <span class='ocr_line' id='line_1_20' title="bbox 248 2915 1584 3000; baseline 0.001 -21"><span class='ocrx_word' id='word_1_146' title='bbox 248 2915 391 2998; x_wconf 86' lang='lat' dir='ltr'><strong>ideoque</strong></span> <span class='ocrx_word' id='word_1_147' title='bbox 415 2916 600 2981; x_wconf 88' lang='lat' dir='ltr'><strong>discretioni</strong></span> <span class='ocrx_word' id='word_1_148' title='bbox 624 2923 678 2981; x_wconf 89' lang='lat' dir='ltr'><strong>tue</strong></span> <span class='ocrx_word' id='word_1_149' title='bbox 800 2916 1000 2994; x_wconf 87' lang='lat' dir='ltr'><strong>mandamus,</strong></span> <span class='ocrx_word' id='word_1_150' title='bbox 1035 2915 1185 2998; x_wconf 88' lang='lat' dir='ltr'><strong>quatinus</strong></span> <span class='ocrx_word' id='word_1_151' title='bbox 1218 2915 1364 3000; x_wconf 88' lang='lat' dir='ltr'><strong>partibus</strong></span> <span class='ocrx_word' id='word_1_152' title='bbox 1398 2916 1584 2980; x_wconf 87' lang='lat' dir='ltr'><strong>convocatis</strong></span> 
     </span>
     <span class='ocr_line' id='line_1_21' title="bbox 248 3019 1583 3109; baseline -0.001 -23"><span class='ocrx_word' id='word_1_153' title='bbox 248 3021 364 3087; x_wconf 86' lang='lat' dir='ltr'><strong>audias</strong></span> <span class='ocrx_word' id='word_1_154' title='bbox 396 3043 525 3087; x_wconf 85' lang='lat' dir='ltr'><strong>causam</strong></span> <span class='ocrx_word' id='word_1_155' title='bbox 550 3030 582 3088; x_wconf 87' lang='lat' dir='ltr'><strong>et</strong></span> <span class='ocrx_word' id='word_1_156' title='bbox 605 3023 823 3109; x_wconf 86' lang='lat' dir='ltr'><strong>appellatione</strong></span> <span class='ocrx_word' id='word_1_157' title='bbox 855 3030 980 3087; x_wconf 90' lang='lat' dir='ltr'><strong>remota</strong></span> <span class='ocrx_word' id='word_1_158' title='bbox 1013 3022 1123 3088; x_wconf 91' lang='lat' dir='ltr'><strong>debito</strong></span> <span class='ocrx_word' id='word_1_159' title='bbox 1156 3022 1218 3086; x_wconf 89' lang='lat' dir='ltr'><strong>line</strong></span> <span class='ocrx_word' id='word_1_160' title='bbox 1247 3019 1459 3088; x_wconf 89' lang='lat' dir='ltr'><strong>decidas...</strong></span> <span class='ocrx_word' id='word_1_161' title='bbox 1507 3023 1583 3085; x_wconf 89' lang='lat' dir='ltr'><strong>Dat.</strong></span> 
     </span>
     <span class='ocr_line' id='line_1_22' title="bbox 249 3129 1027 3214; baseline 0.001 -22"><span class='ocrx_word' id='word_1_162' title='bbox 249 3130 341 3193; x_wconf 77' lang='lat' dir='ltr'><strong>rivin.</strong></span> <span class='ocrx_word' id='word_1_163' title='bbox 369 3130 400 3194; x_wconf 94' lang='lat' dir='ltr'><strong>ll</strong></span> <span class='ocrx_word' id='word_1_164' title='bbox 425 3129 470 3194; x_wconf 88' lang='lat' dir='ltr'><strong>kl.</strong></span> <span class='ocrx_word' id='word_1_165' title='bbox 495 3131 601 3194; x_wconf 89' lang='lat' dir='ltr'><strong>martii</strong></span> <span class='ocrx_word' id='word_1_166' title='bbox 625 3151 657 3214; x_wconf 92' lang='lat' dir='ltr'><strong>p.</strong></span> <span class='ocrx_word' id='word_1_167' title='bbox 674 3151 705 3194; x_wconf 92' lang='lat' dir='ltr'><strong>n.</strong></span> <span class='ocrx_word' id='word_1_168' title='bbox 721 3152 750 3194; x_wconf 91' lang='lat' dir='ltr'><strong>a.</strong></span> <span class='ocrx_word' id='word_1_169' title='bbox 774 3129 1027 3212; x_wconf 87' lang='lat' dir='ltr'><strong>quartodecimo.</strong></span> 
     </span>
    </p>
   </div>
   <div class='ocr_carea' id='block_1_8' title="bbox 435 3269 1585 3342">
    <p class='ocr_par' dir='ltr' id='par_1_10' title="bbox 435 3269 1585 3342">
     <span class='ocr_line' id='line_1_23' title="bbox 435 3269 1585 3342; baseline -0.003 -16"><span class='ocrx_word' id='word_1_170' title='bbox 435 3272 484 3326; x_wconf 86' lang='lat' dir='ltr'><strong>Or.</strong></span> <span class='ocrx_word' id='word_1_171' title='bbox 504 3273 628 3327; x_wconf 84' lang='lat' dir='ltr'><strong>membr.</strong></span> <span class='ocrx_word' id='word_1_172' title='bbox 647 3272 772 3339; x_wconf 84' lang='lat' dir='ltr'><strong>plumbo</strong></span> <span class='ocrx_word' id='word_1_173' title='bbox 791 3272 848 3326; x_wconf 88' lang='lat' dir='ltr'><strong>del.</strong></span> <span class='ocrx_word' id='word_1_174' title='bbox 874 3271 938 3326; x_wconf 79' lang='lat' dir='ltr'><strong>Sub</strong></span> <span class='ocrx_word' id='word_1_175' title='bbox 954 3272 1040 3342; x_wconf 81' lang='lat' dir='ltr'><strong>plica</strong></span> <span class='ocrx_word' id='word_1_176' title='bbox 1059 3271 1101 3326; x_wconf 85' lang='lat' dir='ltr'><strong>ud</strong></span> <span class='ocrx_word' id='word_1_177' title='bbox 1120 3269 1240 3325; x_wconf 66' lang='lat' dir='ltr'><strong>sinistre</strong></span> <span class='ocrx_word' id='word_1_178' title='bbox 1258 3269 1347 3325; x_wconf 79' lang='lat' dir='ltr'><strong>nibil.</strong></span> <span class='ocrx_word' id='word_1_179' title='bbox 1385 3271 1422 3324; x_wconf 81' lang='lat' dir='ltr'><strong>In</strong></span> <span class='ocrx_word' id='word_1_180' title='bbox 1440 3269 1523 3338; x_wconf 82' lang='lat' dir='ltr'><strong>plica</strong></span> <span class='ocrx_word' id='word_1_181' title='bbox 1543 3271 1585 3323; x_wconf 86' lang='lat' dir='ltr'><strong>ud</strong></span> 
     </span>
    </p>
   </div>
   <div class='ocr_carea' id='block_1_9' title="bbox 434 3359 1584 3487">
    <p class='ocr_par' dir='ltr' id='par_1_11' title="bbox 434 3359 1584 3487">
     <span class='ocr_line' id='line_1_24' title="bbox 434 3359 1584 3487; baseline 0 -37"><span class='ocrx_word' id='word_1_182' title='bbox 434 3398 546 3450; x_wconf 64' lang='lat' dir='ltr'><strong>derra:</strong></span> <span class='ocrx_word' id='word_1_183' title='bbox 575 3359 672 3487; x_wconf 23' lang='lat'>10²⁶&amp;</span> <span class='ocrx_word' id='word_1_184' title='bbox 705 3396 741 3449; x_wconf 72' lang='lat' dir='ltr'><strong>ra</strong></span> <span class='ocrx_word' id='word_1_185' title='bbox 760 3397 871 3451; x_wconf 71' lang='lat' dir='ltr'><strong>dorso:</strong></span> <span class='ocrx_word' id='word_1_186' title='bbox 897 3359 1209 3487; x_wconf 47' lang='lat' dir='ltr'><strong>Fll¹¹⁰⁰0ffiss¹²l¹¹b</strong></span> <span class='ocrx_word' id='word_1_187' title='bbox 1243 3425 1275 3435; x_wconf 91' lang='lat'><em>-</em></span> <span class='ocrx_word' id='word_1_188' title='bbox 1309 3397 1458 3450; x_wconf 72' lang='lat' dir='ltr'><strong>munster.</strong></span> <span class='ocrx_word' id='word_1_189' title='bbox 1494 3395 1584 3450; x_wconf 74' lang='lat' dir='ltr'><strong>Arcu.</strong></span> 
     </span>
    </p>
   </div>
   <div class='ocr_carea' id='block_1_10' title="bbox 427 3521 917 3592">
    <p class='ocr_par' dir='ltr' id='par_1_12' title="bbox 427 3521 917 3592">
     <span class='ocr_line' id='line_1_25' title="bbox 427 3521 917 3592; baseline 0.004 -18"><span class='ocrx_word' id='word_1_190' title='bbox 427 3537 489 3591; x_wconf 77' lang='lat' dir='ltr'><strong>rep.</strong></span> <span class='ocrx_word' id='word_1_191' title='bbox 509 3521 588 3592; x_wconf 73' lang='lat' dir='ltr'><strong>suist</strong></span> <span class='ocrx_word' id='word_1_192' title='bbox 608 3521 787 3591; x_wconf 79' lang='lat' dir='ltr'><strong>Geueleberp</strong></span> <span class='ocrx_word' id='word_1_193' title='bbox 806 3537 853 3575; x_wconf 86' lang='lat' dir='ltr'><strong>nr.</strong></span> <span class='ocrx_word' id='word_1_194' title='bbox 872 3523 917 3576; x_wconf 83' lang='grc'><strong>65.</strong></span> 
     </span>
    </p>
   </div>
   <div class='ocr_carea' id='block_1_11' title="bbox 358 3828 963 3916">
    <p class='ocr_par' dir='ltr' id='par_1_13' title="bbox 358 3828 963 3916">
     <span class='ocr_line' id='line_1_26' title="bbox 358 3828 963 3916; baseline -0.003 -21"><span class='ocrx_word' id='word_1_195' title='bbox 358 3829 476 3895; x_wconf 80' lang='grc'><strong>1861.</strong></span> <span class='ocrx_word' id='word_1_196' title='bbox 508 3831 595 3893; x_wconf 83' lang='grc'><em>1330</em></span> <span class='ocrx_word' id='word_1_197' title='bbox 618 3831 716 3894; x_wconf 84' lang='lat' dir='ltr'><strong>Mdrz</strong></span> <span class='ocrx_word' id='word_1_198' title='bbox 739 3831 771 3896; x_wconf 88' lang='lat'><strong>9.</strong></span> <span class='ocrx_word' id='word_1_199' title='bbox 796 3828 963 3916; x_wconf 81' lang='lat' dir='ltr'><strong>Avipnon.</strong></span> 
     </span>
    </p>
   </div>
   <div class='ocr_carea' id='block_1_12' title="bbox 249 3969 1586 4892">
    <p class='ocr_par' dir='ltr' id='par_1_14' title="bbox 249 3969 1586 4696">
     <span class='ocr_line' id='line_1_27' title="bbox 358 3969 1586 4057; baseline -0.002 -21"><span class='ocrx_word' id='word_1_200' title='bbox 358 3970 518 4037; x_wconf 87' lang='lat' dir='ltr'><strong>lohannes</strong></span> <span class='ocrx_word' id='word_1_201' title='bbox 540 3971 639 4036; x_wconf 88' lang='lat' dir='ltr'><strong>XXll</strong></span> <span class='ocrx_word' id='word_1_202' title='bbox 663 3971 759 4036; x_wconf 84' lang='lat' dir='ltr'><strong>Petro</strong></span> <span class='ocrx_word' id='word_1_203' title='bbox 788 3971 829 4035; x_wconf 92' lang='lat' dir='ltr'><strong>de</strong></span> <span class='ocrx_word' id='word_1_204' title='bbox 858 3970 1048 4037; x_wconf 86' lang='lat' dir='ltr'><strong>Unkelbach</strong></span> <span class='ocrx_word' id='word_1_205' title='bbox 1081 3971 1259 4057; x_wconf 84' lang='lat' dir='ltr'><strong>presbitero</strong></span> <span class='ocrx_word' id='word_1_206' title='bbox 1289 3969 1399 4037; x_wconf 82' lang='lat' dir='ltr'><strong>Colon.</strong></span> <span class='ocrx_word' id='word_1_207' title='bbox 1429 3969 1514 4035; x_wconf 90' lang='lat' dir='ltr'><strong>dioc.</strong></span> <span class='ocrx_word' id='word_1_208' title='bbox 1538 3989 1586 4034; x_wconf 84' lang='lat' dir='ltr'><strong>re-</strong></span> 
     </span>
     <span class='ocr_line' id='line_1_28' title="bbox 249 4075 1585 4160; baseline -0.004 -15"><span class='ocrx_word' id='word_1_209' title='bbox 249 4085 359 4145; x_wconf 89' lang='lat' dir='ltr'><strong>servat</strong></span> <span class='ocrx_word' id='word_1_210' title='bbox 389 4077 577 4143; x_wconf 88' lang='lat' dir='ltr'><strong>beneficium</strong></span> <span class='ocrx_word' id='word_1_211' title='bbox 610 4077 865 4144; x_wconf 87' lang='lat' dir='ltr'><strong>ecclesiasticum</strong></span> <span class='ocrx_word' id='word_1_212' title='bbox 897 4099 967 4142; x_wconf 81' lang='lat' dir='ltr'><strong>cunr</strong></span> <span class='ocrx_word' id='word_1_213' title='bbox 997 4099 1074 4143; x_wconf 86' lang='lat' dir='ltr'><strong>cura</strong></span> <span class='ocrx_word' id='word_1_214' title='bbox 1102 4078 1152 4142; x_wconf 92' lang='lat' dir='ltr'><strong>vel</strong></span> <span class='ocrx_word' id='word_1_215' title='bbox 1181 4080 1250 4143; x_wconf 90' lang='lat' dir='ltr'><strong>sinc</strong></span> <span class='ocrx_word' id='word_1_216' title='bbox 1279 4098 1356 4142; x_wconf 85' lang='lat' dir='ltr'><strong>cura</strong></span> <span class='ocrx_word' id='word_1_217' title='bbox 1384 4075 1426 4141; x_wconf 88' lang='lat' dir='ltr'><strong>ad</strong></span> <span class='ocrx_word' id='word_1_218' title='bbox 1451 4075 1585 4160; x_wconf 89' lang='lat' dir='ltr'><strong>disposi-</strong></span> 
     </span>
     <span class='ocr_line' id='line_1_29' title="bbox 250 4183 1584 4271; baseline -0.003 -19"><span class='ocrx_word' id='word_1_219' title='bbox 250 4188 368 4252; x_wconf 89' lang='lat' dir='ltr'><strong>tionem</strong></span> <span class='ocrx_word' id='word_1_220' title='bbox 399 4186 553 4271; x_wconf 89' lang='lat' dir='ltr'><strong>prepositi</strong></span> <span class='ocrx_word' id='word_1_221' title='bbox 578 4191 610 4250; x_wconf 87' lang='lat' dir='ltr'><strong>et</strong></span> <span class='ocrx_word' id='word_1_222' title='bbox 634 4185 748 4251; x_wconf 90' lang='lat' dir='ltr'><strong>decani</strong></span> <span class='ocrx_word' id='word_1_223' title='bbox 773 4205 814 4250; x_wconf 88' lang='lat' dir='ltr'><strong>ac</strong></span> <span class='ocrx_word' id='word_1_224' title='bbox 838 4185 970 4270; x_wconf 90' lang='lat' dir='ltr'><strong>capituli</strong></span> <span class='ocrx_word' id='word_1_225' title='bbox 995 4185 1131 4250; x_wconf 87' lang='lat' dir='ltr'><strong>ecclesie</strong></span> <span class='ocrx_word' id='word_1_226' title='bbox 1155 4183 1341 4250; x_wconf 85' lang='lat' dir='ltr'><strong>Wcrdcnsis</strong></span> <span class='ocrx_word' id='word_1_227' title='bbox 1365 4183 1475 4248; x_wconf 85' lang='lat' dir='ltr'><strong>Colon.</strong></span> <span class='ocrx_word' id='word_1_228' title='bbox 1500 4183 1584 4248; x_wconf 88' lang='lat' dir='ltr'><strong>dioc.</strong></span> 
     </span>
     <span class='ocr_line' id='line_1_30' title="bbox 251 4289 1584 4377; baseline -0.005 -19"><span class='ocrx_word' id='word_1_229' title='bbox 251 4294 459 4358; x_wconf 89' lang='lat' dir='ltr'><strong>communiter</strong></span> <span class='ocrx_word' id='word_1_230' title='bbox 482 4292 533 4357; x_wconf 87' lang='lat' dir='ltr'><strong>vel</strong></span> <span class='ocrx_word' id='word_1_231' title='bbox 558 4291 685 4356; x_wconf 85' lang='lat' dir='ltr'><strong>divisim</strong></span> <span class='ocrx_word' id='word_1_232' title='bbox 711 4292 884 4377; x_wconf 85' lang='lat' dir='ltr'><strong>pertinens,</strong></span> <span class='ocrx_word' id='word_1_233' title='bbox 919 4292 1008 4356; x_wconf 88' lang='lat' dir='ltr'><strong>cuius</strong></span> <span class='ocrx_word' id='word_1_234' title='bbox 1032 4291 1164 4373; x_wconf 78' lang='lat' dir='ltr'><strong>fructus,</strong></span> <span class='ocrx_word' id='word_1_235' title='bbox 1198 4293 1320 4357; x_wconf 90' lang='lat' dir='ltr'><strong>sicum</strong></span> <span class='ocrx_word' id='word_1_236' title='bbox 1346 4311 1431 4363; x_wconf 87' lang='lat' dir='ltr'><strong>nura,</strong></span> <span class='ocrx_word' id='word_1_237' title='bbox 1459 4289 1584 4374; x_wconf 87' lang='lat' dir='ltr'><strong>viginti,</strong></span> 
     </span>
     <span class='ocr_line' id='line_1_31' title="bbox 249 4396 1585 4483; baseline -0.003 -19"><span class='ocrx_word' id='word_1_238' title='bbox 249 4401 277 4464; x_wconf 85' lang='lat' dir='ltr'><strong>si</strong></span> <span class='ocrx_word' id='word_1_239' title='bbox 293 4420 370 4464; x_wconf 88' lang='lat' dir='ltr'><strong>vero</strong></span> <span class='ocrx_word' id='word_1_240' title='bbox 393 4402 462 4465; x_wconf 91' lang='lat' dir='ltr'><strong>siue</strong></span> <span class='ocrx_word' id='word_1_241' title='bbox 478 4421 556 4465; x_wconf 89' lang='lat' dir='ltr'><strong>cura</strong></span> <span class='ocrx_word' id='word_1_242' title='bbox 579 4399 688 4479; x_wconf 81' lang='lat' dir='ltr'><strong>fuerit,</strong></span> <span class='ocrx_word' id='word_1_243' title='bbox 712 4397 895 4481; x_wconf 87' lang='lat' dir='ltr'><strong>quindecim</strong></span> <span class='ocrx_word' id='word_1_244' title='bbox 920 4397 1120 4463; x_wconf 86' lang='lat' dir='ltr'><strong>marcharum</strong></span> <span class='ocrx_word' id='word_1_245' title='bbox 1146 4399 1271 4483; x_wconf 87' lang='lat' dir='ltr'><strong>argenti</strong></span> <span class='ocrx_word' id='word_1_246' title='bbox 1296 4396 1469 4464; x_wconf 86' lang='lat' dir='ltr'><strong>seeundum</strong></span> <span class='ocrx_word' id='word_1_247' title='bbox 1496 4406 1585 4461; x_wconf 81' lang='lat' dir='ltr'><strong>taxa·</strong></span> 
     </span>
     <span class='ocr_line' id='line_1_32' title="bbox 251 4501 1584 4587; baseline -0.004 -16"><span class='ocrx_word' id='word_1_248' title='bbox 251 4507 369 4572; x_wconf 90' lang='lat' dir='ltr'><strong>tionem</strong></span> <span class='ocrx_word' id='word_1_249' title='bbox 398 4507 522 4572; x_wconf 92' lang='lat' dir='ltr'><strong>decime</strong></span> <span class='ocrx_word' id='word_1_250' title='bbox 551 4507 692 4571; x_wconf 89' lang='lat' dir='ltr'><strong>valorem</strong></span> <span class='ocrx_word' id='word_1_251' title='bbox 721 4525 859 4570; x_wconf 89' lang='lat' dir='ltr'><strong>annuum</strong></span> <span class='ocrx_word' id='word_1_252' title='bbox 890 4524 953 4569; x_wconf 90' lang='lat' dir='ltr'><strong>non</strong></span> <span class='ocrx_word' id='word_1_253' title='bbox 978 4503 1149 4587; x_wconf 84' lang='lat' dir='ltr'><strong>excedunt,</strong></span> <span class='ocrx_word' id='word_1_254' title='bbox 1182 4525 1245 4568; x_wconf 92' lang='lat' dir='ltr'><strong>non</strong></span> <span class='ocrx_word' id='word_1_255' title='bbox 1269 4505 1417 4570; x_wconf 88' lang='lat' dir='ltr'><strong>obstante</strong></span> <span class='ocrx_word' id='word_1_256' title='bbox 1441 4501 1526 4586; x_wconf 79' lang='lat' dir='ltr'><strong>qrrod</strong></span> <span class='ocrx_word' id='word_1_257' title='bbox 1551 4502 1584 4567; x_wconf 90' lang='lat' dir='ltr'><strong>in</strong></span> 
     </span>
     <span class='ocr_line' id='line_1_33' title="bbox 250 4610 1523 4696; baseline -0.003 -19"><span class='ocrx_word' id='word_1_258' title='bbox 250 4613 329 4677; x_wconf 89' lang='lat' dir='ltr'><strong>eccl.</strong></span> <span class='ocrx_word' id='word_1_259' title='bbox 356 4612 561 4696; x_wconf 78' lang='lat' dir='ltr'><strong>Vclclringen,</strong></span> <span class='ocrx_word' id='word_1_260' title='bbox 586 4614 718 4678; x_wconf 86' lang='lat' dir='ltr'><strong>Trever.</strong></span> <span class='ocrx_word' id='word_1_261' title='bbox 744 4612 829 4677; x_wconf 90' lang='lat' dir='ltr'><strong>dioc.</strong></span> <span class='ocrx_word' id='word_1_262' title='bbox 853 4612 958 4676; x_wconf 88' lang='lat' dir='ltr'><strong>altare</strong></span> <span class='ocrx_word' id='word_1_263' title='bbox 981 4611 1015 4677; x_wconf 86' lang='lat' dir='ltr'><strong>S.</strong></span> <span class='ocrx_word' id='word_1_264' title='bbox 1042 4611 1173 4695; x_wconf 84' lang='lat' dir='ltr'><strong>Georgii</strong></span> <span class='ocrx_word' id='word_1_265' title='bbox 1197 4613 1266 4675; x_wconf 86' lang='lat' dir='ltr'><strong>sine</strong></span> <span class='ocrx_word' id='word_1_266' title='bbox 1290 4631 1366 4676; x_wconf 90' lang='lat' dir='ltr'><strong>cura</strong></span> <span class='ocrx_word' id='word_1_267' title='bbox 1390 4610 1523 4676; x_wconf 89' lang='lat' dir='ltr'><strong>obtinet.</strong></span> 
     </span>
    </p>

    <p class='ocr_par' dir='ltr' id='par_1_15' title="bbox 250 4716 1582 4892">
     <span class='ocr_line' id='line_1_34' title="bbox 358 4716 1582 4803; baseline -0.002 -20"><span class='ocrx_word' id='word_1_268' title='bbox 358 4719 578 4803; x_wconf 80' lang='lat' dir='ltr'><strong>suffragantia</strong></span> <span class='ocrx_word' id='word_1_269' title='bbox 601 4721 661 4785; x_wconf 87' lang='lat' dir='ltr'><strong>tibi</strong></span> <span class='ocrx_word' id='word_1_270' title='bbox 685 4718 800 4785; x_wconf 86' lang='lat' dir='ltr'><strong>merita</strong></span> <span class='ocrx_word' id='word_1_271' title='bbox 818 4768 825 4784; x_wconf 93' lang='lat'><strong>.</strong></span> <span class='ocrx_word' id='word_1_272' title='bbox 843 4766 877 4784; x_wconf 88' lang='lat'><strong>..</strong></span> <span class='ocrx_word' id='word_1_273' title='bbox 914 4719 989 4784; x_wconf 87' lang='lat' dir='ltr'><strong>Dat.</strong></span> <span class='ocrx_word' id='word_1_274' title='bbox 1015 4718 1106 4783; x_wconf 85' lang='lat' dir='ltr'><strong>Avin.</strong></span> <span class='ocrx_word' id='word_1_275' title='bbox 1124 4718 1184 4782; x_wconf 94' lang='lat' dir='ltr'><strong>Vll</strong></span> <span class='ocrx_word' id='word_1_276' title='bbox 1209 4716 1281 4783; x_wconf 90' lang='lat' dir='ltr'><strong>idus</strong></span> <span class='ocrx_word' id='word_1_277' title='bbox 1304 4718 1409 4782; x_wconf 88' lang='lat' dir='ltr'><strong>martii</strong></span> <span class='ocrx_word' id='word_1_278' title='bbox 1434 4739 1463 4782; x_wconf 88' lang='lat' dir='ltr'><strong>n.</strong></span> <span class='ocrx_word' id='word_1_279' title='bbox 1489 4737 1582 4799; x_wconf 87' lang='lat' dir='ltr'><strong>quar-</strong></span> 
     </span>
     <span class='ocr_line' id='line_1_35' title="bbox 250 4826 420 4892; baseline -0.012 0"><span class='ocrx_word' id='word_1_280' title='bbox 250 4826 420 4892; x_wconf 90' lang='lat' dir='ltr'><strong>todeoimo.</strong></span> 
     </span>
    </p>
   </div>
   <div class='ocr_carea' id='block_1_13' title="bbox 0 0 1831 5509">
    <p class='ocr_par' dir='ltr' id='par_1_16' title="bbox 0 0 1831 5509">
     <span class='ocr_line' id='line_1_36' title="bbox 0 0 1831 5509; baseline 0 0"><span class='ocrx_word' id='word_1_281' title='bbox 0 0 1831 5509; x_wconf 95' lang='lat' dir='ltr'><strong> </strong></span> 
     </span>
    </p>
   </div>
  </div>
 </body>
</html>
