3642 5509
773 455 842 509 1327
860 451 924 510 Juli
945 453 987 509 13.
1513 455 1550 510 49

217 632 411 716 continebat,
448 633 534 716 quod
557 640 593 699 tn
620 634 693 699 olim
727 654 785 719 pro
819 633 1007 701 defensione
1041 642 1105 700 tam
1139 636 1360 704 ecclesiastice
1390 635 1549 703 libertatis

217 758 310 821 quam
335 741 489 806 bonorum
514 747 546 806 et
569 741 683 806 iurinm
708 740 750 806 ad
775 748 806 807 te
829 743 1042 826 spectantium
1067 742 1100 806 in
1124 743 1267 826 pluribus
1291 744 1496 827 exercitibus,
1517 747 1549 810 in

218 847 331 928 quibus
351 840 485 912 'fuerunt
508 848 719 913 membrorum
744 849 960 914 mutilationes
984 848 1120 915 lesiones
1144 869 1289 916 enormes
1314 856 1346 916 et
1375 851 1549 916 homicidia

217 953 352 1036 plurima
382 961 578 1039 perpetrata,
612 955 797 1030 interfuisti,
830 955 907 1020 lieet
940 955 1060 1020 nullum
1093 956 1172 1020 inibi
1196 956 1353 1022 hominem
1379 961 1549 1023 enormiter

218 1060 327 1126 leseris
351 1081 412 1125 nec
435 1062 532 1127 etiam
556 1061 723 1127 mutilaris.
757 1061 862 1138 Quare
887 1062 978 1127 nobis
1002 1061 1163 1127 humiliter
1179 1065 1378 1148 supplicasti,
1403 1073 1438 1129 ut
1454 1085 1550 1150 snper

217 1167 464 1250 irregularitate,
500 1170 527 1234 si
561 1188 655 1251 qnam
686 1175 858 1254 propterea
891 1170 1089 1251 contraxisti,
1126 1170 1213 1252 qnod
1237 1171 1279 1235 ad
1304 1171 1494 1238 diaconatus
1518 1181 1550 1238 et

217 1281 249 1338 et
272 1276 504 1360 presbiteratus
527 1276 656 1342 ordines
680 1278 860 1362 promoveri
878 1278 959 1341 etin
978 1277 1157 1342 huiusmodi
1183 1277 1347 1344 ordinibus
1370 1279 1550 1344 ministrare

152 1440 157 1449 .
218 1389 249 1446 et
273 1401 471 1466 quecumque
495 1384 560 1449 alia
583 1385 738 1450 beneficia
767 1433 775 1449 .
803 1432 809 1444 .
837 1433 845 1448 .
873 1385 972 1449 libere
997 1385 1140 1469 recipere
1164 1394 1196 1450 et
1220 1386 1309 1451 licite
1333 1387 1471 1452 retinere
1496 1409 1550 1452 va·

218 1489 309 1571 leres,
333 1491 497 1574 premissis
521 1510 723 1573 nequaquam
748 1493 962 1572 obstantibus,
992 1541 997 1554 .
1022 1541 1029 1554 .
1053 1541 1061 1556 .
1090 1500 1195 1556 tecum
1219 1492 1407 1578 dispensare
1431 1494 1550 1560 miseri-

218 1595 357 1661 corditer
386 1595 601 1681 dignaremur.
649 1599 715 1665 Nos
744 1599 842 1681 igitur
865 1647 872 1662 .
892 1647 898 1660 .
918 1648 925 1661 .
947 1608 1051 1663 tecum
1070 1649 1077 1662 .
1095 1647 1102 1662 .
1120 1598 1342 1683 dispensamus
1367 1648 1425 1664 ...
1473 1602 1549 1666 Dat.

218 1703 311 1768 Avin.
339 1705 385 1767 lll
410 1704 482 1769 idus
505 1706 573 1769 iulii
597 1727 626 1769 a.
650 1705 830 1771 undecimo.

367 1846 439 1915 Rep.
458 1848 494 1900 84
512 1849 537 1916 f.
555 1847 621 1901 359¹
639 1863 687 1901 nr.
706 1847 792 1904 2930.

324 2136 445 2203 1228.
481 2137 568 2203 1327
592 2137 669 2204 Jazi
693 2139 745 2203 13.
780 2135 945 2225 deipnos.

326 2280 483 2346 lohannes
507 2281 606 2346 XXII
640 2279 815 2366 Reynardo
839 2280 880 2347 de
905 2282 1116 2366 Westerbnrg
1148 2282 1274 2348 confert
1306 2283 1386 2349 eccl.
1419 2283 1551 2350 Traiec-

217 2387 318 2453 tensis
341 2389 564 2454 canonicatum
594 2387 856 2473 prebendamque
878 2395 1033 2464 reservat,
1062 2409 1126 2453 non
1150 2389 1298 2455 obstante
1324 2389 1411 2472 qnod
1434 2392 1466 2456 in
1490 2390 1549 2457 00-

217 2494 352 2561 loniensi
375 2503 408 2560 et
431 2495 623 2560 Treverensi
652 2515 691 2561 ac
714 2496 877 2560 Bunnensi
910 2497 1118 2561 canonicatus
1150 2502 1183 2561 et
1216 2496 1398 2581 prebendas
1426 2497 1551 2564 obtinet

218 2608 251 2667 ct
274 2602 307 2666 in
330 2601 419 2668 dicta
435 2603 627 2668 Treverensi
651 2604 730 2668 ecel.
755 2602 814 2668 sub
839 2603 1064 2687 expectatione
1087 2602 1257 2686 dignitatis
1279 2623 1335 2668 seu
1359 2611 1550 2690 personatus

219 2707 271 2774 rel
295 2709 390 2774 officii
415 2709 575 2776 admissus
599 2717 659 2777 est.

325 2817 485 2884 Nobilitas
509 2818 647 2902 generis,
682 2818 748 2884 vite
771 2837 811 2882 aa
835 2837 956 2883 morum
985 2817 1136 2883 honestas
1280 2818 1356 2883 Dat.
1380 2817 1476 2885 Avin.
1499 2818 1550 2884 Ill

218 2923 290 2991 idus
314 2925 383 2990 iulii
407 2947 437 2991 a.
461 2925 640 2991 undecimo.

325 3032 362 3097 in
386 3051 414 3096 e.
436 3053 477 3096 m.
503 3031 535 3097 S.
560 3032 707 3101 Severini
731 3038 764 3097 et
788 3032 821 3097 S.
845 3031 946 3096 Maria
969 3030 1013 3097 ad
1035 3031 1156 3114 gradus
1181 3032 1291 3098 Colon.
1316 3033 1488 3118 prepositis
1511 3053 1550 3100 ac

218 3138 388 3205 Ambrosio
411 3138 452 3204 de
475 3138 658 3205 Mediolano
682 3140 837 3206 canonico
858 3138 1106 3204 Mediolanensis
1129 3139 1346 3204 ecclesiarum.

367 3283 441 3352 Rap.
459 3284 497 3335 84
514 3282 539 3352 f.
559 3281 624 3337 360¹
641 3297 689 3336 or.
708 3281 793 3336 2909.

325 3573 446 3641 1224.
473 3577 559 3641 1327
583 3575 660 3642 Jozt
685 3578 737 3642 13.
771 3573 938 3663 Aviprson.

323 3717 483 3784 Iohannes
511 3717 610 3784 XXII
644 3738 716 3784 cum
746 3717 929 3783 Hermanno
962 3716 1004 3783 de
1037 3717 1252 3803 Burincheym
1285 3723 1410 3784 rectore
1441 3737 1550 3803 parro-

219 3823 333 3890 chialis
356 3826 493 3891 ecclesie
517 3824 558 3891 de
581 3825 730 3891 Inferiori
753 3825 889 3890 anzint
905 3825 1037 3890 Trever.
1062 3823 1145 3890 dioc.
1169 3824 1344 3910 dispensat,
1369 3832 1405 3890 ut
1427 3825 1551 3890 ratione

219 3933 430 4018 parrochialis
454 3933 590 3998 ecclesie
615 3932 655 3998 de
679 3932 826 3998 Inferiori
849 3931 996 4015 Lnezint,
1026 3951 1120 4014 qnam
1144 3933 1277 4016 obtinet,
1306 3929 1473 4015 usquead
1497 3932 1552 3996 tri·

219 4041 346 4105 ennIum
371 4039 414 4105 ad
439 4040 630 4105 diaconatus
654 4047 687 4105 et
710 4039 942 4125 presbiteratus
974 4038 1103 4105 ordines
1136 4040 1316 4125 promoveri
1349 4039 1478 4105 minime
1507 4045 1553 4104 te·

218 4155 343 4229 meatur,
379 4145 551 4212 dnmmodo
584 4146 669 4213 inira
701 4166 819 4211 annum
853 4147 886 4210 in
918 4144 1149 4211 subdiaconum
1173 4164 1208 4211 se
1231 4145 1333 4211 faciat
1360 4147 1551 4231 promoveri,

219 4255 347 4338 proviso
372 4254 457 4335 quod
482 4253 570 4319 dicta
593 4255 732 4320 eeclesia
758 4255 885 4319 interim
914 4252 1033 4319 debitis
1056 4273 1119 4318 non
1142 4250 1310 4318 fraudetur
1333 4252 1496 4335 obsequiis
1520 4260 1553 4317 et

219 4361 395 4425 animarum
420 4382 497 4426 cura
520 4363 552 4425 in
577 4379 616 4427 ea
639 4361 819 4427 nullatenus
842 4363 1036 4446 negligatur.

325 4467 545 4552 Suffragantia
578 4469 635 4534 tibi
666 4469 780 4535 merita
807 4517 813 4534 .
841 4517 848 4534 .
876 4517 883 4532 .
932 4469 1005 4533 Dat.
1030 4469 1124 4536 Avin.
1152 4468 1199 4533 [ΙΙ
1232 4465 1303 4532 idus
1335 4467 1403 4533 iulii
1432 4489 1462 4535 a.
1496 4488 1551 4533 un·

219 4575 355 4642 dealmo.

368 4720 441 4790 Ray.
461 4722 497 4774 84
514 4718 539 4789 f.
559 4719 596 4774 19
612 4735 660 4774 nr.
679 4719 765 4774 2046.

274 4909 394 4956 varstan.
408 4911 534 4965 Ragastan
549 4909 580 4955 11.
