3642 5509
750 409 819 465 1367
838 407 1012 467 November
1030 411 1055 465 6.
1504 413 1557 468 535

224 590 463 676 oppressionem
487 592 591 657 vitare
614 591 766 658 volentes.
815 591 857 656 Et
891 591 1038 674 quamvis
1070 590 1156 656 idem
1185 592 1287 657 abbas
1314 592 1462 678 primitus
1486 613 1557 658 cum

225 698 330 764 verbis
347 696 473 765 blandis
490 706 522 764 et
538 698 681 764 subdolis
697 708 814 764 aususa
839 697 953 764 fnisset
969 697 1132 784 predictos
1149 699 1294 765 homiues
1311 699 1449 766 educere
1465 708 1558 765 extra

224 804 385 871 fortalicia
412 805 608 892 supradicta,
643 812 687 889 ut,
722 811 815 891 prout
846 805 997 889 creditur,
1031 806 1131 871 libere
1160 826 1277 892 capere
1300 816 1410 892 posset
1434 827 1499 891 eos,
1523 806 1557 872 id

224 916 330 977 tamen
356 913 481 978 efficere
504 914 658 996 nequiens
679 920 813 979 conatus
830 913 890 978 luit
907 912 1027 978 dictum
1045 914 1281 997 monasterium,
1305 915 1336 978 in
1354 935 1416 998 quo
1432 913 1557 981 reducti

224 1028 316 1086 erant
345 1021 404 1106 ipsi
436 1020 589 1104 homines,
623 1027 657 1085 ut
680 1019 850 1105 prefertur,
886 1040 943 1105 pro
976 1018 1165 1086 defensione
1195 1021 1336 1106 ipsorum
1367 1041 1438 1086 cum
1469 1028 1558 1087 certa

224 1135 314 1212 parte
338 1148 441 1193 rerum
466 1147 604 1210 suarum,
635 1127 791 1193 violenter
822 1126 975 1194 invadere
999 1133 1031 1192 et
1056 1147 1126 1192 cum
1152 1126 1249 1193 dictis
1272 1130 1404 1196 armatis
1428 1129 1558 1214 eompli-

224 1235 314 1301 cibus
337 1237 403 1301 suis
427 1234 546 1301 dictum
571 1236 810 1317 monasterium,
834 1235 867 1299 in
884 1253 946 1317 qno
963 1241 1055 1301 erant
1076 1233 1174 1300 iidem
1191 1235 1346 1318 homines,
1370 1255 1557 1322 expugnare

224 1347 320 1423 atque
344 1363 461 1427 capere
485 1343 629 1409 homines
653 1341 845 1409 antedictos.
879 1343 1017 1427 Propter
1041 1342 1126 1424 quod
1143 1342 1223 1407 dicti
1243 1344 1358 1409 armati
1382 1345 1557 1409 existentes

224 1469 296 1513 cum
320 1450 438 1516 abbate
461 1450 616 1535 predicto,
641 1470 679 1516 eo
704 1469 829 1535 semper
852 1449 973 1515 ibidem
998 1456 1145 1534 presente
1174 1470 1245 1514 cum
1269 1449 1358 1516 dicto
1382 1451 1501 1516 vexillo
1525 1458 1558 1516 et

223 1556 302 1641 ipsis
326 1557 457 1623 armatis
481 1558 650 1623 assistente
679 1577 718 1622 ac
741 1555 789 1622 eis
812 1558 1038 1622 austeritatem
1062 1565 1095 1620 et
1118 1558 1262 1640 vigorem
1285 1564 1489 1643 procurante,
1513 1557 1556 1622 fe·

223 1670 334 1728 cerunt
367 1672 477 1729 contra
512 1663 641 1730 eosdem
675 1663 819 1729 homines
842 1665 874 1728 in
899 1664 969 1749 ipso
995 1663 1187 1729 monasterio
1212 1665 1387 1730 existentes
1411 1663 1558 1730 diversos

223 1791 294 1835 cum
330 1772 426 1836 armis
460 1772 595 1837 insultus
630 1770 817 1855 sagittando
855 1770 926 1836 illos
959 1790 1029 1835 cum
1064 1771 1189 1836 balistis
1221 1791 1339 1855 eorum,
1375 1779 1410 1836 ut
1441 1791 1557 1856 capere

222 1885 357 1963 possent
380 1880 477 1964 ipsos,
502 1886 534 1944 et
559 1880 590 1943 in
615 1878 692 1964 ipsis
715 1877 886 1944 insultibus
910 1897 991 1943 unus
1014 1897 1055 1942 ex
1085 1877 1265 1944 bominibus
1288 1879 1364 1944 ville
1387 1899 1427 1944 ac
1450 1899 1556 1944 mona-

222 1987 309 2052 sterii
343 1985 559 2072 predictorum
584 1985 693 2051 extitit
724 1984 914 2051 interfectus
946 1981 1101 2068 multique
1135 1985 1190 2050 alii
1214 1985 1304 2051 luere
1327 1987 1470 2070 graviter
1494 1986 1557 2050 vul·

222 2094 335 2158 nerati.
387 2093 514 2158 Deinde
547 2112 624 2157 vero
660 2091 744 2158 idem
780 2093 882 2158 abbas
917 2092 1063 2158 dolenter
1097 2093 1269 2177 aspiciens,
1304 2092 1390 2176 quod
1425 2090 1557 2159 eosdem

221 2199 366 2266 homines
389 2198 526 2266 indicto
550 2200 742 2265 monasterio
766 2200 943 2266 existentes
965 2219 1064 2282 seque
1088 2197 1298 2266 defendentes
1322 2201 1472 2266 evincere
1493 2219 1556 2266 non

222 2306 360 2390 valebat,
386 2329 457 2373 cum
481 2307 598 2373 vexillo
623 2313 655 2372 et
678 2307 881 2372 multitudine
905 2313 1098 2372 armatorum
1127 2306 1282 2392 predictis
1304 2306 1347 2373 ad
1371 2307 1479 2373 villam
1503 2327 1555 2372 ae·

222 2416 318 2481 cessit
341 2414 475 2480 eandem
492 2421 525 2480 et
549 2416 632 2480 bona
655 2414 794 2499 ipsorum
821 2413 982 2480 hominum
1006 2415 1038 2479 in
1062 2413 1176 2479 eodem
1200 2416 1392 2480 monasterio
1417 2413 1556 2480 existen-

222 2524 310 2605 tium,
342 2542 404 2604 que
432 2523 464 2587 in
494 2543 602 2587 eorum
634 2521 781 2587 domibus
812 2529 1042 2604 remanserant,
1072 2521 1142 2607 rapi
1166 2521 1261 2604 fecit,
1285 2523 1434 2588 mulieres
1457 2523 1554 2588 etiam

221 2629 253 2695 in
278 2630 447 2714 puerperio
472 2631 647 2696 existentes
671 2627 713 2694 de
736 2629 828 2695 lectis
851 2630 990 2714 propriis
1014 2627 1206 2713 expellendo
1229 2649 1286 2695 seu
1310 2628 1460 2695 faciendo
1484 2650 1556 2715 pro-

221 2736 308 2822 pelli.
356 2737 398 2801 Et
426 2735 553 2802 demum
583 2743 656 2821 post
684 2737 814 2821 rapinas
843 2735 1025 2802 huiusmodi
1052 2737 1115 2802 tuit
1146 2743 1235 2802 certa
1258 2756 1334 2821 pars
1357 2738 1458 2822 ipsius
1481 2737 1556 2802 ville

220 2843 369 2909 incendio
393 2845 478 2927 ignis
502 2843 669 2929 supposita
692 2842 853 2926 multoque
877 2842 992 2909 domus
1015 2849 1048 2908 et
1071 2843 1289 2909 habitationes
1312 2843 1455 2910 eiusdem
1481 2843 1555 2910 ville

223 2950 365 3016 totaliter
394 2951 559 3017 conibuste
587 2951 688 3026 fuere,
723 2970 858 3033 quarum
887 2951 994 3033 alique
1024 2949 1102 3016 dicti
1132 2951 1317 3017 monasterii
1340 2958 1373 3016 et
1397 2957 1556 3016 certarum

220 3077 427 3144 personarum
458 3058 749 3124 ecclesiasticarum
778 3055 910 3122 dominii
941 3057 1139 3139 existebant,
1178 3063 1211 3122 et
1234 3055 1320 3140 quod
1343 3058 1500 3142 premissa
1523 3063 1556 3122 et

220 3164 345 3251 singula
369 3166 400 3229 in
425 3164 488 3231 illis
512 3165 658 3250 partibus
681 3165 807 3230 notoria
832 3165 1015 3230 existebant
1038 3163 1188 3248 quodque
1212 3164 1388 3250 supradicti
1414 3163 1556 3231 decanus

221 3279 253 3338 et
277 3281 453 3338 conventus
486 3273 607 3338 dictum
641 3272 792 3338 abbatem
825 3271 996 3337 caritative
1020 3278 1220 3355 monuerant,
1249 3278 1284 3336 ut
1307 3290 1343 3337 se
1365 3292 1462 3357 snper
1485 3290 1556 3356 pre-

221 3379 318 3447 dictis
341 3379 518 3464 corrigeret
547 3399 586 3446 ac
610 3378 796 3445 emendaret
819 3378 989 3462 forefacta,
1018 3378 1077 3445 sed
1100 3378 1170 3464 ipse
1193 3379 1255 3445 hec
1284 3377 1411 3444 efficere
1435 3385 1554 3464 preter·

220 3489 321 3570 misit3
347 3495 379 3553 et
403 3486 488 3570 quod
512 3488 581 3572 ipse
605 3486 706 3553 abbas
730 3494 860 3572 propter
883 3486 1085 3552 adustionem
1109 3486 1222 3552 domus
1238 3485 1403 3552 cuiusdam
1420 3504 1555 3570 persone

220 3595 440 3663 ecclesiastice
465 3593 551 3660 dicte
575 3593 650 3663 ville
674 3614 732 3679 per
755 3592 908 3660 dilectum
933 3593 1031 3659 tilium
1053 3593 1272 3659 ..officialem
1295 3593 1549 3660 Leodiensem-

220 3723 282 3769 non
306 3723 346 3768 ex
370 3701 575 3785 delegatione
605 3701 844 3786 apostolica-
867 3701 929 3767 rite
961 3701 1024 3766 fuit
1057 3700 1240 3767 declaratus
1268 3699 1442 3767 secundum
1466 3707 1555 3766 certa

220 3816 341 3875 statuta
365 3808 534 3894 synodalia
558 3807 757 3894 episcopalia
779 3807 976 3874 Leodiensia
1000 3807 1340 3874 excommunicationis
1362 3807 1554 3874 sententiam

219 3917 390 3983 incurrisse
413 3926 446 3982 et
469 3916 763 3982 excommunicatus
787 3915 921 4001 proinde
950 3916 1077 4001 publice
1101 3916 1282 3982 nunciatus.
1329 3915 1437 3994 Quare
1460 3916 1554 3981 uobis

221 4024 341 4091 eisdem
364 4023 625 4110 procuratoribus
650 4023 812 4088 humiliter
834 4023 1100 4109 supplicantibus,
1134 4030 1170 4088 ut
1199 4042 1295 4108 super
1319 4023 1381 4089 hiis
1405 4043 1444 4088 ae
1467 4029 1554 4088 statu

220 4132 402 4197 monasterii
428 4141 460 4196 et
485 4131 646 4196 bominum
670 4129 757 4195 dicte
782 4131 857 4196 ville
881 4130 1077 4215 prelatorum
1103 4129 1309 4213 dignaremur
1331 4127 1372 4195 de
1396 4138 1553 4215 oportuno

220 4237 361 4304 remedio
395 4236 574 4324 providere,
608 4257 666 4304 nos
699 4236 818 4304 dilecto
852 4237 917 4302 tilio
955 4244 1063 4303 nostro
1094 4238 1190 4302 Petro
1218 4236 1302 4302 tituli
1337 4237 1371 4303 S.
1397 4237 1553 4304 Praxedis

218 4345 396 4432 presbitero
431 4344 588 4410 cardinali
620 4345 766 4410 similiter
789 4347 821 4409 in
846 4346 1034 4412 consistorio
1066 4345 1296 4411 commissimus
1326 4343 1455 4410 oraculo
1478 4344 1553 4411 vive

219 4453 318 4534 vocis,
343 4459 378 4517 ut
394 4472 489 4537 snper
514 4453 668 4536 pretactis
692 4451 904 4532 denuncietis,
930 4451 1098 4536 presertim
1121 4471 1217 4537 super
1240 4450 1374 4516 infamia
1389 4450 1465 4516 inde
1481 4457 1553 4517 orta

221 4565 332 4624 contra
365 4558 485 4624 dictum
519 4559 670 4625 abbatem
694 4566 726 4625 et
749 4557 792 4626 ad
817 4559 910 4625 finem
945 4559 1106 4626 citationis
1141 4559 1318 4644 personalis
1345 4556 1386 4624 de
1410 4559 1490 4645 ipso,
1524 4560 1552 4627 si

219 4664 566 4747 videretur‚,iaciende
589 4666 767 4752 plenariam
792 4664 1049 4732 informationem
1072 4667 1232 4752 reciperet
1252 4667 1408 4750 nobisque
1423 4664 1464 4732 de
1480 4667 1552 4753 ipsa

319 4791 350 4860 a)
368 4806 442 4847 usus
462 4788 495 4845 in
513 4805 574 4861 rep.
