3642 5509
764 454 834 511 1329
853 455 984 512 October
1003 455 1047 512 13.
1488 455 1551 514 ’275

214 644 247 702 01
269 636 465 723 prebendam
479 636 658 705 Godeirido
679 637 815 703 Iohanni
839 638 880 703 de
896 635 1088 721 Aqueductu
1113 638 1235 704 decano
1260 639 1397 706 ecclesie
1421 640 1454 706 S.
1471 641 1549 707 Sen-

215 745 324 810 earani
341 747 376 826 (l)
399 745 521 828 Coloe,
554 766 617 809 non
648 745 797 810 obstante
824 744 910 827 quod
940 744 1045 811 dictus
1080 746 1239 811 Iohannes
1270 746 1493 813 canonicatum
1518 753 1550 814 et

215 852 412 938 prebendam
435 872 475 916 ac
498 851 692 918 decanatum
716 850 858 916 eiusdem
883 852 963 917 ecel.
988 852 1021 917 S.
1040 852 1185 918 Severini
1210 853 1319 919 Colon.
1345 855 1479 919 obtinet.

322 960 402 1024 Cum
425 959 509 1024 sicut
532 958 717 1044 accepimus
739 1009 746 1023 .
767 1008 798 1022 ..
846 959 922 1024 Dat.
949 959 1042 1024 Ario.
1067 961 1117 1025 III
1140 959 1214 1026 idus
1238 962 1379 1027 octobris
1403 983 1432 1026 a.
1458 983 1549 1046 quar-

218 1066 389 1133 todecimo.

364 1191 437 1262 Rcy.
457 1193 494 1245 95
512 1207 560 1245 ar.
580 1191 647 1245 986.

321 1453 437 1521 1781.
463 1457 550 1520 1329
574 1456 714 1522 October
739 1459 791 1520 13.
815 1455 981 1542 Aoipnon.

321 1597 480 1664 Iohannes
504 1599 604 1663 XXII
634 1598 807 1665 Frederieo
837 1599 925 1665 dieto
950 1599 991 1665 de
1014 1600 1133 1668 Nussia
1157 1601 1197 1666 de
1221 1601 1473 1668 Scbeiterhusen
1498 1623 1548 1669 co-

214 1706 329 1770 nonice
353 1706 432 1770 ecel.
456 1706 488 1771 S.
513 1705 644 1789 Georgii
670 1705 782 1770 Gelon.
811 1713 956 1772 reservat
985 1707 1173 1773 beneficium
1198 1709 1453 1775 ecclesiasticum
1478 1730 1548 1775 cum

215 1832 292 1876 eura
315 1812 366 1878 vel
390 1813 458 1877 sine
483 1832 569 1893 eura,
603 1813 700 1877 etiam
724 1814 752 1878 si
777 1814 970 1897 plebanatus
994 1815 1122 1898 existat,
1156 1815 1198 1880 ad
1226 1815 1467 1900 dispositionem
1495 1817 1549 1881 ab·

215 1919 336 1983 batisse
359 1926 392 1984 et
416 1918 547 2004 capituli
577 1919 732 1986 secularis
763 1921 900 1986 ecclesie
931 1921 1122 1987 Sanctarum
1148 1922 1316 2006 Virginum
1341 1923 1551 1988 communiter

215 2025 266 2088 vel
294 2024 421 2091 divisim
445 2033 606 2111 spectans,
642 2027 734 2092 cuius
762 2027 897 2111 fruetus,
922 2029 948 2093 si
974 2048 1046 2093 cum
1070 2049 1157 2110 cura,
1193 2029 1308 2113 viginti
1337 2030 1485 2113 quinque,
1522 2031 1549 2094 si

215 2152 290 2197 vero
320 2132 389 2198 sine
419 2153 496 2198 eura
523 2132 629 2216 fuerit,
663 2133 846 2216 quindecim
874 2134 1075 2200 marcharum
1107 2137 1232 2220 argenti
1256 2157 1280 2202 s.
1306 2142 1327 2204 t.
1353 2136 1384 2201 d.
1409 2137 1550 2202 valorem

214 2259 352 2304 annuum
376 2260 440 2304 non
463 2240 634 2324 excedunt,
658 2261 721 2306 non
745 2243 894 2308 obstante
919 2241 1004 2325 quod
1023 2243 1246 2309 canonicatum
1270 2243 1350 2309 ecel.
1368 2243 1401 2309 S.
1416 2243 1548 2327 Georgii

214 2347 326 2412 Oolon.
350 2347 408 2412 snb
432 2349 658 2432 expectatione
683 2348 845 2433 prebende
868 2350 1000 2415 obtinet.

321 2452 374 2519 Ad
405 2454 531 2520 illorum
564 2456 778 2540 provisionem
809 2506 815 2521 .
846 2507 853 2521 .
883 2505 889 2518 .
939 2457 1012 2522 Dat.
1043 2458 1138 2523 Avin.
1163 2458 1213 2522 III
1245 2457 1317 2523 idus
1349 2458 1489 2524 octobris
1519 2478 1548 2523 a.

217 2560 470 2644 quartodecimo.

323 2669 477 2734 inem.
510 2670 665 2754 magistro
689 2668 794 2737 Bindo
822 2673 987 2756 preposito
1014 2671 1144 2738 maioris
1174 2672 1300 2739 notario
1325 2679 1433 2738 nostro
1458 2678 1491 2738 01
1514 2673 1548 2738 S.

214 2774 345 2842 Andree
369 2796 409 2841 ae
432 2775 466 2842 S.
480 2777 581 2842 llario
605 2776 648 2842 ad
672 2776 792 2861 gradus
816 2778 927 2845 Colon.
952 2779 1031 2845 0001.
1057 2779 1199 2846 decanis.

364 2884 439 2952 1109.
457 2884 495 2937 94
510 2899 558 2937 nr.
574 2883 640 2937 732.

322 3121 443 3189 1782.
470 3126 556 3189 1329
580 3125 722 3192 October
746 3128 798 3191 14.
829 3125 995 3212 Aotpnon.

322 3266 481 3332 Iohannes
498 3267 597 3332 XXII
624 3267 783 3333 Winando
808 3268 849 3334 de
872 3267 1051 3354 Lanttorpe
1077 3270 1232 3336 canonico
1255 3270 1334 3336 0001.
1356 3271 1550 3338 Xanetensis

214 3372 325 3438 Oolon.
350 3372 434 3439 dioc.
459 3382 603 3440 reservat
626 3375 814 3441 beneficium
840 3375 1098 3443 ecclesiasticum
1123 3398 1194 3442 cum
1216 3398 1293 3442 eura
1309 3377 1360 3444 vel
1377 3380 1445 3444 sine
1461 3399 1548 3458 eura,

215 3479 306 3546 cuius
329 3479 485 3564 redditus,
516 3483 543 3547 si
568 3502 639 3547 eum
664 3503 750 3563 eura,
779 3483 894 3567 viginti
919 3484 1069 3567 quinque,
1099 3484 1125 3548 si
1152 3505 1226 3550 vero
1250 3485 1319 3550 sine
1343 3505 1419 3550 eura
1443 3485 1548 3569 luerit,

215 3587 397 3669 quindecim
428 3587 631 3654 marcharum
654 3591 779 3673 argenti
808 3610 833 3655 s.
859 3596 881 3655 t.
907 3589 938 3654 d.
963 3591 1104 3656 valorem
1129 3611 1267 3656 annuum
1291 3612 1355 3658 non
1378 3591 1549 3676 excedunt,

213 3693 256 3758 ad
281 3692 523 3779 dispositionem
547 3696 700 3780 prepositi
725 3696 804 3761 eccl.
821 3696 858 3760 B.
876 3697 978 3762 Marie
993 3697 1153 3780 Aquensis
1176 3697 1277 3764 Leod.
1302 3705 1462 3783 spectans,
1486 3719 1549 3765 non

212 3801 361 3866 obstante
385 3800 470 3884 quod
494 3803 527 3866 in
552 3802 630 3867 eccl.
655 3802 832 3868 Xanctensi
867 3805 1091 3870 canonicatum
1122 3810 1155 3869 et
1185 3804 1381 3889 prebendam
1415 3807 1547 3873 obtinet.

196 3988 198 3993 ,
319 3908 463 3992 Exigont
486 3915 540 3974 tue
563 3909 678 3974 merita
709 3957 715 3971 .
742 3959 749 3974 .
776 3957 783 3974 .
832 3910 906 3975 Dat.
931 3911 1025 3976 Avin.
1051 3912 1084 3975 II
1108 3910 1181 3977 idus
1205 3912 1345 3978 octobris
1368 3934 1398 3978 a.
1423 3920 1548 3996 quarto-

216 4012 352 4080 decimo.

320 4122 357 4186 In
380 4142 409 4187 e.
432 4143 473 4188 m.
499 4122 608 4188 abbati
634 4123 818 4190 monasterii
843 4123 877 4189 S.
895 4125 1006 4189 Iacobi
1031 4123 1134 4190 Leod.
1159 4131 1191 4189 et
1215 4124 1339 4192 decano
1363 4125 1548 4194 Zeilicensis

213 4227 324 4296 (Iolen.
349 4229 434 4295 dioc.
458 4250 498 4294 ac
522 4229 640 4295 lacobo
671 4229 711 4296 de
734 4230 858 4295 Mutina
886 4231 1058 4297 scolastico
1082 4230 1244 4298 Tullensis
1273 4232 1353 4298 0001.
1379 4234 1548 4319 capellano

212 4337 335 4421 papali.

360 4425 434 4495 Reg.
454 4424 492 4479 95
510 4439 559 4481 nr.
578 4427 643 4479 344.

319 4695 441 4762 1783.
468 4700 555 4762 1329
579 4698 718 4764 October
742 4700 794 4763 19.
816 4698 981 4786 Aoipnon.

319 4839 492 4924 [Iohannes
516 4841 627 4927 XXII]
652 4841 788 4908 Iohanni
812 4863 879 4927 reg.
904 4843 1036 4910 Boemie
1059 4843 1189 4910 illustri.
