3642 5509
285 419 338 474 460
846 421 915 476 1333
934 422 1016 477 1111133
1035 425 1077 478 18.

287 607 448 684 promotus
482 600 523 665 ad
556 600 662 667 adhuc
695 601 727 667 in
758 603 860 687 primo
894 623 978 668 anno
1014 604 1226 670 assecutionis
1261 604 1403 670 eiusdem
1438 604 1618 672 decanatus

286 709 408 790 existis,
437 707 523 792 quod
550 709 674 773 ratione
704 708 782 774 dicti
814 709 992 775 decanatus
1014 731 1078 775 non
1103 712 1240 778 tenearis
1264 731 1365 795 usque
1389 711 1430 777 ad
1456 713 1617 778 biennium

285 814 327 879 ad
351 815 517 881 ulteriores
541 815 670 883 ordines
694 819 951 901 promoveri...
974 817 1177 902 indulgemus
1205 867 1211 879 .
1242 868 1249 882 .
1280 868 1287 884 .
1335 820 1411 885 Dat.
1436 821 1530 885 Avia.
1556 821 1617 886 Vll

286 922 358 990 idus
380 923 487 989 martii
512 945 541 988 a.
567 924 673 990 XVII.

435 1049 581 1118 1133105
600 1064 647 1102 nr.
668 1048 750 1102 1269.

390 1312 514 1378 3333.
551 1315 637 1378 3333
659 1316 757 1379 Murz
782 1316 834 1379 13.
864 1313 1030 1402 333333.

392 1466 552 1532 Iohannes
568 1466 667 1531 XXII
692 1465 867 1533 Thidcrico
884 1466 925 1533 de
941 1468 1025 1532 Dale
1049 1468 1174 1533 confert
1198 1468 1277 1534 eccl.
1295 1467 1490 1536 Susaticnsis
1507 1468 1617 1535 Golon.

285 1572 369 1640 (1133.
394 1572 628 1658 canonicatum,
653 1572 849 1659 prebendam
868 1593 943 1641 vero
967 1595 1062 1640 unam
1087 1573 1128 1640 de
1151 1575 1325 1642 maioribus
1348 1576 1381 1642 in
1405 1575 1518 1643 eodem
1539 1577 1617 1642 3331.

285 1683 314 1746 31
338 1687 491 1747 reservat.

388 1787 569 1855 Laudabile
593 1788 819 1872 testimonium,
844 1788 930 1873 quod
953 1838 960 1855 .
987 1841 994 1854 .
1021 1839 1029 1854 .
1075 1791 1152 1856 Dat.
1177 1789 1271 1856 Avin.
1297 1790 1359 1855 XV
1382 1790 1428 1857 kl.
1452 1790 1565 1877 aprilis
1587 1813 1616 1857 a

285 1895 559 1982 decimoseptimo.

393 2004 428 2068 13
453 2023 481 2068 3.
499 2025 539 2069 m.
564 2004 824 2071 Monastcricnsis
847 2011 880 2070 et
904 2006 938 2070 S.
955 2004 1111 2072 Gereonio
1135 2004 1245 2072 Gelon.
1270 2003 1403 2072 (1333313
1424 2026 1464 2072 33
1485 2004 1618 2073 Matheo

285 2111 326 2178 de
349 2111 471 2196 Longis
495 2110 723 2177 archidiacono
746 2111 848 2180 Leod.
873 2113 1091 2179 ecclesiarum.

446 2226 593 2296 1133104
611 2243 658 2280 nr.
678 2227 743 2282 390.

392 2500 513 2568 alna.
546 2502 828 2566 133311113323.
853 2499 1018 2588 Α313333.

392 2642 541 2721 Quitacio
565 2643 1101 2730 333113313333103133133313333
1125 2651 1227 2729 parte.

369 2751 495 2834 Ν13313
520 2751 743 2834 131133113313
768 2750 897 2817 domino
921 2752 1075 2817 Walrano
1103 2751 1348 2838 archiepiscopo
1372 2753 1553 2820 Coloniensi
1577 2751 1619 2816 (13

285 2859 343 2923 llm
370 2857 418 2923 VO
437 2857 506 2923 flor.
531 2879 589 2943 pro
613 2864 704 2943 parte
728 2860 776 2924 331
801 2861 977 2924 eommunia
1000 2859 1128 2924 servicii
1154 2880 1281 2925 camere
1304 2866 1338 2926 31
1362 2859 1403 2926 (13
1427 2857 1514 2925 IIIIc
1539 2859 1618 2924 XVI

283 2965 352 3032 flor.
377 2967 445 3031 auri
470 2965 518 3030 IX
551 2965 608 3031 sol.
644 2972 866 3032 coronatorum
896 2985 954 3051 pro
985 2973 1123 3049 quatuor
1149 2966 1295 3034 serviciis
1323 2967 1528 3032 familiarium
1557 2973 1617 3032 etc.

285 3073 411 3140 31331313
441 3093 568 3138 camere
593 3079 654 3138 313.
686 3093 743 3158 333·
777 3092 888 3138 manus
922 3072 1043 3138 domini
1072 3073 1265 3139 Theoderici
1299 3073 1340 3140 de
1372 3072 1519 3140 Esscnde
1550 3093 1618 3139 333-

284 3181 390 3248 1331131
415 3181 450 3246 S.
468 3179 596 3247 Andree
621 3179 731 3245 Oolon.
758 3181 975 3265 procuratoris
999 3182 1047 3247 sui
1072 3181 1261 3248 solutis...
1286 3183 1361 3247 Dat.
1386 3182 1480 3246 Avia.
1502 3180 1618 3245 XXIII

283 3289 402 3355 mensis
425 3289 536 3355 marcii
561 3308 644 3354 3333
668 3289 783 3370 (1333)
807 3286 873 3353 iud.
898 3289 941 3370 (I)
965 3295 999 3354 et
1021 3288 1110 3375 pont.
1135 3290 1251 3373 quibus
1274 3309 1381 3376 supra.

388 3477 392 3485 ,
434 3412 529 3484 333.
549 3415 577 3468 a
595 3411 690 3469 3333.
710 3416 746 3467 13
765 3411 844 3482 (333)
862 3412 887 3483 t.
906 3413 967 3478 33·
988 3411 1133 3470 amotae
1152 3411 1249 3483 3333.
1269 3415 1296 3468 a
1314 3412 1409 3469 suaa.
1429 3417 1465 3468 15
1482 3412 1506 3482 f.
1527 3412 1554 3466 2.

389 3686 516 3756 3333.
554 3689 641 3751 3333
666 3686 766 3771 Api-u
792 3688 843 3751 13.
871 3684 1038 3772 333333.

391 3829 550 3896 lohannes
569 3829 669 3894 XXII
692 3831 848 3914 magistro
872 3827 1038 3896 Bemardo
1062 3827 1219 3915 Stephani
1243 3831 1405 3916 preposito
1430 3828 1509 3894 eccl.
1535 3828 1617 3892 Bun·

283 3940 391 4005 333313
415 3937 524 4004 Golon.
549 3936 633 4002 dioc.
658 3938 782 4002 notario
806 3936 894 4004 sedis
917 3937 1094 4022 apostolice
1118 3937 1275 4022 indulget,
1304 3945 1340 4003 31
1362 3935 1553 4020 Radnlphus
1576 3932 1616 3998 de

284 4047 400 4131 Ruppe
425 4045 643 4111 Zamorrensis
672 4051 704 4109 et
728 4045 886 4110 Geraldus
919 4044 960 4110 de
992 4045 1158 4128 Lalargua
1188 4045 1225 4111 B.
1251 4046 1353 4110 Mane
1385 4043 1427 4108 de
1455 4040 1617 4127 Magduno

284 4173 382 4238 snpra
405 4153 524 4217 Euram
551 4151 758 4217 bituricensis
781 4151 864 4217 dioc.
895 4152 976 4217 eccl.
1001 4152 1148 4217 canonici
1178 4153 1247 4218 eius
1273 4153 1444 4217 familiares
1468 4147 1618 4229 obsequis

284 4260 427 4326 ciusdem
451 4260 635 4326 insistentes
659 4259 783 4325 fructus
811 4260 1037 4325 beneficiorum
1066 4279 1194 4326 suorum
1219 4259 1523 4339 ecclesiasticorum,
1556 4275 1617 4338 333

284 4388 369 4433 3333
392 4367 537 4432 obtinent
561 4367 611 4431 vel
635 4369 840 4451 imposterum
865 4367 1063 4448 obtinebunt,
1096 4387 1196 4449 usque
1227 4365 1270 4432 ad
1299 4366 1469 4431 trienninm
1492 4365 1617 4446 integre

284 4473 457 4540 cotidianIs
490 4472 767 4540 distributionibus
800 4471 969 4538 dumtaxat
1002 4475 1147 4558 exceptIs
1177 4474 1343 4558 percipere
1367 4472 1497 4537 valeant
1519 4477 1551 4536 et
1574 4469 1616 4534 ad

283 4580 488 4647 residendum
512 4581 695 4647 1313313313
719 4582 783 4646 suis
808 4580 953 4646 ecclesiis
976 4601 1040 4645 non
1064 4586 1243 4646 teneantur.

391 4689 567 4756 Personam
597 4698 685 4755 tuam
716 4688 812 4755 claris
840 4737 848 4754 .
878 4737 884 4750 .
916 4737 924 4752 .
971 4688 1047 4752 Dat.
1072 4687 1166 4752 Avin.
1195 4687 1268 4752 idus
1290 4685 1402 4771 aprilis
1424 4707 1454 4750 3.
1479 4684 1617 4750 (1331333-

283 4797 429 4882 septimo.
