3642 5509
758 464 828 521 rans
846 463 932 536 apro
951 465 993 520 12.
1481 466 1532 521 145

356 643 501 699 lustrum.
517 644 603 713 publ
623 642 756 699 naturale
775 644 898 698 membr.
918 648 936 697 4
955 642 1080 713 sipilla's,
1106 658 1240 715 quorum
1258 645 1406 715 quartam
1425 646 1470 699 est
1488 646 1536 701 de·

352 730 521 802 perditum,
544 731 701 789 munitum
720 735 747 787 et
771 731 862 802 sipoto
885 730 1014 787 noturitt'
1033 734 1186 797 ornatum,
1212 733 1383 803 confectum
1407 750 1427 788 a
1446 735 1536 789 Petro

358 822 395 875 de
422 821 560 876 Esaeade
588 820 668 876 dicto
697 822 921 891 Uppenpraoea
949 820 1059 876 clerico
1087 822 1187 877 Colca.
1217 822 1302 891 dyoc.
1328 821 1453 890 publico
1481 822 1536 877 im-

353 910 471 981 periali
491 911 672 968 auctmttate
691 910 820 967 notatae.
858 910 948 966 Areia.
967 912 1034 967 Vat.
1052 913 1144 966 Iastr.
1164 908 1249 966 misc.
1267 910 1388 966 Armar.
1411 912 1439 967 0.
1456 911 1535 981 susc.

357 1004 398 1055 53
413 1018 462 1055 aar.
482 1004 526 1056 16.

303 1197 425 1266 1460.
461 1202 548 1265 1328
575 1197 678 1285 April
703 1201 756 1265 12.
780 1197 945 1286 Aoipaon.

301 1342 461 1410 lohannes
486 1344 586 1409 XXII
620 1344 780 1411 Cristiano
809 1343 1090 1411 deAnde1·nacho
1120 1351 1275 1430 perpetuo
1300 1343 1469 1430 capellano
1494 1344 1537 1409 al-

195 1449 276 1515 taris
299 1448 333 1515 S.
356 1450 496 1516 Servatii
527 1451 560 1515 in
590 1451 670 1517 eccl.
694 1451 736 1517 de
759 1451 955 1517 Monosterio
979 1452 1011 1515 in
1035 1451 1196 1517 Menevelt
1219 1452 1352 1517 Trever.
1378 1450 1463 1517 dioc.
1488 1470 1537 1516 re-

195 1563 305 1621 servat
337 1556 525 1623 beneficium
559 1558 814 1624 ecclesiasticum
848 1578 920 1623 cum
949 1578 1026 1623 cura
1054 1558 1104 1622 vel
1134 1560 1203 1623 sine
1234 1579 1312 1625 cura
1336 1556 1378 1623 ad
1403 1556 1536 1642 disposi-

196 1662 316 1728 tionem
340 1664 495 1749 prepositi
519 1665 796 1731 ecclMonasterii
826 1666 860 1731 in
883 1665 1069 1750 Meynevelt
1093 1667 1227 1732 Trevcr.
1252 1665 1337 1731 dioc.
1361 1666 1535 1749 pertinens,

197 1771 288 1835 cuius
310 1770 444 1855 fructus,
467 1772 494 1837 si
518 1792 591 1838 cum
615 1792 702 1856 cura,
726 1771 853 1856 vigInti,
877 1772 905 1839 si
930 1792 1006 1839 vero
1030 1774 1098 1838 sine
1123 1772 1328 1856 curassent,
1353 1771 1537 1855 quindecim

195 1876 398 1943 marcharum
424 1881 550 1965 argenti
573 1900 598 1946 s.
622 1887 644 1945 t.
671 1878 702 1946 d.
727 1880 869 1945 valorem
894 1900 1034 1945 annuum
1058 1901 1120 1946 non
1145 1879 1320 1963 excedant3
1357 1886 1466 1944 tamen
1490 1878 1536 1945 vi-

195 2004 275 2067 gore
298 1986 457 2070 presentis
487 1986 634 2053 beneficii
657 1986 841 2052 huiusmodi
865 1988 1100 2072 possessionem
1123 1994 1301 2071 assecutus,
1335 1987 1463 2052 omnino
1489 1984 1536 2051 di·

196 2090 306 2157 mittat
329 2091 449 2159 dictam
473 2093 699 2179 capellaniam.

303 2199 519 2284 Exigentibus
542 2206 597 2267 tue
619 2200 858 2286 probitatis...
892 2200 971 2266 Dat.
999 2201 1090 2267 Avin.
1117 2202 1149 2267 Il
1172 2200 1246 2268 idus
1269 2202 1380 2287 aprilis
1404 2222 1435 2267 a.
1460 2199 1536 2267 duo-

197 2304 335 2373 decimo.

304 2415 342 2479 In
358 2433 385 2480 e.
403 2437 444 2480 m.
468 2415 580 2481 abbati
604 2415 789 2483 monasterii
806 2416 962 2483 Lacensis
979 2421 1011 2481 et
1028 2415 1153 2481 decano
1171 2415 1386 2482 (tardonensis
1403 2415 1535 2483 Trever.

196 2520 281 2587 dioc.
307 2542 346 2587 ac
370 2520 600 2589 archidiacono
624 2522 841 2590 Nannetensis
864 2524 1083 2589 ecclesiarum.

364 2645 437 2716 Rep.
456 2647 496 2700 86
514 2646 539 2716 f.
558 2646 623 2701 291¹
643 2662 694 2700 ar.
714 2648 796 2702 1757.

305 2916 420 2983 1461.
446 2921 534 2984 1328
556 2918 660 3005 Apro
685 2922 737 2985 12.
762 2918 928 3006 Aoipaon.

303 3059 464 3127 Iohannes
492 3062 592 3127 XXII
621 3063 732 3129 abbati
756 3061 941 3128 monasterii
965 3061 999 3127 S.
1021 3061 1144 3127 Mathie
1168 3076 1260 3128 extra
1288 3082 1395 3128 muros
1418 3062 1537 3127 Treve-

193 3187 304 3234 renses
327 3173 361 3232 et
383 3168 594 3235 Treverensis
618 3190 657 3235 ac
681 3168 897 3236 Nannetensis
921 3168 1001 3235 eccl.
1025 3167 1264 3241 archidiaconis
1287 3167 1429 3251 mandat,
1460 3188 1536 3251 qua-

194 3275 282 3340 tiuus
305 3274 377 3339 Elie
400 3273 442 3340 de
459 3274 653 3341 Monasterio
677 3275 711 3341 in
726 3275 910 3361 Meyuevelt
934 3276 1066 3341 Trever.
1091 3274 1175 3342 dioc.
1201 3276 1368 3342 conferant
1392 3273 1536 3340 eiusdem

195 3381 334 3448 ecclesie
367 3384 601 3467 preposituram
635 3390 804 3449 vacantem
834 3404 874 3449 ex
898 3402 947 3465 eo,
981 3382 1068 3466 qnod
1097 3382 1258 3466 quondam
1282 3381 1468 3447 Alexander
1495 3380 1536 3447 de

197 3488 363 3555 Brushorn
397 3490 471 3555 oIIm
505 3492 689 3577 prepositus
721 3492 821 3577 ipsius
858 3490 996 3556 ecclesie
1026 3490 1146 3555 dietam
1170 3492 1402 3576 preposituram
1428 3509 1537 3555 curam
1589 3481 1594 3493 '

196 3598 374 3663 animarum
411 3595 583 3664 habentem
619 3618 683 3664 nna
718 3619 789 3664 cnm
826 3596 964 3682 quodam
1000 3592 1196 3683 parrochiali
1231 3598 1370 3663 ecclesia
1403 3602 1476 3681 post
1505 3603 1538 3661 et

198 3710 312 3771 contra
347 3703 607 3773 constitutIonem
644 3706 686 3771 ab
720 3704 832 3772 eodem
865 3726 952 3790 papa
991 3724 1086 3789 snper
1121 3704 1306 3790 pluralitate
1341 3703 1535 3788 dignitatum

196 3818 428 3897 personatuum
453 3811 629 3878 officiorum
652 3819 684 3878 ct
705 3812 840 3878 aliorum
857 3810 1082 3878 beneticIornm
1106 3812 1394 3878 ecclesiasticorum
1416 3809 1537 3876 editam

196 3918 358 4002 usquead
381 3919 467 3984 diem
491 3920 541 3985 sni
562 3921 669 3986 obitus
693 3920 830 3984 retinere
854 3919 1057 4004 presumpsit,
1082 3939 1146 3984 non
1170 3920 1317 3985 obstante
1342 3916 1426 4002 quod
1451 3916 1536 3983 idem

198 4027 289 4093 Elias
315 4027 348 4091 in
377 4026 411 4093 S.
436 4027 564 4093 Paulini
588 4032 620 4092 et
644 4027 678 4093 S.
699 4027 870 4112 Symeonis
894 4028 1025 4092 Trever.
1050 4046 1089 4091 ao
1118 4026 1152 4092 S.
1173 4026 1294 4091 Florini
1311 4025 1537 4092 Confluentina

199 4133 287 4200 dicte
310 4133 449 4200 diocesis
479 4140 512 4201 et
540 4136 574 4199 in
602 4134 715 4200 eadem
741 4134 986 4201 Monasteriensi
1010 4134 1156 4200 ecclesiis
1180 4135 1387 4200 canonicatus
1411 4142 1444 4198 et
1468 4152 1537 4218 pre·

199 4240 323 4307 bendas
345 4240 484 4307 obtinet.

306 4348 473 4413 Attributa
489 4346 609 4415 dilecto
625 4347 690 4415 lilio
705 4398 713 4415 .
729 4397 759 4415 ..
794 4350 870 4415 Dat.
887 4348 982 4414 Avin.
1001 4349 1034 4413 II
1051 4348 1122 4413 idus
1138 4348 1249 4434 aprilis
1265 4370 1294 4413 a.
1313 4330 1514 4414 duodecimo.

361 4473 426 4544 Rep
454 4475 493 4529 86
510 4473 535 4543 f.
555 4473 620 4528 281¹
638 4490 686 4528 aar.
707 4476 789 4528 1730.

308 4665 431 4734 1462.
456 4669 544 4732 1328
567 4662 669 4753 April
692 4670 746 4733 27.
770 4666 937 4753 Aoipooa.

308 4808 469 4877 Iohannes
509 4809 609 4875 XXII
650 4811 781 4877 vacanti
816 4829 874 4896 per
905 4810 1027 4876 obitum
1061 4811 1192 4876 Henrici
1225 4808 1368 4897 episcopi
1402 4808 1537 4876 ecclesie

253 4939 377 4989 Vattkcn.
390 4940 518 4997 mosten
532 4938 564 4987 11.
1343 4924 1377 4979 10
