3642 5509
294 358 349 414 sel
855 358 926 412 1340
943 359 1026 414 blara
1044 357 1087 412 23.

297 539 465 621 tenendas,
490 558 657 622 quousque
681 538 785 604 eidem
802 539 843 604 ab
860 539 932 623 ipso
950 539 1000 604 vel
1025 537 1127 624 ipsius
1143 536 1314 604 heredibus
1330 538 1371 604 de
1387 537 1483 604 dictis
1499 537 1632 602 florenis

296 647 393 711 fuerit
415 647 630 712 satisfactum.

399 754 564 820 Universis
580 760 748 839 presentes
763 753 909 820 litteras.
931 804 938 819 .
956 803 964 818 .
989 755 1062 819 Dat.
1080 753 1293 839 Cudensberg
1308 775 1338 819 a.
1352 753 1630 820 MCCCXXXVII

295 862 436 926 crastino
460 861 497 925 Β.
521 861 633 927 Iacobi
658 861 806 947 apostoli.

454 986 628 1040 summotos
646 986 697 1039 ΙΙΙ
711 1001 759 1040 nr.
779 986 846 1039 312.

399 1195 519 1262 2404
543 1196 709 1276 (¹¹23'lla).
736 1198 823 1262 1340
847 1197 948 1262 Mdrz
973 1200 1027 1262 23.
1053 1199 1152 1264 Kdln.

398 1327 579 1393 Walramus
599 1328 863 1413 archiepiscopus
879 1328 990 1394 Colon.
1009 1335 1118 1394 notum
1136 1329 1224 1412 facit,
1250 1329 1334 1412 quod
1352 1329 1522 1394 attendens
1537 1328 1629 1394 utilia

293 1435 447 1517 obsequia
478 1436 540 1520 ipsi
573 1443 607 1501 et
642 1436 778 1501 ecclesie
801 1435 984 1502 Coloniensi
1017 1457 1075 1521 per
1107 1437 1207 1521 ipsius
1239 1437 1429 1502 familiarem
1455 1437 1627 1501 Henricum

292 1541 414 1606 dictum
437 1541 617 1607 Suderman
640 1540 681 1608 de
706 1543 879 1608 Tremonia
904 1544 1011 1628 legum
1036 1543 1251 1630 professorem
1274 1546 1308 1608 in
1331 1543 1468 1608 diversis
1489 1543 1628 1626 negotiis

292 1647 418 1732 magnis
442 1656 474 1713 et
503 1649 613 1715 arduis
648 1651 771 1716 notorie
806 1649 952 1734 impensa
986 1657 1018 1716 et
1048 1652 1253 1736 imposterum
1289 1649 1503 1735 impendenda
1537 1648 1628 1715 dedit

292 1755 397 1820 eidem
423 1755 564 1822 Hemico
598 1757 795 1822 usufructum
829 1759 965 1822 curtium
1000 1758 1137 1824 ecclesie
1161 1757 1359 1824 Coloniensis
1388 1758 1420 1822 in
1444 1756 1571 1822 Suelme
1595 1765 1629 1822 et

291 1863 324 1926 in
348 1861 464 1945 Hagen
488 1883 559 1928 cum
583 1864 730 1930 omnibus
753 1883 862 1930 earum
892 1865 1110 1950 pertinenciis,
1144 1867 1191 1932 sic
1219 1864 1305 1949 quod
1335 1865 1456 1931 eisdem
1486 1864 1628 1930 curtibus

292 1989 332 2034 ac
347 1990 453 2034 earum
473 1972 691 2054 pertinenciis,
716 1971 869 2054 quamdiu
893 1973 964 2056 ipre
981 1972 1244 2058 archiepiscopus
1260 1974 1386 2054 vixerit,
1410 1973 1512 2057 possit
1527 1973 1627 2038 libere

291 2076 414 2141 utifrui.
462 2077 642 2143 Walramus
670 2078 775 2145 eidem
800 2080 942 2144 Henrico
973 2080 1084 2145 volens
1117 2080 1226 2145 facere
1259 2081 1395 2164 gratiam
1429 2079 1626 2164 ampliorem,

291 2183 459 2267 presertim
484 2204 554 2249 cum
579 2184 665 2249 idem
687 2205 723 2250 se
746 2183 994 2270 archiepiscopo
1019 2192 1052 2250 et
1076 2187 1213 2252 ecclesie
1228 2186 1410 2253 Coloniensi
1434 2185 1627 2269 obligaverit

291 2289 483 2373 efficaciter,
517 2290 604 2373 qnod
633 2311 673 2357 ex
705 2292 795 2356 bonis
823 2291 865 2356 ad
894 2290 1060 2377 predictas
1084 2302 1192 2359 curtes
1215 2295 1458 2378 pertinentibus,
1493 2314 1624 2376 quorum

292 2417 368 2480 pars
391 2418 455 2462 non
485 2396 613 2464 modica
637 2421 657 2464 a
680 2398 785 2482 longis
809 2401 1008 2484 temporibus
1038 2421 1096 2486 per
1119 2401 1274 2466 Walrami
1304 2401 1548 2486 predecessores
1577 2409 1626 2466 est

291 2503 384 2567 titulo
415 2506 560 2588 pignoris
592 2506 747 2589 obligata,
780 2507 812 2571 in
842 2513 996 2590 quantum
1028 2516 1156 2574 centum
1187 2529 1293 2574 marce
1323 2508 1523 2574 denariorum
1548 2508 1626 2573 Tre·

289 2611 500 2675 montensium
521 2619 720 2695 —quatuor
750 2611 891 2679 denariis
920 2615 1043 2680 scilicet
1073 2635 1131 2700 pro
1155 2617 1257 2680 veteri
1281 2614 1382 2698 regali
1407 2635 1518 2698 grosso
1542 2623 1627 2680 turo·

289 2716 390 2782 niensi
427 2717 512 2802 regis
536 2719 672 2784 Francie
705 2723 900 2805 computatis
929 2758 972 2768 -
999 2742 1034 2787 se
1058 2722 1246 2804 extendunt,
1280 2721 1415 2786 redimet
1439 2723 1472 2787 in
1495 2721 1623 2803 effectu,

294 2823 443 2888 concedit
467 2824 572 2890 eidem
590 2827 728 2892 Henrico
752 2848 854 2911 usque
871 2828 912 2893 ad
930 2831 1030 2914 ipsius
1047 2830 1112 2893 vite
1129 2831 1250 2894 exitum
1266 2836 1300 2894 et
1320 2835 1393 2915 post
1408 2830 1476 2895 cius
1492 2837 1625 2895 mortem

291 2930 334 2995 ad
358 2951 476 2997 annum
506 2933 686 3017 proximum
715 2936 960 3017 subsequentem
985 2936 1144 3001 dictarum
1170 2937 1305 3001 curtium
1331 2955 1401 3001 cum
1426 2957 1534 3002 earum
1557 2957 1625 3021 per·

291 3037 440 3102 tinenciis
463 3040 672 3106 usufructum.
720 3041 860 3107 Debebit
888 3051 994 3107 tamen
1019 3043 1178 3108 Hemicus
1208 3063 1279 3108 cum
1309 3043 1410 3108 ultimi
1434 3043 1527 3108 buius
1549 3045 1623 3108 anni

290 3145 449 3209 fructibus
481 3145 513 3210 in
547 3149 660 3213 maiori
694 3149 833 3214 ecclesia
856 3148 1038 3216 Coloniensi
1075 3151 1182 3216 anime
1215 3150 1315 3236 ipsius
1344 3152 1526 3216 memoriam
1554 3170 1624 3236 per-

289 3257 419 3336 petuam
445 3252 604 3320 ordinare.

395 3358 463 3425 Nos
483 3349 665 3429 Walramus
689 3362 741 3429 dei
765 3365 944 3448 gracia...
972 3365 1048 3430 Dat.
1074 3364 1207 3430 Colonie
1231 3386 1260 3429 a.
1286 3363 1317 3429 d.
1342 3364 1518 3430 MCCCXL
1541 3365 1625 3431 feria

289 3466 403 3547 quinta
425 3477 499 3551 post
523 3468 716 3536 dominicam
740 3471 835 3536 oculi.

436 3572 485 3626 Or.
505 3576 627 3629 monor.
651 3592 721 3630 cum
740 3576 793 3645 filo
816 3579 941 3632 membr.
963 3577 1018 3632 del.
1037 3575 1097 3646 sip.
1120 3575 1177 3632 Cui
1196 3591 1319 3631 aunem
1339 3579 1382 3632 eat
1400 3577 1507 3658 cedula
1525 3582 1621 3634 traus-

428 3662 494 3731 fiaeo
512 3665 635 3720 membr.
654 3664 807 3736 sequentia
826 3665 958 3721 morie:

392 3788 549 3855 Noverint
572 3793 711 3858 universi
736 3795 931 3877 presentium
955 3794 1166 3879 inspectores,
1191 3793 1277 3878 quod
1302 3815 1364 3878 ego
1389 3795 1545 3860 Henricus
1565 3795 1622 3860 Su-

287 3891 421 3959 derman
446 3895 486 3960 de
503 3897 675 3965 Tremonia
698 3900 804 3985 legum
829 3901 942 3969 doctor
966 3900 1126 3968 confiteor
1149 3922 1200 3967 mc
1218 3901 1338 3967 babere
1355 3908 1386 3967 et
1402 3907 1512 3967 tenere
1527 3920 1622 3966 unam

287 3998 430 4065 litteram
457 4002 530 4068 buic
554 4005 671 4090 littere,
697 4009 748 4072 cui
764 4008 824 4072 bec
848 4029 981 4092 presens
1005 4007 1120 4072 cedula
1144 4017 1194 4074 est
1210 4008 1379 4088 transfixa,
1404 4007 1445 4074 de
1462 4011 1559 4075 verbo
1580 4008 1622 4074 ad

288 4107 420 4173 verbum
444 4109 579 4175 similem
603 4121 634 4177 et
658 4114 800 4180 eiusdem
825 4115 944 4179 tenoris
961 4115 994 4177 in
1011 4115 1156 4178 omnibus
1173 4121 1206 4179 et
1222 4134 1279 4199 per
1297 4116 1403 4181 omnia
1421 4117 1621 4199 existentem,

287 4214 479 4296 promittens
502 4237 554 4282 me
578 4220 706 4285 firmum
731 4229 763 4286 et
786 4229 889 4286 ratum
918 4221 1113 4303 habiturum,
1144 4222 1297 4305 quicquid
1323 4225 1353 4288 in
1378 4222 1489 4289 cadem
1514 4224 1623 4289 littera

288 4322 479 4388 continetur.
527 4327 565 4390 In
589 4329 679 4393 cuius
707 4329 752 4394 rei
782 4329 996 4394 testimonium
1031 4329 1171 4412 sigillum
1205 4350 1308 4395 meum
1340 4332 1542 4417 presentibus
1573 4339 1623 4397 est

288 4446 477 4512 appensum.
501 4432 579 4498 Dat.
593 4433 726 4500 Colonia
742 4457 771 4500 a.
785 4435 817 4500 d.
827 4435 1003 4502 MCCCXL
1020 4435 1102 4500 feria
1115 4437 1227 4518 quinta
1238 4444 1311 4522 post
1324 4437 1514 4504 dominicam
1527 4439 1619 4504 oculi.

411 4535 607 4611 Dttaaeldorf.
617 4541 706 4596 Arcb.
716 4558 778 4611 rep.
790 4543 939 4598 Kurkdla.
949 4558 998 4596 nr.
1006 4543 1068 4596 611.
1085 4542 1171 4611 Cous.
1183 4542 1354 4599 Lacmnblet
1363 4543 1416 4599 ΙΙΙ
1424 4561 1472 4598 nr.
1482 4544 1547 4600 312.
1557 4561 1587 4599 ιι.
1597 4547 1622 4600 1.
