3642 5509
752 397 821 452 133l
841 395 960 452 anuer
979 394 1022 450 10.
1483 390 1537 446 509

203 587 236 646 et
259 586 371 647 tenuta
399 576 557 665 ponendis
581 585 614 644 et
644 578 742 644 libere
778 575 978 642 dimittendis
1012 596 1075 639 non
1110 571 1289 640 obediverit
1324 579 1356 636 et
1392 571 1536 656 paruerit

205 707 276 754 cunr
300 687 429 771 effectu,
463 686 569 752 dictos
598 705 767 771 processus
801 692 914 750 contra
942 681 1062 749 dictum
1086 681 1307 746 Baldewinum
1337 678 1465 745 habitos
1488 698 1536 744 so·

204 796 374 880 lempniter
396 794 561 880 publicent
585 793 673 858 etin
696 791 843 857 omuibus
871 789 962 873 locis,
991 790 1045 856 ubi
1069 787 1224 874 expedire
1247 786 1467 871 cognoverint,
1491 785 1539 849 fa·

206 903 292 968 ciant
316 900 484 988 publicari.
530 901 606 965 Dat.
631 900 725 965 Avin.
750 898 816 963 XII
840 898 886 963 kl.
910 897 1048 964 ianuarii
1071 918 1102 962 a.
1125 894 1278 963 secundo.

366 1026 439 1096 Rep.
459 1024 517 1080 122
536 1023 680 1092 (DXXX)
700 1037 748 1078 ur.
766 1022 841 1090 692;
865 1022 919 1079 Ra.
932 1023 1014 1076 1854.

310 1282 545 1349 22731337
570 1285 708 1350 Juauar
731 1285 782 1350 10.
811 1280 977 1370 Avipnoa.

313 1428 516 1494 Benedictus
541 1427 619 1491 XII
651 1427 848 1492 Batdewiao
877 1426 1128 1510 archiepiscopo
1159 1425 1355 1490 lhevereaai
1390 1424 1540 1499 aamiat,

209 1537 298 1621 quod
323 1537 368 1600 act
392 1557 466 1600 eum
491 1535 592 1599 mittit
615 1536 757 1600 concion
780 1533 966 1620 (luiponem
989 1533 1030 1598 de
1054 1532 1089 1604 S.
1113 1532 1283 1598 Geroaaao
1308 1539 1338 1597 ct
1362 1531 1543 1596 Nicolaum

211 1641 398 1730 (tapetium,
434 1664 575 1728 quorum
602 1643 639 1707 ia
666 1643 822 1708 muethus
852 1643 882 1707 ia
911 1649 1022 1728 ponat
1052 1641 1281 1726 possessiones
1309 1640 1442 1705 eculeum
1471 1639 1544 1702 Ma-

210 1752 361 1838 pontiae.

305 1872 526 1964 {Benedictus
549 1872 626 1958 ΧΠ]
652 1872 841 1940 Baldevvino
864 1873 1109 1959 archiepiscopo
1132 1873 1334 1939 Treverensi.

319 1983 492 2049 Gratanter
515 1983 694 2068 recepimus
717 1983 842 2048 litteras
866 1990 939 2047 tuas
955 1988 1090 2065 tuosque
1114 1987 1337 2068 procuratores
1353 1986 1385 2046 et
1401 1982 1544 2062 nuncios,

85 2163 93 2178 ,
215 2111 294 2174 quos
318 2089 360 2155 ad
384 2099 526 2156 nostram
549 2091 744 2175 presentiam
769 2089 939 2156 destinasti
963 2110 1003 2155 ac
1026 2089 1214 2175 positionem
1240 2097 1273 2154 et
1295 2089 1546 2175 resignationem

214 2203 391 2264 castrorum
425 2196 668 2262 fortelliciorum
705 2197 852 2262 villarum
888 2195 1056 2281 opidorum
1090 2195 1347 2263 iurisdictionuur
1377 2203 1409 2261 ct
1432 2195 1546 2260 iuriam

214 2306 350 2371 ecclesie
366 2305 554 2388 Maguntine
578 2323 637 2389 per
659 2302 790 2370 eosdem
815 2310 1040 2388 procuratores
1063 2305 1190 2369 nomine
1207 2311 1273 2387 tuo,
1298 2310 1393 2388 prout
1409 2303 1441 2368 in
1460 2323 1547 2368 man·

214 2413 299 2478 datis
334 2411 508 2494 habebant,
544 2412 577 2476 in
610 2411 756 2476 manibus
788 2413 905 2476 nostris
937 2410 1042 2476 factas
1079 2411 1224 2495 legitime
1256 2409 1405 2476 duximus
1434 2429 1548 2495 accep·

215 2519 340 2586 tandas.
395 2519 570 2604 Cupientes
602 2519 701 2601 igitur
733 2525 799 2583 tarn
831 2518 927 2584 saluti
962 2525 994 2583 et
1026 2519 1124 2583 statui
1158 2518 1221 2584 tuis
1254 2517 1421 2584 consulere
1453 2536 1548 2600 quam

215 2625 441 2709 tranquillitati
470 2632 501 2690 et
532 2625 631 2707 quictt
663 2624 807 2691 eiusdem
831 2625 968 2691 ecclesie
991 2625 1190 2710 Magantine,
1226 2645 1289 2707 que
1312 2624 1433 2690 diutins
1456 2624 1549 2709 spiri·

217 2733 347 2798 tualiter
379 2739 411 2797 et
443 2730 663 2816 temporaliter
695 2732 848 2816 gravibus
887 2730 1144 2814 inquietudinum
1177 2731 1328 2798 fluctibus
1361 2733 1549 2817 perturbata

217 2841 325 2906 extitit
357 2838 537 2925 providere,
574 2838 711 2905 dilectos
743 2839 824 2906 filios
858 2840 1038 2924 Guigonem
1073 2839 1115 2905 de
1147 2839 1267 2906 Sancto
1292 2840 1452 2906 Germano
1476 2840 1549 2903 Ani-

218 2947 336 3012 ciensis
364 2953 396 3011 et
424 2945 593 3011 Nicolaum
618 2945 786 3031 Capotiam
819 2946 859 3012 de
892 2946 970 3012 urbe
1002 2947 1115 3012 Sancti
1149 2945 1324 3012 Audomari
1357 2945 1399 3012 de
1427 2947 1549 3012 Sancto

218 3052 403 3119 Audomaro
428 3052 617 3118 Morinensis
647 3052 731 3118 dioc.
761 3053 969 3119 ecclesiarum
996 3054 1178 3139 prepositos
1206 3053 1390 3139 capellanos
1418 3060 1451 3118 et
1474 3073 1551 3117 nun·

219 3161 286 3226 cios
310 3167 434 3228 nostros
457 3209 516 3224 ...
540 3181 611 3225 cum
640 3161 736 3245 plena
766 3167 929 3246 potestate
951 3160 994 3226 ad
1017 3160 1236 3246 recipiendum
1260 3161 1293 3226 in
1316 3160 1383 3229 sois
1405 3160 1551 3226 manibus

219 3269 346 3333 nomine
370 3274 477 3334 nostro
501 3275 609 3334 castra
632 3268 804 3334 tortellicia
827 3268 922 3334 villas
950 3267 1050 3354 opida
1072 3267 1312 3334 iurisdictiones
1334 3276 1368 3334 et
1389 3268 1460 3334 iura
1483 3288 1551 3352 pre-

221 3375 310 3441 dicta
334 3382 367 3440 et
394 3373 568 3440 tenendum
597 3383 630 3442 et
653 3375 899 3442 custodiendum
923 3396 964 3442 ea
987 3383 1020 3442 et
1043 3374 1218 3460 gerendum
1242 3374 1551 3441 administrationem

221 3485 253 3548 in
276 3481 495 3568 spiritualibus
518 3489 551 3548 et
575 3483 804 3569 temporalibus
828 3485 968 3549 omnium
998 3482 1214 3568 predictorum
1238 3488 1275 3548 et
1294 3481 1496 3549 tractandum
1520 3489 1554 3547 et

221 3588 405 3656 faciendum
429 3589 546 3673 omnia,
581 3609 642 3673 qne
673 3592 772 3657 statui
800 3597 855 3657 tuo
887 3596 921 3657 et
943 3590 1104 3675 profectui
1127 3589 1270 3656 eiusdem
1295 3588 1432 3656 ecclesie
1455 3610 1553 3676 expe·

223 3697 292 3762 dire
316 3697 533 3781 cognovimus,
558 3697 753 3781 providimus
776 3697 962 3782 specialiter
985 3696 1203 3763 destinandos.
1255 3696 1398 3780 Ideoque
1422 3698 1553 3763 circum·

222 3803 420 3889 spectionem
448 3809 536 3869 tuam
564 3824 728 3870 monemus
752 3811 784 3870 et
807 3806 972 3872 hortamur
999 3811 1133 3881 attente,
1167 3805 1225 3870 tihi
1249 3805 1281 3868 in
1305 3805 1424 3871 virtute
1446 3804 1555 3871 obedi·

223 3912 309 3976 entie
332 3911 511 3977 districtius
532 3912 747 3996 iniungentes,
782 3913 941 3996 quatinus,
975 3932 1036 3995 que
1061 3931 1119 3998 per
1142 3911 1246 3976 dictos
1274 3918 1497 3996 procuratores
1522 3918 1555 3977 et

224 4018 357 4085 nuncios
383 4039 423 4085 ac
450 4020 574 4085 litteras
602 4026 674 4087 tuas
701 4022 733 4085 in
762 4029 872 4086 nostra
901 4028 934 4086 et
962 4020 1095 4085 fratrum
1119 4026 1296 4086 nostrorum
1320 4020 1483 4104 presentia
1506 4039 1554 4084 so·

224 4126 360 4191 teuniter
383 4126 567 4212 promisisti,
601 4127 786 4211 efficaciter,
815 4136 984 4214 postquam
1008 4147 1066 4214 per
1088 4126 1194 4193 dictos
1219 4126 1351 4192 nuncios
1373 4146 1470 4211 super
1494 4126 1555 4192 hoc

226 4234 325 4300 tueris
348 4232 530 4318 requisitus,
555 4236 640 4301 omni
664 4256 753 4302 mora
769 4237 949 4321 postposita
964 4235 1097 4302 studeas
1113 4233 1299 4320 adimplere,
1324 4234 1556 4319 possessionem

226 4351 403 4407 castrorum
437 4340 679 4408 tortelliciorum
710 4342 858 4408 villarum
893 4341 1061 4428 opidorum
1092 4340 1344 4408 iurisdictionem
1376 4348 1409 4407 et
1441 4341 1556 4407 iurium

226 4447 443 4533 predictorum
467 4448 652 4534 expeditam
676 4457 709 4515 et
732 4449 866 4516 liberam
890 4448 1010 4516 eisdem
1036 4448 1212 4535 capellanis
1236 4455 1269 4516 et
1292 4449 1417 4516 nunciis
1442 4449 1559 4514 nostris

226 4554 415 4622 obedienter
438 4561 472 4621 et
495 4556 668 4624 efficaciter
697 4557 855 4626 tradendo
879 4565 911 4624 et
942 4556 1137 4642 assignando
1161 4567 1195 4625 ct
1223 4558 1308 4624 tradi
1338 4565 1371 4624 et
1400 4557 1558 4640 assignari

227 4683 286 4749 per
308 4662 389 4728 alios
412 4662 573 4748 iaciendo,
606 4686 715 4734 omnes
744 4666 901 4752 opidanos
925 4665 1117 4732 castellanos
1140 4666 1277 4732 villanos
1305 4672 1337 4731 et
1362 4664 1559 4729 habitatores

229 4778 261 4836 et
284 4770 407 4836 incolas
435 4771 601 4855 opidorum
632 4782 808 4840 castrorum
833 4774 979 4840 villarum
1003 4782 1036 4838 et
1067 4774 1307 4840 lortalliciorum
1340 4771 1559 4858 predictorum
