3642 5509
280 326 338 387 274
838 334 908 390 1329
927 334 1055 391 October
1075 335 1117 389 13.

389 513 560 596 [Iohannes
584 515 696 598 XXII]
720 515 923 598 sibergensis
949 515 1058 580 Calon.
1086 513 1168 579 dioc.
1192 519 1224 577 et
1249 511 1281 578 S.
1308 509 1436 576 Martini
1461 509 1622 572 monaste-

281 622 398 685 riorum
423 621 596 686 abbatibus
619 642 659 687 ac
682 623 853 688 scolasIIco
878 622 956 687 eccl.
982 623 1014 687 S.
1041 621 1182 706 Georgii.

390 727 440 791 ad
465 735 585 792 statum
609 748 795 813 prosperum
819 735 1045 813 personatuum
1064 778 1070 792 .
1089 778 1122 792 ..
1149 729 1299 792 Porreetc
1323 725 1350 790 si
1374 721 1502 806 quidem
1527 718 1622 783 nobis

282 840 440 918 exparte
473 833 584 899 dilecti
616 834 672 899 filii
703 835 856 901 Iohannis
889 835 1004 900 decani
1036 834 1172 900 ecclesie
1196 831 1374 896 Bunnensis
1399 829 1508 926 Colon.
1534 824 1621 888 dioc.

283 940 401 1006 devote
424 941 590 1024 petitionis
612 943 711 1007 series
735 944 817 1007 inter
834 950 943 1007 cetera
960 942 1154 1023 continebat,
1180 939 1264 1023 quod
1282 939 1460 1004 decanatus
1478 930 1622 997 eiusdem

284 1047 420 1112 ecclesie
444 1047 591 1114 redditus
614 1047 712 1113 habet
736 1048 817 1113 adeo
842 1055 954 1114 termes
978 1055 1010 1114 ot
1034 1049 1144 1129 eriles,
1169 1046 1252 1130 quod
1279 1045 1421 1109 decanus
1444 1041 1543 1126 ipsius
1568 1057 1622 1102 ec-

283 1155 390 1236 clesie,
416 1155 469 1236 qui
494 1161 543 1219 est
567 1175 624 1239 pro
648 1161 801 1240 ternpore,
835 1157 1011 1238 nequiter
1035 1155 1082 1220 eis
1107 1152 1272 1219 commode
1295 1148 1468 1218 sustentari
1493 1165 1550 1210 uec
1576 1145 1623 1206 in-

284 1261 467 1325 cumbendo
490 1262 550 1325 sihi
577 1262 700 1326 rationo
725 1260 803 1326 dicti
828 1261 1005 1327 decanatus
1030 1283 1127 1327 onera
1150 1266 1350 1345 supportare.
1399 1255 1506 1332 Quare
1529 1251 1625 1315 nobis

283 1387 341 1452 pro
375 1372 466 1451 parte
498 1387 557 1432 sua
590 1369 650 1432 suit
683 1368 846 1434 humiliter
878 1369 1106 1453 supplicatum,
1142 1367 1226 1451 quod
1252 1363 1346 1449 [cum]
1380 1365 1450 1447 ipse
1482 1358 1624 1423 officium

283 1474 449 1543 cellerarie
474 1473 617 1539 ciusdem
641 1475 778 1540 ecclesie
802 1476 871 1540 siue
894 1495 972 1540 cura
998 1495 1123 1560 sempor
1147 1474 1273 1538 solitum
1299 1468 1464 1536 canonicis
1488 1466 1625 1551 preben-

284 1580 369 1645 datis
393 1579 535 1645 eiusdem
560 1580 696 1646 ecclesie
721 1583 817 1646 etiarn
835 1581 1011 1665 dignitates
1027 1602 1082 1646 seu
1101 1586 1290 1665 personatus
1306 1577 1385 1641 inibi
1403 1572 1627 1640 obtinentibus

283 1708 342 1772 per
365 1686 540 1771 capitulum
565 1687 707 1752 eiusdem
732 1688 869 1753 ecclesie
893 1688 937 1753 ad
960 1695 1085 1772 tempus
1110 1686 1276 1768 committi,
1300 1705 1364 1749 non
1387 1684 1626 1766 imperpetuum

284 1793 452 1876 assignari,
486 1793 583 1857 fuerit
617 1801 793 1878 assecutus,
827 1795 1060 1879 parrochialem
1095 1794 1263 1858 ecclesiam
1298 1792 1332 1856 S.
1366 1788 1509 1871 Remigii
1543 1786 1627 1848 Burr-

284 1920 414 1966 nenscm
439 1898 527 1964 dicte
551 1899 702 1983 diocesis,
726 1901 769 1965 ad
793 1920 899 1983 quam,
924 1909 1119 1983 commeat,
1144 1898 1341 1984 presentatio
1365 1895 1501 1960 rectoris
1525 1891 1627 1975 ipsius

284 2005 327 2070 ad
351 2005 473 2070 dictum
497 2005 673 2071 Iohannem
696 2009 820 2072 ratione
850 2007 1016 2072 cellerarie
1040 2006 1185 2092 predicte
1210 2005 1328 2070 dicitur
1352 2003 1524 2088 pertinere,
1554 2017 1626 2062 curn

285 2112 433 2176 omnibus
466 2112 586 2176 iuribus
620 2119 652 2176 et
684 2113 893 2197 pertinenciis
927 2114 993 2178 suis
1023 2113 1200 2178 decanatus
1229 2111 1357 2196 prelato
1388 2108 1626 2192 imperpetuum

285 2224 457 2282 annectere
481 2237 521 2280 ac
544 2218 634 2282 unire
651 2267 658 2282 .
676 2265 683 2279 .
703 2268 711 2283 .
733 2217 948 2302 dignaremur.
996 2219 1079 2296 Quia
1104 2239 1179 2283 vero
1204 2239 1267 2282 non
1290 2217 1447 2282 habemus
1471 2211 1627 2277 noticiam

285 2322 327 2387 de
351 2324 523 2406 premissis,
548 2324 734 2390 dIscretioni
758 2333 864 2391 vestre
886 2375 893 2389 .
913 2375 920 2390 .
939 2375 946 2390 .
967 2325 1165 2408 mandanms,
1192 2324 1343 2408 quatinus
1366 2370 1425 2386 ...
1451 2319 1492 2384 de
1517 2337 1629 2401 snpra-

285 2428 382 2494 dictis
398 2477 407 2494 .
425 2478 432 2492 .
450 2476 457 2490 .
476 2429 735 2495 informationem
759 2433 903 2516 recipere
928 2431 1086 2497 studeatis
1102 2437 1134 2496 et
1152 2429 1304 2514 quicquid
1323 2480 1330 2493 .
1350 2479 1356 2492 .
1376 2478 1383 2492 .
1400 2448 1460 2492 vos
1481 2424 1629 2490 inveniro

286 2536 469 2618 eontigerit,
494 2535 586 2601 nobis
610 2556 667 2620 per
690 2544 814 2602 rostras
837 2537 961 2602 lilteras
989 2586 996 2600 .
1022 2587 1029 2602 .
1059 2587 1065 2601 .
1096 2537 1215 2601 referre
1239 2537 1359 2601 curctis
1383 2533 1527 2598 fideliter
1552 2581 1559 2594 .
1586 2578 1594 2592 .
1623 2578 1629 2591 .

286 2642 363 2706 Dat.
387 2642 483 2706 Ario.
509 2643 558 2706 III
580 2643 653 2707 idus
677 2645 818 2710 octobris
841 2665 871 2708 a.
896 2644 1149 2726 quartodecImo.

436 2764 509 2833 Req.
529 2765 569 2818 93
595 2782 645 2819 nr.
665 2765 730 2819 782.

396 3043 517 3110 1⁷79.
543 3046 630 3109 1329
654 3045 794 3110 October·
819 3047 870 3109 13.
899 3044 1064 3131 Aoiprroo.

400 3185 560 3251 Iohannes
586 3186 685 3249 XXII
720 3186 839 3251 Iacobo
870 3185 958 3251 dicto
988 3187 1139 3252 Iohannis
1163 3186 1204 3251 de
1228 3187 1351 3252 luliaco
1375 3186 1460 3250 laico
1486 3189 1633 3249 reservat

287 3292 484 3376 prebendam
517 3312 574 3357 sen
608 3291 746 3355 officium
775 3291 891 3357 laicale
925 3300 1110 3359 consuetam
1143 3314 1199 3358 seu
1234 3299 1423 3357 consuetum
1456 3291 1554 3356 laicis
1583 3309 1631 3354 as·

287 3398 419 3481 signari,
443 3397 486 3461 ad
510 3396 753 3480 dispositionem
777 3397 933 3482 prepositi
958 3397 1072 3463 decani
1096 3405 1128 3463 et
1153 3399 1286 3483 capituli
1313 3399 1393 3463 eccl.
1418 3398 1454 3463 S.
1474 3395 1633 3462 Gereonis

289 3504 400 3568 Colou.
426 3503 637 3567 communiter
660 3502 711 3566 vel
735 3502 863 3570 divisim
887 3511 1048 3588 spectans.

396 3607 589 3692 Multiplieia
613 3614 667 3671 tue
691 3611 805 3674 merita
930 3612 1005 3677 Dat.
1029 3612 1124 3676 Arin.
1150 3613 1200 3677 111
1224 3612 1297 3678 idus
1321 3611 1466 3677 octobris
1491 3632 1521 3674 a.
1540 3629 1634 3692 quar-

289 3710 460 3777 todecimo.

396 3818 435 3882 In
459 3836 486 3881 e.
511 3838 553 3882 rn.
578 3820 742 3903 preposito
769 3828 802 3885 et
830 3820 954 3886 decano
979 3821 1011 3886 S.
1036 3822 1184 3889 Severini
1209 3823 1320 3889 Colon.
1345 3843 1385 3888 ac
1410 3823 1569 3887 Heinrico
1594 3820 1635 3885 de

290 3923 412 3988 luliaco
437 3925 600 4008 preposito
624 3924 765 3990 Traieet.
790 3927 1008 3992 ecclesiarum.

449 4046 524 4116 Ray.
544 4046 584 4099 93
601 4063 650 4100 rar.
669 4048 735 4101 308.

398 4314 523 4381 178⁰.
550 4317 637 4379 1329
660 4316 801 4382 October
824 4319 876 4382 13.
901 4317 1066 4402 Auipuou.

398 4455 558 4522 Iohannes
585 4457 683 4520 XXII
717 4457 960 4543 archiepiscopo
984 4458 1167 4526 Coloniensi
1191 4461 1343 4528 concedit
1366 4462 1566 4529 facultatem
1590 4484 1636 4530 re·

292 4560 430 4646 ciplendi
455 4583 475 4627 a
499 4561 678 4628 Godefrido
702 4561 743 4628 de
766 4561 870 4629 LobIo
899 4565 1054 4628 canonico
1082 4567 1162 4631 ecel.
1187 4569 1369 4635 BunnensIs
1398 4569 1516 4635 Gelon.
1549 4570 1636 4635 dioc.

290 4667 540 4752 resignationem
569 4667 704 4732 liberam
732 4687 835 4750 eaque
863 4674 996 4753 recepta
1024 4671 1212 4738 conferendi
1236 4676 1371 4740 carice
1400 4677 1637 4742 canonicatum
