3642 5509
278 408 314 464 26
788 409 858 465 leat
875 406 1048 467 November
1066 406 1109 464 30.

278 589 379 654 tensis
401 588 512 655 Gelon.
546 596 690 655 reservat
722 588 757 654 in
789 588 903 655 eadem
933 588 1012 655 eccl.
1037 586 1229 673 dignitatem
1252 589 1305 655 vel
1326 596 1531 675 personatum
1555 609 1613 655 sen

278 694 416 760 officium
441 715 513 761 cum
537 715 615 762 cura
638 693 691 762 vel
714 696 784 761 sine
808 716 885 762 cura
908 701 942 761 et
966 695 1122 761 ferculum
1147 703 1333 763 consuetum
1357 698 1521 763 canonicis
1543 716 1613 784 pre

277 801 425 868 bendatis
457 803 557 888 ipsius
589 802 727 868 ecclesie
756 803 927 887 assignari,
962 823 1025 868 non
1049 803 1197 867 obstante
1221 802 1306 885 quod
1332 806 1556 869 canonicatum
1580 810 1613 869 et

276 907 474 994 prebendam
509 908 542 974 in
577 908 666 975 dicta
701 909 780 975 eccl.
814 916 848 976 et
882 910 1117 994 parrochialem
1147 910 1315 975 ecclesiam
1346 912 1378 976 in
1402 910 1612 976 Humershem

277 1015 405 1101 prefate
438 1014 521 1082 dioc.
555 1016 688 1085 obtinet.
735 1017 860 1082 Tamen
894 1016 1077 1083 huiusmodi
1112 1016 1302 1101 dignitatem
1328 1018 1379 1084 vel
1407 1024 1612 1104 personatum

277 1142 333 1188 sen
357 1129 503 1219 curatum
524 1122 662 1189 officium
678 1130 856 1206 assecutus,
880 1122 1024 1189 dimittat
1042 1122 1163 1189 dictam
1181 1123 1415 1210 parrochialem
1432 1124 1611 1190 eeclesiam.

384 1229 500 1295 hierita
523 1237 577 1296 tue
600 1231 771 1316 probitatis
799 1281 807 1296 .
837 1280 845 1296 .
875 1279 883 1295 .
936 1231 1009 1296 Dat.
1033 1230 1127 1296 Avin.
1151 1231 1184 1295 Il
1210 1231 1255 1296 hl.
1280 1230 1461 1297 decembris
1485 1253 1512 1298 a
1535 1230 1613 1296 duo-

278 1336 414 1403 decimo.

384 1445 422 1509 In
445 1464 472 1511 e.
499 1466 540 1509 m.
574 1443 766 1530 Reyssensis
793 1452 825 1510 et
848 1444 1066 1511 Emhricensis
1090 1444 1199 1512 (lolon.
1223 1452 1255 1511 et
1279 1444 1423 1512 Traiect.
1448 1445 1531 1511 dioc.
1555 1443 1611 1510 de-

277 1553 367 1619 canis
399 1571 439 1617 ac
469 1552 589 1618 Iacobo
623 1551 664 1617 de
686 1552 811 1618 Mutina
845 1553 1014 1637 capellano
1047 1554 1157 1638 papali
1193 1554 1347 1619 canonico
1372 1552 1612 1619 Cameracensis

276 1660 496 1726 ecclesiarum.

429 1785 502 1855 ch.
519 1786 558 1838 85
574 1783 599 1854 f.
618 1784 685 1839 252⁴
703 1802 751 1841 nr.
771 1788 834 1841 713.

383 2044 506 2110 1340.
535 2048 620 2111 1327
643 2047 831 2113 November
852 2050 907 2114 30.
933 2046 1098 2135 Aoipoon.

381 2186 540 2255 lohannes
564 2188 665 2254 XXII
700 2189 904 2256 Theodorico
935 2189 1024 2257 dicto
1052 2190 1184 2257 Servier
1216 2188 1257 2255 de
1281 2190 1457 2274 Engessem
1492 2188 1609 2253 clerico

275 2294 386 2361 Colon.
403 2293 487 2371 dioc.
511 2302 655 2362 reservat
677 2296 867 2363 heneficium
891 2298 1146 2366 ecclesiasticum
1172 2318 1242 2364 cum
1268 2317 1346 2363 cnra
1366 2296 1418 2363 vel
1441 2296 1510 2361 sine
1534 2314 1610 2361 cura

276 2409 462 2469 consuetum
486 2402 612 2469 clericis
635 2404 833 2470 secularibus
860 2406 1019 2490 assignari
1043 2412 1195 2492 spectans
1220 2402 1263 2470 ad
1286 2402 1531 2489 dispositionem
1554 2402 1609 2468 ab·

275 2507 396 2575 batisse
419 2509 537 2592 regalis
559 2510 714 2577 secularis
737 2512 874 2577 ecclesie
890 2512 1065 2580 Altinensis
1082 2511 1224 2577 Traiect.
1242 2509 1337 2595 dioc,
1362 2510 1453 2577 cuius
1473 2512 1610 2595 fructus,

274 2617 302 2682 si
325 2623 478 2701 curatum,
504 2615 631 2701 viginti,
655 2618 682 2683 si
705 2638 781 2684 vero
803 2620 872 2684 sine
896 2639 974 2685 cura
997 2619 1105 2695 fuerit,
1129 2617 1311 2702 quindecim
1336 2616 1538 2684 marcharum
1562 2638 1610 2683 ar-

274 2724 366 2809 genti
388 2745 415 2791 s.
432 2730 455 2789 t.
472 2723 504 2790 d.
529 2724 669 2793 valorem
693 2745 832 2792 annuum
855 2748 920 2793 non
944 2725 1111 2793 excedant.

379 2832 502 2898 Meritis
527 2839 581 2898 tue
603 2834 774 2918 probitatis
800 2882 808 2899 .
834 2884 842 2900 .
868 2882 876 2899 .
923 2836 999 2900 Dat.
1025 2834 1120 2901 Avin.
1146 2835 1179 2899 II
1204 2833 1249 2899 kl.
1274 2832 1455 2901 decembris
1478 2854 1507 2898 a.
1532 2830 1609 2897 duo·

274 2938 410 3005 decimo.

381 3048 469 3113 Ine.
496 3068 537 3113 m.
573 3047 764 3133 Reyssensis
788 3056 821 3114 et
844 3049 1062 3117 limbriccnsis
1094 3050 1205 3117 Goion.
1239 3056 1272 3115 et
1300 3049 1444 3114 Traiect.
1477 3046 1609 3113 decanis

274 3174 314 3220 ac
336 3156 491 3239 magistro
515 3156 633 3221 Iacobo
657 3156 699 3220 de
722 3156 845 3222 Mutina
869 3158 1036 3241 capellano
1061 3157 1170 3243 papali
1195 3156 1351 3223 canonico
1367 3153 1608 3221 Cameracensis

274 3263 492 3333 ecclesiarum.

421 3388 494 3459 Bep.
512 3389 550 3442 86
569 3386 594 3457 f.
612 3387 671 3442 322
687 3402 736 3441 or.
754 3387 821 3443 900.

378 3656 493 3728 1841.
519 3622 613 3727 ι1327
637 3660 821 3728 December
847 3666 875 3729 l.
900 3662 1064 3751 Aoipooo.

378 3800 550 3887 [lohannes
576 3803 687 3889 XXll]
723 3805 820 3872 Otoni
850 3804 891 3872 de
916 3807 1083 3873 Herbercn
1115 3806 1269 3878 canonico
1306 3804 1445 3873 ecclesie
1470 3800 1606 3871 Wctsla·

271 3908 386 3978 riensis
408 3911 615 3979 Treverensis
638 3910 787 3979 diocesia.

376 4018 552 4085 Personam
580 4026 666 4085 tuam
694 4018 780 4106 apud
809 4042 934 4089 nos..
961 4072 968 4089 .
1015 4023 1100 4091 Sane
1122 4025 1237 4110 petitio
1260 4031 1317 4090 tua
1339 4022 1431 4088 nobis
1459 4015 1608 4086 exhibita

271 4124 467 4208 continebat,
491 4125 577 4209 quod
601 4133 634 4191 tn
657 4128 731 4192 olim
756 4138 900 4195 curatam
925 4131 1093 4198 ecclesiam
1117 4132 1150 4196 in
1172 4132 1293 4218 Sygem
1309 4132 1498 4221 Magantine
1521 4143 1605 4208 dioc.

272 4239 520 4300 ...assecutus
544 4233 633 4299 fuisti
656 4242 689 4300 et
712 4255 783 4301 eam
806 4257 864 4321 per
887 4236 1131 4321 quadriennium
1155 4244 1207 4308 vel
1232 4246 1318 4311 circa
1342 4250 1488 4333 tenuisti,
1523 4253 1607 4316 sicut

270 4337 378 4405 adhuc
401 4346 510 4405 tenere
533 4339 718 4426 dinosceris,
743 4342 867 4409 fructus
888 4346 1069 4429 percipiens
1086 4366 1126 4413 ex
1142 4349 1266 4433 cadem,
1290 4351 1333 4417 ad
1350 4376 1462 4423 sacros
1479 4356 1606 4423 ordines

270 4467 334 4512 non
357 4455 531 4532 promotus,
564 4445 805 4533 dispensatione
833 4450 941 4533 aliqua
964 4472 1059 4538 super
1084 4454 1144 4520 hoc
1168 4460 1209 4523 ab
1234 4462 1415 4545 apostolica
1440 4464 1519 4531 sede
1543 4484 1605 4530 non

271 4555 450 4622 obtenta..
468 4604 476 4621 .
494 4601 500 4617 .
527 4555 595 4624 Nos
617 4556 762 4639 igitur..
781 4605 800 4642 .,
823 4565 859 4623 ut
882 4559 1103 4628 ecclesiastica
1127 4564 1293 4652 beneficia,
1317 4571 1415 4636 etiam
1444 4574 1471 4637 si
1497 4592 1604 4637 curam

271 4662 413 4729 habeant
435 4664 622 4748 animarum,
648 4714 656 4730 .
682 4713 689 4730 .
715 4715 722 4732 .
748 4665 861 4759 libere¹
877 4666 1021 4753 recipere
1045 4678 1078 4736 et
1101 4672 1190 4738 licite
1215 4674 1352 4742 retinere
1376 4678 1502 4763 valeas,
1537 4698 1606 4765 pre·

270 4774 377 4843 missis
399 4794 438 4841 ac
461 4772 592 4841 deiectu
615 4775 779 4861 natalium,
803 4795 898 4860 quem
922 4781 1042 4865 pateris
1065 4778 1107 4849 de
1130 4781 1327 4849 subdiacono
1347 4786 1478 4871 genitus
1502 4792 1535 4853 et
1557 4804 1605 4855 sc
