3642 5509
281 431 336 486 331
837 429 909 484 1630
928 427 987 483 Mai
1008 429 1050 483 11.

283 610 440 694 Aquensis
464 617 497 675 et
520 608 553 674 S.
578 607 727 691 Gengulfi
759 609 792 673 in
818 608 1009 692 Heynsberg
1043 609 1251 673 canonicatus
1284 614 1316 672 et
1348 605 1530 690 prebendas
1563 605 1614 670 ob·

282 718 363 782 tinet
395 738 434 782 ac
467 717 499 780 in
532 717 711 781 Xanctensi
740 714 851 781 Gelon.
884 722 918 780 et
950 714 1051 781 Leod.
1076 713 1162 779 dioc.
1191 713 1269 779 6661.
1300 713 1358 777 sub
1390 710 1616 797 expectatione

281 823 444 911 prebende
467 825 660 888 auctoritate
684 823 863 907 apostolica
885 823 918 887 in
943 823 1132 887 canonicum
1157 827 1206 886 est
1228 825 1386 904 receptus.

389 929 484 996 Sedis
506 929 683 1014 apostolice
712 929 945 1013 circumspecta
973 981 980 997 .
1011 977 1019 992 .
1049 976 1056 992 .
1116 929 1191 992 Dat.
1218 925 1314 992 Avin.
1339 926 1366 990 V
1391 924 1463 991 idus
1486 926 1561 990 maii
1585 946 1615 990 a.

283 1036 535 1120 quartodecimo.

432 1161 505 1230 Rep.
524 1160 564 1214 96
582 1176 629 1214 nr.
649 1161 732 1214 3166.

389 1472 515 1539 leon.
540 1472 725 1537 13301161
750 1475 802 1536 11.
831 1469 1027 1556 (1161911611.)

391 1615 549 1680 Iohannes
575 1615 673 1679 XXII
710 1615 850 1679 Heurico
886 1620 962 1678 nato
998 1612 1136 1679 Gersrdi
1165 1612 1206 1677 de
1231 1613 1348 1678 Ousino
1383 1614 1458 1679 laici
1494 1613 1616 1679 confert

283 1725 363 1791 6661.
381 1724 558 1788 Bunneusis
583 1723 694 1788 Goion.
719 1721 804 1788 dioc.
829 1723 1064 1803 canonicatum,
1088 1719 1286 1806 prebendam
1310 1741 1386 1785 vero
1411 1721 1440 1785 ei
1463 1726 1616 1785 reservat..

391 1832 465 1897 Vite
488 1850 528 1895 ac
551 1850 672 1895 morum
697 1829 847 1895 honestas
863 1876 871 1891 .
890 1877 925 1894 ..
971 1829 1048 1892 Dat.
1072 1829 1166 1892 Avin.
1189 1828 1217 1893 V
1240 1827 1313 1892 idus
1336 1827 1411 1892 maii
1436 1848 1465 1891 a.
1490 1834 1617 1909 quarto

284 1938 420 2004 decimo.

390 2047 428 2110 In
451 2066 478 2112 e.
496 2068 538 2113 m.
561 2047 596 2115 S.
621 2046 851 2113 Pantbaleonis
875 2053 908 2111 et
932 2046 965 2112 S.
983 2045 1111 2110 Martini
1137 2046 1248 2111 Coton.
1274 2045 1537 2111 monasteriorum
1562 2043 1616 2108 ab·

284 2152 412 2219 batibus
435 2173 474 2219 ac
498 2153 637 2218 Henrico
663 2153 704 2219 de
728 2153 852 2218 luliaco
877 2153 1034 2218 canonico
1058 2153 1198 2217 Traiect.

445 2287 518 2354 Req.
537 2285 574 2339 95
592 2300 640 2339 ur.
660 2286 742 2340 1200.

388 2575 508 2641 10⁰5.
546 2577 635 2640 1330
657 2575 730 2641 Mai
760 2579 812 2640 11.
837 2576 1002 2660 Aoipuoa.

388 2717 548 2784 Iohannes
563 2717 662 2782 XXII
687 2718 870 2782 Hermanno
895 2725 971 2782 nato
996 2716 1149 2783 Iohannis
1173 2716 1214 2782 de
1231 2718 1361 2781 Pavone
1385 2715 1468 2780 laico
1493 2713 1618 2779 confert

284 2823 363 2887 eccl.
399 2823 458 2889 SS.
494 2825 717 2910 Apostolorum
748 2824 860 2890 Colon.
896 2825 1131 2907 canonicatum,
1167 2823 1365 2909 prebendam
1401 2842 1476 2887 vero
1499 2819 1617 2885 eidem

285 2936 437 2995 reservat.

391 3037 581 3123 Multiplicia
612 3040 727 3106 merita
760 3040 929 3122 probitatis
958 3089 964 3102 .
995 3088 1002 3102 .
1034 3087 1041 3102 .
1102 3040 1177 3103 Dat.
1213 3037 1307 3102 Avin.
1332 3037 1358 3101 V
1388 3035 1461 3101 idus
1488 3033 1564 3100 maii
1587 3053 1618 3098 a.

284 3144 535 3226 quartodecimo.

391 3253 427 3316 In
453 3272 481 3317 e.
500 3274 540 3318 m.
565 3255 600 3318 S.
617 3254 848 3320 Pantbsleonis
872 3261 904 3318 et
929 3254 962 3319 S.
988 3253 1117 3319 Martini
1142 3253 1253 3319 (161611.
1278 3251 1540 3319 monasteriorum
1564 3250 1618 3316 ab·

285 3358 413 3424 batibus
436 3379 476 3424 ac
499 3360 638 3424 Henrico
663 3360 704 3426 de
728 3361 849 3427 luliaco
873 3362 1029 3426 canonico
1053 3359 1264 3426 Traiectensi.

445 3483 722 3552 mamm

392 3782 514 3847 1906.
542 3783 629 3847 1330
652 3783 725 3847 Mai
753 3784 802 3846 11.
830 3780 993 3869 Aoipuou.

393 3923 564 4008 [Iohannes
586 3925 696 4008 XXII]
733 3927 916 3992 consulibus
954 3926 1086 3992 consilio
1116 3933 1148 3991 61
1178 3927 1335 3992 communi
1364 3926 1506 3992 civitatis
1529 3924 1618 3990 Colo-

286 4032 415 4097 niensis.

392 4137 501 4202 016161
523 4139 556 4202 in
580 4144 753 4223 conspectu
778 4136 831 4202 dei
856 4145 889 4202 et
914 4139 1091 4223 apostolice
1120 4137 1207 4204 sedis
1236 4137 1405 4205 sinceritas
1432 4144 1538 4204 vestre
1567 4136 1619 4202 de

286 4244 430 4309 vocionis
453 4252 485 4309 61
509 4244 594 4326 fidei,
618 4264 699 4327 quas
722 4242 765 4308 ad
788 4252 933 4310 sanctam
959 4245 1147 4328 Romanam,
1182 4251 1316 4310 matrem
1341 4253 1490 4327 vestram,
1520 4243 1620 4309 eccle·

286 4351 365 4416 siam
389 4357 551 4434 tamquam
578 4350 632 4415 filii
657 4350 890 4416 benedictionis
915 4356 947 4416 et
970 4353 1076 4434 gratie
1100 4353 1247 4436 gessistis
1270 4351 1428 4417 hactenus
1452 4357 1484 4416 et
1507 4369 1620 4435 gerere

287 4459 436 4522 continue
459 4478 521 4522 non
548 4459 691 4526 cessatis.
738 4458 807 4525 Nos
830 4459 1015 4541 itaque...
1038 4466 1178 4524 vestram
1202 4458 1443 4542 providenciam
1468 4459 1621 4523 attentius

287 4566 319 4628 in
349 4563 476 4629 domino
506 4564 723 4646 exhortamur,
758 4566 908 4647 quatinus
936 4565 968 4630 in
993 4563 1056 4630 fide
1081 4572 1113 4630 et
1137 4564 1309 4631 devotione
1339 4565 1519 4631 huiusmodi
1546 4613 1552 4630 .
1578 4613 1618 4630 ..

287 4673 499 4737 hereticorum
529 4681 562 4738 61
590 4672 844 4738 scismaticorum
876 4671 1091 4738 fraudulentis
1123 4672 1385 4756 persuasionibus
1408 4693 1447 4737 ac
1471 4671 1564 4738 minis
1588 4679 1620 4736 61

286 4778 548 4865 promissionibus
572 4777 823 4844 venenosis
848 4781 976 4844 omnino
1007 4780 1198 4864 contemptis
1226 4798 1348 4844 necnon
1373 4779 1464 4864 penis
1488 4798 1527 4844 ac
1551 4797 1620 4844 sen·
