3642 5509
322 454 374 510 124
854 456 923 513 1828
942 456 1078 511 Februsr
1096 456 1121 511 6.

321 642 510 719 oportunum
534 637 642 720 luerit,
665 636 846 702 ministrare
869 634 1094 702 ecelesiastica
1116 643 1327 719 sooramenta,
1352 635 1421 703 iure
1444 635 1652 704 eeclesiarum

321 743 568 827 parrochialium
591 764 717 828 semper
739 743 840 809 selvo.

427 852 585 916 Personas
620 857 743 917 vestros
778 849 839 915 deo
868 899 875 914 .
902 898 943 916 ..
996 852 1070 917 Dat.
1097 850 1192 916 Aviu.
1222 851 1302 917 VIII
1335 850 1408 917 idus
1441 850 1593 918 februarii
1622 872 1651 915 a.

320 956 519 1024 duodecimo.

480 1095 553 1165 1309.
571 1098 609 1150 87
625 1095 651 1167 Γ.
671 1096 726 1151 251
744 1112 793 1150 nr.
812 1096 898 1151 2661.

424 1366 545 1433 1407.
577 1369 664 1434 1328
687 1369 841 1434 Feoroar
864 1371 896 1434 6.
932 1366 1097 1455 deipnos.

290 1598 293 1601 Γ
425 1510 585 1577 Iohannes
613 1512 714 1578 XXII
749 1512 920 1598 Raynaldo
950 1512 1058 1579 comiti
1083 1514 1229 1581 Gelu-ensi
1252 1520 1285 1579 et
1308 1512 1441 1599 Sophye
1464 1512 1533 1578 eius
1557 1512 1648 1577 uxori

317 1616 475 1701 indulget,
502 1624 537 1683 nt
565 1620 704 1702 missum,
741 1640 813 1685 oum
837 1618 965 1703 urgebit
989 1622 1165 1687 necessitas
1187 1621 1239 1686 vel
1264 1640 1319 1686 eos
1341 1625 1417 1685 oute
1440 1617 1524 1684 diem
1549 1618 1648 1684 eonti-

317 1726 401 1807 gerit
433 1724 601 1809 profieisei,
637 1727 760 1811 possint
792 1727 864 1803 sibi,
899 1728 966 1793 suis
999 1726 1109 1794 liberis
1141 1746 1262 1810 sueque
1289 1724 1412 1793 lsmille
1435 1728 1545 1793 faeere
1568 1726 1651 1792 eele-

317 1832 413 1909 brari‚
437 1838 608 1916 antequam
631 1833 798 1901 illuoeseet
821 1834 902 1918 dies,
927 1836 1014 1901 eirea
1037 1841 1145 1901 tamen
1169 1835 1316 1901 diurnum
1339 1834 1453 1900 luoem.

423 1940 581 2007 Personas
613 1947 739 2008 vestras
770 1942 864 2008 nobis
887 1990 896 2008 .
922 1991 963 2008 ..
1010 1943 1088 2009 Dat.
1113 1943 1206 2010 Aviu.
1231 1942 1311 2008 VIII
1339 1940 1412 2007 idus
1439 1938 1593 2007 februarii
1616 1960 1645 2005 a.

316 2044 517 2113 duodecimo.

480 2172 551 2242 Rep.
569 2172 608 2226 87
623 2171 648 2241 Γ.
668 2174 706 2227 85
724 2188 771 2226 nr.
792 2173 881 2229 2289.

420 2430 542 2496 1408.
569 2434 656 2497 1328
678 2433 834 2498 Febroor
856 2436 887 2498 6.
912 2432 1077 2520 Avigoon.

420 2572 580 2640 Iohannes
604 2574 705 2639 XXII
739 2574 911 2660 Reynaldo
941 2576 1049 2641 comiti
1078 2575 1224 2642 Gelrensi
1254 2582 1287 2641 et
1316 2574 1437 2660 Sophie
1461 2574 1530 2641 eius
1553 2573 1644 2640 uxori

314 2677 469 2763 indulget,
494 2686 538 2762 ut,
562 2680 588 2747 si
613 2682 697 2746 forte
720 2680 761 2747 ed
786 2682 859 2748 loea
882 2681 1104 2749 eeclesiastico
1127 2684 1294 2769 supposita
1316 2680 1488 2749 interdicto
1513 2702 1568 2749 eos
1591 2680 1643 2747 de·

314 2784 435 2852 olinare
467 2788 655 2871 eontigerit,
692 2790 816 2874 possint
848 2788 910 2855 sibi
945 2789 1038 2876 ipsis,
1075 2789 1183 2856 liberis
1216 2797 1248 2855 et
1281 2789 1403 2855 familie
1435 2790 1501 2856 suis
1535 2788 1646 2855 divine

313 2892 419 2958 offioia
442 2894 599 2961 celebrari
630 2915 688 2981 per
722 2896 868 2982 proprios
892 2896 944 2962 vel
969 2896 1049 2963 ullos
1072 2896 1217 2983 ydoneos
1241 2890 1445 2982 presbiteros,
1474 2894 1645 2963 dummodo

313 2999 385 3086 ipsi,
409 3004 588 3088 presbiteri,
613 3003 704 3071 liberi
727 3012 760 3071 et
779 3004 904 3070 familia
921 3004 1058 3091 predicti
1076 3024 1204 3072 esuum
1220 3026 1284 3071 non
1299 3004 1447 3070 dederint
1462 3002 1644 3070 interdicto.

418 3110 462 3176 Ut
485 3130 563 3194 ergo
586 3110 696 3177 sedern
719 3112 963 3197 apostolieum.
988 3160 1025 3179 ..
1072 3112 1149 3178 Dat.
1173 3112 1268 3177 Avin.
1294 3112 1372 3177 VIII
1395 3110 1469 3178 idus
1491 3110 1644 3179 lebruerii

312 3236 343 3281 a.
367 3215 568 3283 duodecimo.

471 3340 543 3411 Rep.
563 3344 600 3397 87
617 3341 642 3409 Γ.
662 3344 701 3397 85
727 3358 776 3397 rer.
797 3342 885 3398 2238.

416 3603 540 3669 1409.
567 3608 653 3670 1328
677 3606 830 3671 Fetroar
853 3610 885 3671 6.
909 3605 1074 3693 Auipooo.

418 3744 577 3812 Iohannes
600 3746 698 3812 XXII
732 3746 903 3832 Raynoldo
933 3749 1041 3814 comiti
1066 3749 1212 3815 Gelrensi
1236 3757 1269 3815 et
1292 3748 1424 3836 Sophye
1454 3750 1522 3815 eius
1550 3751 1642 3816 uxori

310 3852 464 3936 elargitur
488 3851 650 3920 lieentinur
674 3852 813 3919 habendi
836 3855 940 3921 altere
964 3856 1123 3941 portatile.

416 3959 549 4026 Sincere
572 3959 753 4026 devotionis
772 3961 912 4028 effeetus
937 4011 944 4026 .
974 4011 981 4027 .
1007 4011 1015 4028 .
1068 3964 1143 4030 Dat.
1170 3963 1263 4029 Avin.
1289 3964 1368 4029 Vlll
1392 3964 1464 4031 idus
1487 3964 1642 4031 februarii

310 4085 340 4131 a.
365 4064 566 4133 duodecimo.

460 4191 533 4262 lisy.
549 4192 587 4246 87
606 4190 632 4260 Γ.
650 4194 688 4247 86
704 4207 752 4246 nr.
773 4192 859 4247 2236.

416 4453 533 4519 1410.
569 4457 655 4520 1328
682 4456 835 4522 ffetroar
857 4460 889 4522 6.
918 4456 1083 4544 dolpnon.

416 4595 575 4663 lohannes
588 4597 686 4661 XXll
709 4597 884 4682 Margarite
907 4600 1070 4666 comitisse
1093 4599 1237 4666 Gelrensi
1261 4600 1415 4687 indulget,
1439 4607 1474 4667 ut
1497 4603 1566 4669 eius
1589 4623 1641 4669 eo·

309 4701 429 4786 pellani
462 4701 567 4769 eidem
600 4705 736 4789 possint,
770 4707 917 4788 quotiens
950 4712 1140 4792 oportunum
1176 4708 1287 4789 luerit,
1323 4708 1503 4776 ministrare
1537 4711 1639 4777 eoele-

312 4808 445 4875 siestiea
466 4818 676 4889 sacramenta,
700 4814 769 4879 iure
792 4813 1000 4879 eeclesiarum
1024 4814 1271 4901 parroohialium
1295 4834 1421 4903 semper
1444 4818 1543 4883 salvo.
