3642 5509
263 399 317 455 rua
802 396 1039 469 1330Apr1123.

263 581 428 647 siasticum
453 600 524 646 cum
555 599 631 644 cura
657 580 708 644 vel
737 580 805 644 sine
829 599 918 662 eura,
946 579 1038 644 cuius
1061 577 1196 661 fructum,
1226 581 1253 644 si
1278 599 1349 646 cum
1374 598 1460 662 eura,
1485 581 1601 664 viginti

263 687 412 769 quinque,
447 689 474 752 si
507 709 582 753 vero
615 689 684 752 sinc
712 707 789 753 eura
817 688 925 769 fuerit,
964 684 1146 770 quindecim
1177 685 1378 752 marcharum
1401 689 1529 770 argenti
1553 708 1601 754 se-

262 793 437 859 secundum
468 794 666 859 taxationem
699 794 828 860 decime
853 795 995 860 valorem
1021 819 1159 864 annuum
1184 818 1248 863 non
1271 795 1442 878 excedunt,
1471 795 1514 861 ad
1539 795 1601 860 dis·

262 902 453 986 positionem
477 902 610 986 capituli
635 902 715 967 eccl.
739 903 772 967 S.
791 901 920 966 Andrec
943 903 1053 970 Oolon.
1079 906 1289 971 communiter
1313 904 1364 969 vel
1389 902 1516 967 divisim
1534 922 1601 987 per·

262 1009 377 1090 tineus,
410 1028 474 1072 non
503 1009 650 1073 obstante
681 1007 767 1090 quod
798 1009 830 1072 in
859 1010 938 1074 eccl.
971 1011 1002 1075 S.
1028 1011 1173 1076 Mauricii
1198 1011 1346 1096 predicta
1368 1010 1427 1074 sub
1452 1018 1601 1094 expecta-

265 1117 351 1180 tiene
385 1114 548 1199 prebende
582 1114 712 1180 maioris
744 1122 776 1180 et
809 1114 980 1198 dignitatis
1013 1138 1069 1184 seu
1104 1125 1295 1203 personatus
1326 1116 1376 1182 vel
1406 1115 1502 1181 officii
1530 1135 1601 1180 cum

265 1242 343 1287 cura
365 1223 416 1288 vel
449 1222 517 1287 sine
550 1243 627 1288 cura
659 1222 853 1287 auctoritate
878 1223 1058 1289 litterarum
1083 1224 1332 1310 apostolicarum
1357 1226 1389 1288 in
1413 1223 1601 1288 canonicum

266 1336 314 1393 est
346 1335 504 1413 receptus.
551 1329 674 1393 Tamen
707 1329 831 1394 litteras
865 1329 973 1412 quoad
1008 1330 1201 1415 dignitatem
1235 1351 1291 1396 seu
1322 1336 1528 1415 personatum
1552 1329 1602 1394 vel

266 1442 410 1500 curatum
435 1435 573 1500 officium
596 1441 713 1500 cassat.

372 1543 560 1627 Apostolioe
584 1541 799 1607 munificentie
822 1541 1040 1609 dexteram..
1061 1596 1066 1608 .
1116 1545 1193 1610 Dat.
1219 1543 1314 1609 Avin.
1341 1543 1437 1608 VIlll
1461 1542 1503 1606 kl.
1527 1542 1601 1606 maii

266 1670 295 1714 a.
320 1648 569 1732 quartodecimo.

373 1758 409 1820 ln
434 1777 462 1822 e.
486 1777 528 1821 m.
563 1755 686 1821 decano
712 1757 882 1821 Monaster.
919 1765 951 1822 et
985 1757 1148 1823 Tullensis
1181 1777 1220 1823 uo
1254 1758 1288 1822 S.
1313 1757 1469 1822 Gereonis
1493 1755 1602 1821 Colon.

265 1865 442 1930 scolasticis
466 1864 683 1928 ecclesiarum.

426 1988 498 2056 Rep.
521 1987 560 2039 96
577 2003 625 2040 ar.
644 1986 728 2040 1099.

370 2225 493 2292 1872.
521 2229 607 2293 1330
629 2227 730 2313 April
754 2231 808 2293 23.
837 2227 1003 2316 Auipoou.

374 2370 546 2454 [lohannes
570 2370 680 2454 XXll]
704 2371 944 2436 venerabilibus
968 2372 1122 2438 iratribus
1145 2371 1397 2457 archiepiscopis
1422 2379 1483 2436 etc.

373 2477 453 2543 Cum
477 2476 598 2542 dilecta
620 2477 653 2541 in
677 2477 804 2542 Olrristo
827 2477 893 2542 filia
918 2478 1034 2544 nobilis
1058 2479 1169 2543 mulier
1185 2479 1320 2544 Loretta
1336 2478 1376 2542 de
1393 2477 1601 2563 Spaynheym

266 2603 328 2666 que
350 2604 452 2669 nuper
467 2582 510 2649 ad
525 2584 636 2650 sedem
659 2585 872 2670 apostolicam
889 2606 948 2670 pro
965 2586 1061 2650 certis
1085 2586 1224 2668 negotiis
1248 2587 1482 2652 conscienciam
1508 2605 1599 2650 suam

266 2691 473 2774 tangentibus
508 2698 649 2774 venerat,
685 2693 726 2756 ab
754 2691 869 2757 eadem
897 2692 975 2757 sede
1010 2691 1181 2758 discedens
1210 2693 1253 2757 ad
1289 2700 1397 2778 partes
1433 2692 1604 2757 Alamanie

266 2798 386 2883 dirigat
409 2817 538 2881 gressus
560 2819 645 2882 suos,
676 2801 916 2865 universitatem
941 2806 1080 2866 vestram
1104 2819 1267 2866 monemus
1286 2848 1294 2863 .
1312 2849 1320 2864 .
1339 2848 1346 2863 .
1365 2805 1522 2881 quatenus
1540 2847 1547 2862 .
1567 2847 1574 2863 .
1594 2845 1601 2862 .

266 2904 371 2970 eidem
398 2924 517 2988 sueque
545 2907 666 2972 lamilie
695 2907 798 2972 nullas
826 2908 959 2972 iniurias
1065 2909 1097 2971 in
1124 2908 1269 2991 personis
1298 2925 1355 2971 seu
1380 2906 1470 2972 bonis
1495 2925 1603 2969 eorum

267 3011 414 3078 inseratis
432 3061 440 3077 .
459 3065 464 3076 .
485 3061 492 3077 .

375 3121 449 3184 Dat.
473 3121 568 3186 Asin.
594 3121 689 3186 VlIll
712 3122 757 3186 kl.
783 3123 859 3187 maii
884 3144 913 3188 a.
939 3121 1065 3188 decimo
1090 3128 1215 3205 quarto.

416 3244 488 3314 Reg.
509 3244 605 3314 1151'.
626 3245 665 3299 92
682 3261 730 3299 rar.
750 3247 844 3310 14985
865 3246 918 3300 122.
937 3247 1022 3300 1310.

372 3441 494 3509 1873.
525 3443 613 3508 1330
636 3442 735 3526 April
759 3442 813 3505 23.
840 3439 1006 3527 Aoipoou.

373 3585 535 3651 Iohannes
557 3584 657 3648 XXII
692 3583 932 3666 Osnaburgensi
965 3590 999 3649 et
1034 3581 1168 3648 decanis
1193 3580 1398 3648 Assindensis
1427 3601 1466 3646 ac
1490 3580 1608 3646 Alden·

266 3692 402 3758 zelensis
426 3692 626 3757 Coloniensis
650 3710 689 3755 ao
713 3691 931 3756 Traiectensis
962 3690 1102 3756 diocesis
1131 3689 1336 3755 ecclesiarum
1361 3687 1502 3770 mandat,
1531 3708 1607 3771 qua-

267 3799 353 3865 tinus
385 3799 538 3884 episoopo
571 3797 694 3863 decano
728 3805 761 3863 et
796 3798 939 3882 capitulo
970 3797 1213 3863 Monastericnsi
1243 3795 1383 3861 efficacis
1411 3794 1607 3861 defensionis

266 3905 407 3992 presidio
440 3905 625 3970 assistentes
658 3902 812 3988 deputati
843 3903 1007 3986 usquead
1033 3903 1282 3985 quinquennium
1307 3909 1550 3968 conservatores
1574 3907 1606 3966 et

267 4011 392 4078 iudices
423 4032 486 4076 non
518 4012 708 4098 permittant
741 4010 871 4076 eosdem
904 4029 1006 4095 super
1031 4010 1123 4075 bonis
1146 4018 1179 4075 et
1202 4009 1323 4074 iuribus
1345 4010 1412 4073 suis
1435 4029 1455 4072 a
1479 4008 1607 4091 quibus·

267 4138 402 4200 eumque
426 4117 569 4184 indebite
592 4117 768 4183 molestari.

374 4225 524 4290 Militanti
549 4224 684 4290 ecclesie
709 4226 784 4290 licet
807 4225 957 4289 immeriti
993 4273 999 4287 .
1029 4273 1035 4286 .
1067 4273 1074 4288 .
1123 4223 1197 4288 Dat.
1223 4223 1317 4288 Avin.
1343 4223 1438 4288 Vllll
1463 4221 1507 4286 kl.
1532 4222 1608 4286 maii

266 4354 295 4398 a.
321 4331 576 4415 quartodecimo.

420 4439 493 4508 Rep.
512 4439 550 4492 96
568 4455 615 4492 nr.
636 4438 726 4501 132&
749 4439 801 4493 Rz.
822 4440 905 4492 1308.

374 4634 608 4702 1874.1330
635 4634 737 4721 April
759 4637 814 4700 24.
840 4633 1011 4720 Auipnon.

373 4779 535 4846 lohannes
563 4777 662 4843 XXll
693 4778 918 4843 coloniensem
955 4777 1177 4860 Muguntinum
1220 4777 1423 4843 Bremensem
1461 4775 1609 4844 Salabur-
