<?xml version="1.0" encoding="UTF-8"?>
<!DOCTYPE html PUBLIC "-//W3C//DTD XHTML 1.0 Transitional//EN"
    "http://www.w3.org/TR/xhtml1/DTD/xhtml1-transitional.dtd">
<html xmlns="http://www.w3.org/1999/xhtml" xml:lang="en" lang="en">
 <head>
  <title>
</title>
<meta http-equiv="Content-Type" content="text/html;charset=utf-8" />
  <meta name='ocr-system' content='tesseract 3.04.00' />
  <meta name='ocr-capabilities' content='ocr_page ocr_carea ocr_par ocr_line ocrx_word'/>
</head>
<body>
  <div class='ocr_page' id='page_1' title='image "./urkundenundrege00thimgoog_0327.png"; bbox 0 0 3642 5509; ppageno 0'>
   <div class='ocr_carea' id='block_1_1' title="bbox 254 441 1094 503">
    <p class='ocr_par' dir='ltr' id='par_1_1' title="bbox 254 441 1094 503">
     <span class='ocr_line' id='line_1_1' title="bbox 254 441 1094 503; baseline 0.006 -5"><span class='ocrx_word' id='word_1_1' title='bbox 254 441 307 498; x_wconf 75' lang='lat'><em>298</em></span> <span class='ocrx_word' id='word_1_2' title='bbox 776 445 845 501; x_wconf 74' lang='lat'><strong>1329</strong></span> <span class='ocrx_word' id='word_1_3' title='bbox 864 447 1033 503; x_wconf 81' lang='lat' dir='ltr'>December</span> <span class='ocrx_word' id='word_1_4' title='bbox 1051 446 1094 502; x_wconf 82' lang='lat'><em>28.</em></span> 
     </span>
    </p>
   </div>
   <div class='ocr_carea' id='block_1_2' title="bbox 251 624 1585 1252">
    <p class='ocr_par' dir='ltr' id='par_1_2' title="bbox 251 624 1585 819">
     <span class='ocr_line' id='line_1_2' title="bbox 253 624 1585 712; baseline 0.005 -23"><span class='ocrx_word' id='word_1_5' title='bbox 253 644 316 690; x_wconf 92' lang='lat' dir='ltr'><em>non</em></span> <span class='ocrx_word' id='word_1_6' title='bbox 349 626 496 692; x_wconf 86' lang='lat' dir='ltr'><em>obstante</em></span> <span class='ocrx_word' id='word_1_7' title='bbox 531 624 616 709; x_wconf 93' lang='lat' dir='ltr'><em>quod</em></span> <span class='ocrx_word' id='word_1_8' title='bbox 650 628 682 692; x_wconf 90' lang='lat' dir='ltr'><em>in</em></span> <span class='ocrx_word' id='word_1_9' title='bbox 716 628 795 694; x_wconf 90' lang='lat' dir='ltr'><em>eccl.</em></span> <span class='ocrx_word' id='word_1_10' title='bbox 823 629 857 694; x_wconf 85' lang='lat' dir='ltr'><em>S.</em></span> <span class='ocrx_word' id='word_1_11' title='bbox 882 628 984 694; x_wconf 88' lang='lat' dir='ltr'><em>Marie</em></span> <span class='ocrx_word' id='word_1_12' title='bbox 1007 627 1149 712; x_wconf 87' lang='lat' dir='ltr'><em>Aquensi</em></span> <span class='ocrx_word' id='word_1_13' title='bbox 1177 627 1279 694; x_wconf 89' lang='lat' dir='ltr'><em>Leod.</em></span> <span class='ocrx_word' id='word_1_14' title='bbox 1310 628 1393 695; x_wconf 87' lang='lat' dir='ltr'><em>dioc.</em></span> <span class='ocrx_word' id='word_1_15' title='bbox 1425 626 1585 712; x_wconf 88' lang='lat' dir='ltr'><em>quandam</em></span> 
     </span>
     <span class='ocr_line' id='line_1_3' title="bbox 251 734 837 819; baseline 0.003 -21"><span class='ocrx_word' id='word_1_16' title='bbox 251 738 440 817; x_wconf 88' lang='lat' dir='ltr'><em>perpetuam</em></span> <span class='ocrx_word' id='word_1_17' title='bbox 465 734 678 819; x_wconf 78' lang='lat' dir='ltr'>capellaniam</span> <span class='ocrx_word' id='word_1_18' title='bbox 704 737 837 800; x_wconf 89' lang='lat' dir='ltr'><em>oblinet.</em></span> 
     </span>
    </p>

    <p class='ocr_par' dir='ltr' id='par_1_3' title="bbox 253 841 1585 1013">
     <span class='ocr_line' id='line_1_4' title="bbox 360 841 1585 928; baseline 0.003 -24"><span class='ocrx_word' id='word_1_19' title='bbox 360 841 429 906; x_wconf 78' lang='lat' dir='ltr'><em>&#39;luc</em></span> <span class='ocrx_word' id='word_1_20' title='bbox 453 841 624 925; x_wconf 81' lang='lat' dir='ltr'>probitatis</span> <span class='ocrx_word' id='word_1_21' title='bbox 647 844 838 907; x_wconf 87' lang='lat' dir='ltr'><em>merita...</em></span> <span class='ocrx_word' id='word_1_22' title='bbox 864 843 939 907; x_wconf 86' lang='lat' dir='ltr'><em>Dat.</em></span> <span class='ocrx_word' id='word_1_23' title='bbox 965 844 1059 909; x_wconf 79' lang='lat' dir='ltr'><em>Avin.</em></span> <span class='ocrx_word' id='word_1_24' title='bbox 1083 843 1185 908; x_wconf 85' lang='lat' dir='ltr'>XIIII</span> <span class='ocrx_word' id='word_1_25' title='bbox 1209 842 1253 907; x_wconf 90' lang='lat' dir='ltr'><em>kl.</em></span> <span class='ocrx_word' id='word_1_26' title='bbox 1278 843 1415 909; x_wconf 91' lang='lat' dir='ltr'><em>ianuarii</em></span> <span class='ocrx_word' id='word_1_27' title='bbox 1439 865 1468 909; x_wconf 87' lang='grc'><em>0.</em></span> <span class='ocrx_word' id='word_1_28' title='bbox 1493 864 1585 928; x_wconf 93' lang='lat' dir='ltr'><em>quar·</em></span> 
     </span>
     <span class='ocr_line' id='line_1_5' title="bbox 253 947 423 1013; baseline 0.012 -3"><span class='ocrx_word' id='word_1_29' title='bbox 253 947 423 1013; x_wconf 85' lang='lat' dir='ltr'><em>todecimo.</em></span> 
     </span>
    </p>

    <p class='ocr_par' dir='ltr' id='par_1_4' title="bbox 252 1057 1585 1252">
     <span class='ocr_line' id='line_1_6' title="bbox 358 1057 1585 1141; baseline 0.004 -21"><span class='ocrx_word' id='word_1_30' title='bbox 358 1057 396 1120; x_wconf 95' lang='lat' dir='ltr'><em>In</em></span> <span class='ocrx_word' id='word_1_31' title='bbox 420 1078 447 1122; x_wconf 91' lang='grc'><em>0.</em></span> <span class='ocrx_word' id='word_1_32' title='bbox 470 1080 511 1122; x_wconf 87' lang='lat' dir='ltr'><em>m.</em></span> <span class='ocrx_word' id='word_1_33' title='bbox 547 1058 671 1124; x_wconf 90' lang='lat' dir='ltr'><em>decano</em></span> <span class='ocrx_word' id='word_1_34' title='bbox 705 1066 737 1124; x_wconf 90' lang='lat' dir='ltr'><em>ct</em></span> <span class='ocrx_word' id='word_1_35' title='bbox 770 1060 893 1124; x_wconf 88' lang='lat' dir='ltr'><em>cantori</em></span> <span class='ocrx_word' id='word_1_36' title='bbox 928 1059 963 1122; x_wconf 91' lang='grc' dir='ltr'><em>Β.</em></span> <span class='ocrx_word' id='word_1_37' title='bbox 993 1058 1093 1124; x_wconf 89' lang='lat' dir='ltr'><em>Marie</em></span> <span class='ocrx_word' id='word_1_38' title='bbox 1117 1058 1277 1141; x_wconf 81' lang='lat' dir='ltr'>Aquensis</span> <span class='ocrx_word' id='word_1_39' title='bbox 1301 1057 1401 1124; x_wconf 86' lang='lat' dir='ltr'><em>Leod.</em></span> <span class='ocrx_word' id='word_1_40' title='bbox 1431 1057 1516 1125; x_wconf 88' lang='lat' dir='ltr'><em>dioc.</em></span> <span class='ocrx_word' id='word_1_41' title='bbox 1545 1077 1585 1124; x_wconf 93' lang='lat' dir='ltr'><em>ac</em></span> 
     </span>
     <span class='ocr_line' id='line_1_7' title="bbox 252 1161 1436 1252; baseline 0.003 -26"><span class='ocrx_word' id='word_1_42' title='bbox 252 1161 368 1228; x_wconf 88' lang='lat' dir='ltr'><em>Bosolo</em></span> <span class='ocrx_word' id='word_1_43' title='bbox 392 1164 432 1229; x_wconf 88' lang='lat' dir='ltr'><em>de</em></span> <span class='ocrx_word' id='word_1_44' title='bbox 456 1166 574 1231; x_wconf 90' lang='lat' dir='ltr'><em>Parma</em></span> <span class='ocrx_word' id='word_1_45' title='bbox 597 1165 753 1232; x_wconf 91' lang='lat' dir='ltr'><em>canonico</em></span> <span class='ocrx_word' id='word_1_46' title='bbox 778 1167 992 1232; x_wconf 86' lang='lat' dir='ltr'><em>Tornaccnsis</em></span> <span class='ocrx_word' id='word_1_47' title='bbox 1020 1165 1100 1232; x_wconf 91' lang='grc'><strong>0001.</strong></span> <span class='ocrx_word' id='word_1_48' title='bbox 1126 1166 1292 1252; x_wconf 88' lang='lat' dir='ltr'><em>capellano</em></span> <span class='ocrx_word' id='word_1_49' title='bbox 1316 1166 1436 1252; x_wconf 85' lang='lat' dir='ltr'><em>papali.</em></span> 
     </span>
    </p>
   </div>
   <div class='ocr_carea' id='block_1_3' title="bbox 401 1307 680 1377">
    <p class='ocr_par' dir='ltr' id='par_1_5' title="bbox 401 1307 680 1377">
     <span class='ocr_line' id='line_1_8' title="bbox 401 1307 680 1377; baseline 0 -15"><span class='ocrx_word' id='word_1_50' title='bbox 401 1307 473 1377; x_wconf 75' lang='lat' dir='ltr'><em>ch.</em></span> <span class='ocrx_word' id='word_1_51' title='bbox 492 1309 532 1364; x_wconf 87' lang='grc'><em>93</em></span> <span class='ocrx_word' id='word_1_52' title='bbox 549 1324 597 1362; x_wconf 83' lang='lat' dir='ltr'><em>or.</em></span> <span class='ocrx_word' id='word_1_53' title='bbox 617 1309 680 1364; x_wconf 88' lang='lat'><strong><em>989.</em></strong></span> 
     </span>
    </p>
   </div>
   <div class='ocr_carea' id='block_1_4' title="bbox 357 1674 1072 1765">
    <p class='ocr_par' dir='ltr' id='par_1_6' title="bbox 357 1674 1072 1765">
     <span class='ocr_line' id='line_1_9' title="bbox 357 1674 1072 1765; baseline 0.001 -25"><span class='ocrx_word' id='word_1_54' title='bbox 357 1674 478 1744; x_wconf 86' lang='grc'><strong>1821.</strong></span> <span class='ocrx_word' id='word_1_55' title='bbox 510 1678 596 1742; x_wconf 85' lang='lat'><em>1329</em></span> <span class='ocrx_word' id='word_1_56' title='bbox 622 1678 805 1743; x_wconf 82' lang='lat' dir='ltr'><em>December</em></span> <span class='ocrx_word' id='word_1_57' title='bbox 828 1679 882 1742; x_wconf 81' lang='lat'><em>28.</em></span> <span class='ocrx_word' id='word_1_58' title='bbox 907 1675 1072 1765; x_wconf 79' lang='lat' dir='ltr'><em>Avipnore.</em></span> 
     </span>
    </p>
   </div>
   <div class='ocr_carea' id='block_1_5' title="bbox 250 1837 1583 2760">
    <p class='ocr_par' dir='ltr' id='par_1_7' title="bbox 250 1837 1583 2545">
     <span class='ocr_line' id='line_1_10' title="bbox 359 1837 1581 1924; baseline 0.001 -23"><span class='ocrx_word' id='word_1_59' title='bbox 359 1837 518 1903; x_wconf 88' lang='lat' dir='ltr'><em>Iohannes</em></span> <span class='ocrx_word' id='word_1_60' title='bbox 535 1838 634 1903; x_wconf 89' lang='lat' dir='ltr'>XXII</span> <span class='ocrx_word' id='word_1_61' title='bbox 657 1837 792 1903; x_wconf 83' lang='lat' dir='ltr'>Iohanni</span> <span class='ocrx_word' id='word_1_62' title='bbox 816 1838 857 1902; x_wconf 91' lang='lat' dir='ltr'><em>de</em></span> <span class='ocrx_word' id='word_1_63' title='bbox 873 1839 1048 1905; x_wconf 88' lang='lat' dir='ltr'><em>Monticulo</em></span> <span class='ocrx_word' id='word_1_64' title='bbox 1072 1839 1188 1905; x_wconf 79' lang='lat' dir='ltr'><em>rectori</em></span> <span class='ocrx_word' id='word_1_65' title='bbox 1212 1838 1422 1924; x_wconf 76' lang='lat' dir='ltr'><strong>parrochialis</strong></span> <span class='ocrx_word' id='word_1_66' title='bbox 1446 1839 1581 1904; x_wconf 79' lang='lat' dir='ltr'><em>ecclesie</em></span> 
     </span>
     <span class='ocr_line' id='line_1_11' title="bbox 251 1941 1583 2030; baseline 0.002 -23"><span class='ocrx_word' id='word_1_67' title='bbox 251 1941 292 2008; x_wconf 91' lang='lat' dir='ltr'><em>de</em></span> <span class='ocrx_word' id='word_1_68' title='bbox 316 1943 502 2030; x_wconf 84' lang='lat' dir='ltr'><em>Paffindorp</em></span> <span class='ocrx_word' id='word_1_69' title='bbox 526 1946 636 2011; x_wconf 78' lang='lat' dir='ltr'><em>dolon.</em></span> <span class='ocrx_word' id='word_1_70' title='bbox 661 1944 747 2010; x_wconf 90' lang='lat' dir='ltr'><em>dioc.</em></span> <span class='ocrx_word' id='word_1_71' title='bbox 771 1944 928 2030; x_wconf 83' lang='lat' dir='ltr'><em>indulget,</em></span> <span class='ocrx_word' id='word_1_72' title='bbox 958 1953 994 2010; x_wconf 92' lang='lat' dir='ltr'><em>ut</em></span> <span class='ocrx_word' id='word_1_73' title='bbox 1017 1947 1142 2012; x_wconf 87' lang='lat' dir='ltr'><em>ratione</em></span> <span class='ocrx_word' id='word_1_74' title='bbox 1166 1945 1253 2012; x_wconf 88' lang='lat' dir='ltr'><em>dicte</em></span> <span class='ocrx_word' id='word_1_75' title='bbox 1277 1946 1422 2027; x_wconf 86' lang='lat' dir='ltr'><em>ecclesie,</em></span> <span class='ocrx_word' id='word_1_76' title='bbox 1456 1945 1497 2010; x_wconf 91' lang='lat' dir='ltr'><em>de</em></span> <span class='ocrx_word' id='word_1_77' title='bbox 1521 1966 1583 2028; x_wconf 89' lang='lat' dir='ltr'><em>qua</em></span> 
     </span>
     <span class='ocr_line' id='line_1_12' title="bbox 251 2050 1581 2138; baseline 0.001 -23"><span class='ocrx_word' id='word_1_78' title='bbox 251 2052 280 2115; x_wconf 86' lang='grc'><em>01</em></span> <span class='ocrx_word' id='word_1_79' title='bbox 304 2051 424 2116; x_wconf 86' lang='lat' dir='ltr'><em>dudum</em></span> <span class='ocrx_word' id='word_1_80' title='bbox 448 2073 506 2137; x_wconf 90' lang='lat' dir='ltr'><em>per</em></span> <span class='ocrx_word' id='word_1_81' title='bbox 529 2053 653 2119; x_wconf 86' lang='lat' dir='ltr'><em>litteras</em></span> <span class='ocrx_word' id='word_1_82' title='bbox 677 2052 872 2136; x_wconf 83' lang='lat' dir='ltr'><em>apostolicas</em></span> <span class='ocrx_word' id='word_1_83' title='bbox 888 2058 937 2118; x_wconf 84' lang='lat' dir='ltr'><em>est</em></span> <span class='ocrx_word' id='word_1_84' title='bbox 961 2053 1133 2137; x_wconf 85' lang='lat' dir='ltr'><em>provisum,</em></span> <span class='ocrx_word' id='word_1_85' title='bbox 1157 2073 1253 2138; x_wconf 87' lang='lat' dir='ltr'><em>super</em></span> <span class='ocrx_word' id='word_1_86' title='bbox 1276 2071 1340 2136; x_wconf 87' lang='lat' dir='ltr'><em>qua</em></span> <span class='ocrx_word' id='word_1_87' title='bbox 1363 2050 1449 2137; x_wconf 87' lang='lat' dir='ltr'><em>apud</em></span> <span class='ocrx_word' id='word_1_88' title='bbox 1474 2052 1581 2118; x_wconf 88' lang='lat' dir='ltr'><em>sedem</em></span> 
     </span>
     <span class='ocr_line' id='line_1_13' title="bbox 251 2157 1582 2245; baseline 0.002 -23"><span class='ocrx_word' id='word_1_89' title='bbox 251 2159 460 2242; x_wconf 88' lang='lat' dir='ltr'><em>apostolicam</em></span> <span class='ocrx_word' id='word_1_90' title='bbox 493 2159 615 2242; x_wconf 88' lang='lat' dir='ltr'><em>litigat,</em></span> <span class='ocrx_word' id='word_1_91' title='bbox 650 2179 751 2241; x_wconf 89' lang='lat' dir='ltr'><em>usque</em></span> <span class='ocrx_word' id='word_1_92' title='bbox 784 2158 825 2223; x_wconf 89' lang='lat' dir='ltr'><em>ad</em></span> <span class='ocrx_word' id='word_1_93' title='bbox 859 2157 1030 2224; x_wconf 85' lang='lat' dir='ltr'><em>triennium</em></span> <span class='ocrx_word' id='word_1_94' title='bbox 1064 2182 1084 2226; x_wconf 91' lang='grc'><em>0</em></span> <span class='ocrx_word' id='word_1_95' title='bbox 1117 2159 1195 2225; x_wconf 89' lang='lat' dir='ltr'><em>data</em></span> <span class='ocrx_word' id='word_1_96' title='bbox 1229 2161 1422 2244; x_wconf 89' lang='lat' dir='ltr'><em>presentium</em></span> <span class='ocrx_word' id='word_1_97' title='bbox 1457 2180 1582 2245; x_wconf 91' lang='lat' dir='ltr'><em>compu-</em></span> 
     </span>
     <span class='ocr_line' id='line_1_14' title="bbox 250 2265 1581 2352; baseline 0.002 -23"><span class='ocrx_word' id='word_1_98' title='bbox 250 2265 382 2330; x_wconf 85' lang='lat' dir='ltr'><em>tandum</em></span> <span class='ocrx_word' id='word_1_99' title='bbox 398 2286 461 2331; x_wconf 92' lang='lat' dir='ltr'><em>non</em></span> <span class='ocrx_word' id='word_1_100' title='bbox 478 2273 625 2331; x_wconf 88' lang='lat' dir='ltr'><em>teneatur</em></span> <span class='ocrx_word' id='word_1_101' title='bbox 643 2267 676 2331; x_wconf 95' lang='lat' dir='ltr'><em>in</em></span> <span class='ocrx_word' id='word_1_102' title='bbox 692 2267 905 2351; x_wconf 83' lang='lat' dir='ltr'><em>presbiterum</em></span> <span class='ocrx_word' id='word_1_103' title='bbox 923 2269 1112 2352; x_wconf 89' lang='lat' dir='ltr'><em>promoveri,</em></span> <span class='ocrx_word' id='word_1_104' title='bbox 1139 2269 1266 2352; x_wconf 87' lang='lat' dir='ltr'><em>proviso</em></span> <span class='ocrx_word' id='word_1_105' title='bbox 1292 2266 1376 2351; x_wconf 88' lang='lat' dir='ltr'><em>quod</em></span> <span class='ocrx_word' id='word_1_106' title='bbox 1400 2273 1474 2352; x_wconf 86' lang='lat' dir='ltr'><em>post</em></span> <span class='ocrx_word' id='word_1_107' title='bbox 1498 2268 1581 2352; x_wconf 89' lang='lat' dir='ltr'><em>elap-</em></span> 
     </span>
     <span class='ocr_line' id='line_1_15' title="bbox 250 2373 1579 2460; baseline 0.002 -24"><span class='ocrx_word' id='word_1_108' title='bbox 250 2393 318 2436; x_wconf 93' lang='lat' dir='ltr'><em>sum</em></span> <span class='ocrx_word' id='word_1_109' title='bbox 351 2374 518 2438; x_wconf 89' lang='lat' dir='ltr'><em>triennium</em></span> <span class='ocrx_word' id='word_1_110' title='bbox 552 2393 586 2439; x_wconf 90' lang='lat' dir='ltr'><em>se</em></span> <span class='ocrx_word' id='word_1_111' title='bbox 618 2373 720 2438; x_wconf 85' lang='lat' dir='ltr'><em>faciat</em></span> <span class='ocrx_word' id='word_1_112' title='bbox 752 2375 881 2439; x_wconf 84' lang='lat' dir='ltr'><em>statutis</em></span> <span class='ocrx_word' id='word_1_113' title='bbox 917 2396 937 2439; x_wconf 87' lang='lat' dir='ltr'><em>a</em></span> <span class='ocrx_word' id='word_1_114' title='bbox 968 2375 1037 2439; x_wconf 90' lang='lat' dir='ltr'><em>iure</em></span> <span class='ocrx_word' id='word_1_115' title='bbox 1070 2376 1270 2460; x_wconf 76' lang='lat' dir='ltr'><em>temporibus</em></span> <span class='ocrx_word' id='word_1_116' title='bbox 1303 2375 1336 2438; x_wconf 93' lang='lat' dir='ltr'><em>in</em></span> <span class='ocrx_word' id='word_1_117' title='bbox 1370 2375 1579 2459; x_wconf 85' lang='lat' dir='ltr'><em>presbiterum</em></span> 
     </span>
     <span class='ocr_line' id='line_1_16' title="bbox 251 2479 401 2545; baseline 0 -1"><span class='ocrx_word' id='word_1_118' title='bbox 251 2479 401 2545; x_wconf 89' lang='lat' dir='ltr'><em>ordinari.</em></span> 
     </span>
    </p>

    <p class='ocr_par' dir='ltr' id='par_1_8' title="bbox 251 2587 1582 2760">
     <span class='ocr_line' id='line_1_17' title="bbox 357 2587 1582 2672; baseline 0.002 -21"><span class='ocrx_word' id='word_1_119' title='bbox 357 2587 480 2653; x_wconf 88' lang='lat' dir='ltr'><em>Meritis</em></span> <span class='ocrx_word' id='word_1_120' title='bbox 504 2594 556 2653; x_wconf 91' lang='lat' dir='ltr'><em>tue</em></span> <span class='ocrx_word' id='word_1_121' title='bbox 581 2588 750 2672; x_wconf 79' lang='lat' dir='ltr'><em>probitatis</em></span> <span class='ocrx_word' id='word_1_122' title='bbox 779 2637 786 2653; x_wconf 89' lang='lat'><strong>.</strong></span> <span class='ocrx_word' id='word_1_123' title='bbox 813 2637 820 2652; x_wconf 92' lang='lat'><em>.</em></span> <span class='ocrx_word' id='word_1_124' title='bbox 850 2639 857 2654; x_wconf 92' lang='lat'>.</span> <span class='ocrx_word' id='word_1_125' title='bbox 909 2589 984 2654; x_wconf 88' lang='lat' dir='ltr'><em>Dat.</em></span> <span class='ocrx_word' id='word_1_126' title='bbox 1012 2589 1146 2654; x_wconf 84' lang='lat' dir='ltr'><em>ArinV</em></span> <span class='ocrx_word' id='word_1_127' title='bbox 1173 2589 1218 2652; x_wconf 89' lang='lat' dir='ltr'><em>kl.</em></span> <span class='ocrx_word' id='word_1_128' title='bbox 1243 2587 1380 2654; x_wconf 90' lang='lat' dir='ltr'><em>ianuarii</em></span> <span class='ocrx_word' id='word_1_129' title='bbox 1404 2610 1433 2653; x_wconf 88' lang='lat' dir='ltr'><em>a.</em></span> <span class='ocrx_word' id='word_1_130' title='bbox 1458 2593 1582 2671; x_wconf 88' lang='lat' dir='ltr'><em>quarto·</em></span> 
     </span>
     <span class='ocr_line' id='line_1_18' title="bbox 251 2693 387 2760; baseline 0.007 -1"><span class='ocrx_word' id='word_1_131' title='bbox 251 2693 387 2760; x_wconf 88' lang='lat' dir='ltr'><em>decimo.</em></span> 
     </span>
    </p>
   </div>
   <div class='ocr_carea' id='block_1_6' title="bbox 398 2828 693 2897">
    <p class='ocr_par' dir='ltr' id='par_1_9' title="bbox 398 2828 693 2897">
     <span class='ocr_line' id='line_1_19' title="bbox 398 2828 693 2897; baseline -0.003 -15"><span class='ocrx_word' id='word_1_132' title='bbox 398 2828 470 2897; x_wconf 76' lang='lat' dir='ltr'><em>Rep.</em></span> <span class='ocrx_word' id='word_1_133' title='bbox 490 2828 593 2882; x_wconf 82' lang='grc'><strong>9401.</strong></span> <span class='ocrx_word' id='word_1_134' title='bbox 613 2828 693 2882; x_wconf 83' lang='lat'><em>1013.</em></span> 
     </span>
    </p>
   </div>
   <div class='ocr_carea' id='block_1_7' title="bbox 355 3200 1072 3288">
    <p class='ocr_par' dir='ltr' id='par_1_10' title="bbox 355 3200 1072 3288">
     <span class='ocr_line' id='line_1_20' title="bbox 355 3200 1072 3288; baseline -0.001 -21"><span class='ocrx_word' id='word_1_135' title='bbox 355 3202 477 3267; x_wconf 86' lang='grc'><strong>1822.</strong></span> <span class='ocrx_word' id='word_1_136' title='bbox 503 3202 589 3266; x_wconf 85' lang='lat'><em>1329</em></span> <span class='ocrx_word' id='word_1_137' title='bbox 613 3202 795 3267; x_wconf 85' lang='lat' dir='ltr'><em>December</em></span> <span class='ocrx_word' id='word_1_138' title='bbox 817 3203 871 3267; x_wconf 82' lang='lat'><em>30.</em></span> <span class='ocrx_word' id='word_1_139' title='bbox 906 3200 1072 3288; x_wconf 81' lang='lat' dir='ltr'><em>Aoipaon.</em></span> 
     </span>
    </p>
   </div>
   <div class='ocr_carea' id='block_1_8' title="bbox 246 3361 1582 4713">
    <p class='ocr_par' dir='ltr' id='par_1_11' title="bbox 246 3361 1582 4195">
     <span class='ocr_line' id='line_1_21' title="bbox 353 3361 1582 3429; baseline -0.001 -2"><span class='ocrx_word' id='word_1_140' title='bbox 353 3361 511 3427; x_wconf 90' lang='lat' dir='ltr'><em>Iohannes</em></span> <span class='ocrx_word' id='word_1_141' title='bbox 534 3362 634 3427; x_wconf 90' lang='lat' dir='ltr'>XXII</span> <span class='ocrx_word' id='word_1_142' title='bbox 658 3363 808 3428; x_wconf 87' lang='lat' dir='ltr'><em>Gotfrido</em></span> <span class='ocrx_word' id='word_1_143' title='bbox 832 3361 874 3428; x_wconf 90' lang='lat' dir='ltr'><em>de</em></span> <span class='ocrx_word' id='word_1_144' title='bbox 897 3364 930 3428; x_wconf 85' lang='lat' dir='ltr'><em>S.</em></span> <span class='ocrx_word' id='word_1_145' title='bbox 954 3363 1128 3429; x_wconf 80' lang='lat' dir='ltr'><em>Ouniberto</em></span> <span class='ocrx_word' id='word_1_146' title='bbox 1153 3362 1277 3428; x_wconf 84' lang='lat' dir='ltr'><em>confert</em></span> <span class='ocrx_word' id='word_1_147' title='bbox 1300 3363 1379 3428; x_wconf 90' lang='lat' dir='ltr'><em>eccl.</em></span> <span class='ocrx_word' id='word_1_148' title='bbox 1405 3361 1506 3427; x_wconf 89' lang='lat' dir='ltr'><em>Leod.</em></span> <span class='ocrx_word' id='word_1_149' title='bbox 1532 3382 1582 3426; x_wconf 88' lang='lat' dir='ltr'><em>ca-</em></span> 
     </span>
     <span class='ocr_line' id='line_1_22' title="bbox 248 3467 1580 3556; baseline 0 -23"><span class='ocrx_word' id='word_1_150' title='bbox 248 3471 441 3545; x_wconf 86' lang='lat' dir='ltr'><em>nonicatum,</em></span> <span class='ocrx_word' id='word_1_151' title='bbox 466 3469 663 3554; x_wconf 88' lang='lat' dir='ltr'><em>prebendam</em></span> <span class='ocrx_word' id='word_1_152' title='bbox 687 3491 762 3534; x_wconf 90' lang='lat' dir='ltr'><em>vero</em></span> <span class='ocrx_word' id='word_1_153' title='bbox 786 3476 819 3535; x_wconf 87' lang='lat' dir='ltr'><em>ct</em></span> <span class='ocrx_word' id='word_1_154' title='bbox 842 3467 1040 3552; x_wconf 88' lang='lat' dir='ltr'><em>dignitatem</em></span> <span class='ocrx_word' id='word_1_155' title='bbox 1062 3471 1113 3535; x_wconf 96' lang='grc'><em>101</em></span> <span class='ocrx_word' id='word_1_156' title='bbox 1137 3476 1340 3556; x_wconf 87' lang='lat' dir='ltr'><em>personatum</em></span> <span class='ocrx_word' id='word_1_157' title='bbox 1365 3489 1419 3534; x_wconf 86' lang='lat' dir='ltr'><em>seu</em></span> <span class='ocrx_word' id='word_1_158' title='bbox 1445 3468 1580 3534; x_wconf 90' lang='lat' dir='ltr'><em>officium</em></span> 
     </span>
     <span class='ocr_line' id='line_1_23' title="bbox 249 3575 1581 3658; baseline -0.002 -16"><span class='ocrx_word' id='word_1_159' title='bbox 249 3597 319 3642; x_wconf 90' lang='lat' dir='ltr'><em>cum</em></span> <span class='ocrx_word' id='word_1_160' title='bbox 344 3597 421 3642; x_wconf 84' lang='lat' dir='ltr'><em>cura</em></span> <span class='ocrx_word' id='word_1_161' title='bbox 437 3576 488 3641; x_wconf 90' lang='lat' dir='ltr'><em>vel</em></span> <span class='ocrx_word' id='word_1_162' title='bbox 504 3577 573 3640; x_wconf 90' lang='lat' dir='ltr'><em>sine</em></span> <span class='ocrx_word' id='word_1_163' title='bbox 596 3595 673 3640; x_wconf 90' lang='lat' dir='ltr'><em>cura</em></span> <span class='ocrx_word' id='word_1_164' title='bbox 698 3577 729 3640; x_wconf 93' lang='lat' dir='ltr'><em>in</em></span> <span class='ocrx_word' id='word_1_165' title='bbox 754 3576 842 3640; x_wconf 86' lang='lat' dir='ltr'><em>dicta</em></span> <span class='ocrx_word' id='word_1_166' title='bbox 865 3577 1014 3658; x_wconf 82' lang='lat' dir='ltr'><em>ecclesia,</em></span> <span class='ocrx_word' id='word_1_167' title='bbox 1039 3576 1210 3642; x_wconf 89' lang='lat' dir='ltr'><em>dummodo</em></span> <span class='ocrx_word' id='word_1_168' title='bbox 1236 3575 1416 3641; x_wconf 89' lang='lat' dir='ltr'><em>huiusmodi</em></span> <span class='ocrx_word' id='word_1_169' title='bbox 1440 3575 1581 3658; x_wconf 79' lang='lat' dir='ltr'><em>dignitas</em></span> 
     </span>
     <span class='ocr_line' id='line_1_24' title="bbox 247 3680 1580 3769; baseline -0.001 -21"><span class='ocrx_word' id='word_1_170' title='bbox 247 3691 320 3769; x_wconf 88' lang='lat' dir='ltr'><em>post</em></span> <span class='ocrx_word' id='word_1_171' title='bbox 345 3683 561 3769; x_wconf 88' lang='lat' dir='ltr'><em>episcopalem</em></span> <span class='ocrx_word' id='word_1_172' title='bbox 593 3702 656 3747; x_wconf 94' lang='lat' dir='ltr'><em>non</em></span> <span class='ocrx_word' id='word_1_173' title='bbox 689 3684 731 3748; x_wconf 88' lang='lat' dir='ltr'><em>sit</em></span> <span class='ocrx_word' id='word_1_174' title='bbox 765 3683 876 3764; x_wconf 88' lang='lat' dir='ltr'><em>maior,</em></span> <span class='ocrx_word' id='word_1_175' title='bbox 914 3682 1019 3748; x_wconf 89' lang='lat' dir='ltr'><em>eidem</em></span> <span class='ocrx_word' id='word_1_176' title='bbox 1043 3690 1199 3767; x_wconf 83' lang='lat' dir='ltr'><em>reservat,</em></span> <span class='ocrx_word' id='word_1_177' title='bbox 1234 3704 1298 3748; x_wconf 94' lang='lat' dir='ltr'><em>non</em></span> <span class='ocrx_word' id='word_1_178' title='bbox 1322 3684 1471 3748; x_wconf 88' lang='lat' dir='ltr'><em>obstante</em></span> <span class='ocrx_word' id='word_1_179' title='bbox 1495 3680 1580 3765; x_wconf 86' lang='lat' dir='ltr'><em>quod</em></span> 
     </span>
     <span class='ocr_line' id='line_1_25' title="bbox 247 3789 1579 3876; baseline -0.002 -21"><span class='ocrx_word' id='word_1_180' title='bbox 247 3793 280 3856; x_wconf 92' lang='lat' dir='ltr'><em>in</em></span> <span class='ocrx_word' id='word_1_181' title='bbox 303 3791 383 3857; x_wconf 89' lang='lat' dir='ltr'><em>eccl.</em></span> <span class='ocrx_word' id='word_1_182' title='bbox 408 3790 517 3856; x_wconf 83' lang='lat' dir='ltr'><em>Golon.</em></span> <span class='ocrx_word' id='word_1_183' title='bbox 551 3789 774 3855; x_wconf 85' lang='lat' dir='ltr'><em>canonicatum</em></span> <span class='ocrx_word' id='word_1_184' title='bbox 808 3797 840 3855; x_wconf 90' lang='grc'><em>01</em></span> <span class='ocrx_word' id='word_1_185' title='bbox 868 3791 1064 3874; x_wconf 85' lang='lat' dir='ltr'><em>prebendam</em></span> <span class='ocrx_word' id='word_1_186' title='bbox 1089 3811 1128 3856; x_wconf 92' lang='lat' dir='ltr'><em>ac</em></span> <span class='ocrx_word' id='word_1_187' title='bbox 1153 3791 1386 3876; x_wconf 87' lang='lat' dir='ltr'><em>parrochialem</em></span> <span class='ocrx_word' id='word_1_188' title='bbox 1410 3790 1579 3856; x_wconf 88' lang='lat' dir='ltr'><em>ecclesiam</em></span> 
     </span>
     <span class='ocr_line' id='line_1_26' title="bbox 247 3895 1582 3983; baseline -0.002 -19"><span class='ocrx_word' id='word_1_189' title='bbox 247 3900 280 3964; x_wconf 94' lang='lat' dir='ltr'><em>in</em></span> <span class='ocrx_word' id='word_1_190' title='bbox 297 3896 484 3964; x_wconf 91' lang='lat' dir='ltr'><em>Wailbarim</em></span> <span class='ocrx_word' id='word_1_191' title='bbox 501 3897 579 3960; x_wconf 87' lang='lat' dir='ltr'><em>Leo.</em></span> <span class='ocrx_word' id='word_1_192' title='bbox 604 3895 687 3961; x_wconf 91' lang='lat' dir='ltr'><em>dioc.</em></span> <span class='ocrx_word' id='word_1_193' title='bbox 712 3897 845 3962; x_wconf 90' lang='lat' dir='ltr'><em>obtinet.</em></span> <span class='ocrx_word' id='word_1_194' title='bbox 894 3899 1017 3963; x_wconf 83' lang='lat' dir='ltr'><em>Tamen</em></span> <span class='ocrx_word' id='word_1_195' title='bbox 1041 3898 1220 3964; x_wconf 87' lang='lat' dir='ltr'><em>huiusmodi</em></span> <span class='ocrx_word' id='word_1_196' title='bbox 1246 3898 1414 3982; x_wconf 80' lang='lat' dir='ltr'><em>dignitatis</em></span> <span class='ocrx_word' id='word_1_197' title='bbox 1439 3897 1490 3963; x_wconf 92' lang='grc'><em>101</em></span> <span class='ocrx_word' id='word_1_198' title='bbox 1513 3917 1582 3983; x_wconf 89' lang='lat' dir='ltr'><em>per-</em></span> 
     </span>
     <span class='ocr_line' id='line_1_27' title="bbox 246 4003 1581 4089; baseline -0.003 -17"><span class='ocrx_word' id='word_1_199' title='bbox 246 4012 377 4072; x_wconf 88' lang='lat' dir='ltr'><em>sonatus</em></span> <span class='ocrx_word' id='word_1_200' title='bbox 400 4024 457 4070; x_wconf 86' lang='lat' dir='ltr'><em>seu</em></span> <span class='ocrx_word' id='word_1_201' title='bbox 481 4004 583 4069; x_wconf 86' lang='lat' dir='ltr'><em>curati</em></span> <span class='ocrx_word' id='word_1_202' title='bbox 614 4003 710 4069; x_wconf 90' lang='lat' dir='ltr'><em>officii</em></span> <span class='ocrx_word' id='word_1_203' title='bbox 740 4006 973 4089; x_wconf 88' lang='lat' dir='ltr'><em>possessionem</em></span> <span class='ocrx_word' id='word_1_204' title='bbox 998 4012 1173 4088; x_wconf 64' lang='lat' dir='ltr'><em>assecutus</em></span> <span class='ocrx_word' id='word_1_205' title='bbox 1199 4007 1326 4070; x_wconf 92' lang='lat' dir='ltr'><em>omnino</em></span> <span class='ocrx_word' id='word_1_206' title='bbox 1351 4004 1512 4070; x_wconf 85' lang='lat' dir='ltr'><em>dimittere</em></span> <span class='ocrx_word' id='word_1_207' title='bbox 1536 4009 1581 4068; x_wconf 88' lang='lat' dir='ltr'><em>te-</em></span> 
     </span>
     <span class='ocr_line' id='line_1_28' title="bbox 246 4111 965 4195; baseline -0.001 -17"><span class='ocrx_word' id='word_1_208' title='bbox 246 4119 359 4178; x_wconf 89' lang='lat' dir='ltr'><em>neatur</em></span> <span class='ocrx_word' id='word_1_209' title='bbox 382 4111 503 4177; x_wconf 87' lang='lat' dir='ltr'><em>dictam</em></span> <span class='ocrx_word' id='word_1_210' title='bbox 527 4111 759 4195; x_wconf 87' lang='lat' dir='ltr'><em>parrochialem</em></span> <span class='ocrx_word' id='word_1_211' title='bbox 783 4114 965 4178; x_wconf 89' lang='lat' dir='ltr'><em>ecclesiam.</em></span> 
     </span>
    </p>

    <p class='ocr_par' dir='ltr' id='par_1_12' title="bbox 247 4218 1580 4402">
     <span class='ocr_line' id='line_1_29' title="bbox 355 4218 1580 4302; baseline 0.001 -19"><span class='ocrx_word' id='word_1_212' title='bbox 355 4218 519 4284; x_wconf 85' lang='lat' dir='ltr'><em>Attributa</em></span> <span class='ocrx_word' id='word_1_213' title='bbox 542 4218 602 4283; x_wconf 90' lang='lat' dir='ltr'><em>tibi</em></span> <span class='ocrx_word' id='word_1_214' title='bbox 625 4219 739 4284; x_wconf 87' lang='lat' dir='ltr'><em>merita</em></span> <span class='ocrx_word' id='word_1_215' title='bbox 764 4267 770 4279; x_wconf 94' lang='lat'><em>.</em></span> <span class='ocrx_word' id='word_1_216' title='bbox 797 4269 803 4282; x_wconf 93' lang='lat'>.</span> <span class='ocrx_word' id='word_1_217' title='bbox 830 4268 837 4283; x_wconf 94' lang='lat'><strong>.</strong></span> <span class='ocrx_word' id='word_1_218' title='bbox 875 4219 952 4284; x_wconf 85' lang='lat' dir='ltr'><em>Dat.</em></span> <span class='ocrx_word' id='word_1_219' title='bbox 977 4218 1072 4285; x_wconf 80' lang='lat' dir='ltr'><em>Avin.</em></span> <span class='ocrx_word' id='word_1_220' title='bbox 1096 4221 1146 4284; x_wconf 95' lang='lat' dir='ltr'><em>III</em></span> <span class='ocrx_word' id='word_1_221' title='bbox 1170 4219 1215 4284; x_wconf 89' lang='lat' dir='ltr'><em>kl.</em></span> <span class='ocrx_word' id='word_1_222' title='bbox 1239 4220 1376 4285; x_wconf 90' lang='lat' dir='ltr'><em>ianuarii</em></span> <span class='ocrx_word' id='word_1_223' title='bbox 1399 4240 1429 4284; x_wconf 88' lang='lat' dir='ltr'><em>a.</em></span> <span class='ocrx_word' id='word_1_224' title='bbox 1455 4223 1580 4302; x_wconf 86' lang='lat' dir='ltr'><em>quarto-</em></span> 
     </span>
     <span class='ocr_line' id='line_1_30' title="bbox 247 4326 1186 4402; baseline -0.001 -11"><span class='ocrx_word' id='word_1_225' title='bbox 247 4326 383 4392; x_wconf 89' lang='lat' dir='ltr'><em>decimo.</em></span> <span class='ocrx_word' id='word_1_226' title='bbox 1183 4395 1186 4402; x_wconf 18' lang='grc' dir='ltr'><strong>Δ</strong></span> 
     </span>
    </p>

    <p class='ocr_par' dir='ltr' id='par_1_13' title="bbox 246 4432 1580 4713">
     <span class='ocr_line' id='line_1_31' title="bbox 353 4432 1580 4518; baseline -0.001 -19"><span class='ocrx_word' id='word_1_227' title='bbox 353 4435 391 4499; x_wconf 93' lang='lat' dir='ltr'><em>In</em></span> <span class='ocrx_word' id='word_1_228' title='bbox 415 4452 443 4498; x_wconf 87' lang='lat' dir='ltr'><em>e.</em></span> <span class='ocrx_word' id='word_1_229' title='bbox 460 4455 500 4501; x_wconf 91' lang='lat' dir='ltr'><em>m.</em></span> <span class='ocrx_word' id='word_1_230' title='bbox 536 4434 570 4501; x_wconf 86' lang='lat' dir='ltr'><em>S.</em></span> <span class='ocrx_word' id='word_1_231' title='bbox 597 4433 727 4518; x_wconf 84' lang='lat' dir='ltr'><em>Georgii</em></span> <span class='ocrx_word' id='word_1_232' title='bbox 752 4433 862 4500; x_wconf 82' lang='lat' dir='ltr'><em>Colon.</em></span> <span class='ocrx_word' id='word_1_233' title='bbox 892 4441 924 4500; x_wconf 90' lang='lat' dir='ltr'><em>et</em></span> <span class='ocrx_word' id='word_1_234' title='bbox 947 4435 981 4501; x_wconf 87' lang='lat' dir='ltr'><em>S.</em></span> <span class='ocrx_word' id='word_1_235' title='bbox 1007 4435 1118 4501; x_wconf 82' lang='lat' dir='ltr'><em>Crucis</em></span> <span class='ocrx_word' id='word_1_236' title='bbox 1142 4434 1243 4500; x_wconf 90' lang='lat' dir='ltr'><em>Leod.</em></span> <span class='ocrx_word' id='word_1_237' title='bbox 1277 4432 1410 4501; x_wconf 89' lang='lat' dir='ltr'><em>decanis</em></span> <span class='ocrx_word' id='word_1_238' title='bbox 1444 4454 1483 4499; x_wconf 90' lang='grc'><em>00</em></span> <span class='ocrx_word' id='word_1_239' title='bbox 1516 4454 1580 4498; x_wconf 88' lang='lat' dir='ltr'><em>ma-</em></span> 
     </span>
     <span class='ocr_line' id='line_1_32' title="bbox 246 4539 1579 4628; baseline 0 -22"><span class='ocrx_word' id='word_1_240' title='bbox 246 4542 347 4625; x_wconf 88' lang='lat' dir='ltr'><em>gistro</em></span> <span class='ocrx_word' id='word_1_241' title='bbox 371 4541 489 4607; x_wconf 90' lang='lat' dir='ltr'><em>Iacobo</em></span> <span class='ocrx_word' id='word_1_242' title='bbox 519 4539 560 4605; x_wconf 90' lang='lat' dir='ltr'><em>de</em></span> <span class='ocrx_word' id='word_1_243' title='bbox 585 4540 707 4606; x_wconf 86' lang='lat' dir='ltr'><em>Mutina</em></span> <span class='ocrx_word' id='word_1_244' title='bbox 740 4542 908 4626; x_wconf 85' lang='lat' dir='ltr'><em>capellano</em></span> <span class='ocrx_word' id='word_1_245' title='bbox 942 4542 1050 4628; x_wconf 88' lang='lat' dir='ltr'><em>papali</em></span> <span class='ocrx_word' id='word_1_246' title='bbox 1085 4542 1258 4609; x_wconf 83' lang='lat' dir='ltr'><em>scolastIco</em></span> <span class='ocrx_word' id='word_1_247' title='bbox 1283 4540 1445 4608; x_wconf 82' lang='lat' dir='ltr'><em>Tullensis</em></span> <span class='ocrx_word' id='word_1_248' title='bbox 1479 4540 1579 4607; x_wconf 90' lang='lat' dir='ltr'><em>eccle·</em></span> 
     </span>
     <span class='ocr_line' id='line_1_33' title="bbox 246 4667 376 4713; baseline -0.015 0"><span class='ocrx_word' id='word_1_249' title='bbox 246 4667 376 4713; x_wconf 84' lang='lat' dir='ltr'><em>orarum.</em></span> 
     </span>
    </p>
   </div>
   <div class='ocr_carea' id='block_1_9' title="bbox 396 4789 690 4860">
    <p class='ocr_par' dir='ltr' id='par_1_14' title="bbox 396 4789 690 4860">
     <span class='ocr_line' id='line_1_34' title="bbox 396 4789 690 4860; baseline -0.007 -16"><span class='ocrx_word' id='word_1_250' title='bbox 396 4790 468 4860; x_wconf 78' lang='grc'><strong>1109.</strong></span> <span class='ocrx_word' id='word_1_251' title='bbox 488 4789 527 4842; x_wconf 85' lang='grc'><em>96</em></span> <span class='ocrx_word' id='word_1_252' title='bbox 545 4804 585 4841; x_wconf 80' lang='lat' dir='ltr'><em>nr</em></span> <span class='ocrx_word' id='word_1_253' title='bbox 603 4789 690 4842; x_wconf 80' lang='lat'><strong><em>3642.</em></strong></span> 
     </span>
    </p>
   </div>
   <div class='ocr_carea' id='block_1_10' title="bbox 0 0 1826 5509">
    <p class='ocr_par' dir='ltr' id='par_1_15' title="bbox 0 0 1826 5509">
     <span class='ocr_line' id='line_1_35' title="bbox 0 0 1826 5509; baseline 0 2"><span class='ocrx_word' id='word_1_254' title='bbox 0 0 1826 5509; x_wconf 95' lang='lat' dir='ltr'><em> </em></span> 
     </span>
    </p>
   </div>
  </div>
 </body>
</html>
