<?xml version="1.0" encoding="UTF-8"?>
<!DOCTYPE html PUBLIC "-//W3C//DTD XHTML 1.0 Transitional//EN"
    "http://www.w3.org/TR/xhtml1/DTD/xhtml1-transitional.dtd">
<html xmlns="http://www.w3.org/1999/xhtml" xml:lang="en" lang="en">
 <head>
  <title>
</title>
<meta http-equiv="Content-Type" content="text/html;charset=utf-8" />
  <meta name='ocr-system' content='tesseract 3.04.00' />
  <meta name='ocr-capabilities' content='ocr_page ocr_carea ocr_par ocr_line ocrx_word'/>
</head>
<body>
  <div class='ocr_page' id='page_1' title='image "./urkundenundrege00thimgoog_0109.png"; bbox 0 0 3642 5509; ppageno 0'>
   <div class='ocr_carea' id='block_1_1' title="bbox 266 392 1082 450">
    <p class='ocr_par' dir='ltr' id='par_1_1' title="bbox 266 392 1082 450">
     <span class='ocr_line' id='line_1_1' title="bbox 266 392 1082 450; baseline 0.009 -7"><span class='ocrx_word' id='word_1_1' title='bbox 266 393 303 449; x_wconf 84' lang='lat'><strong>80</strong></span> <span class='ocrx_word' id='word_1_2' title='bbox 820 394 889 449; x_wconf 73' lang='grc'><em>1321</em></span> <span class='ocrx_word' id='word_1_3' title='bbox 908 392 1038 450; x_wconf 82' lang='lat' dir='ltr'><strong>October</strong></span> <span class='ocrx_word' id='word_1_4' title='bbox 1056 392 1082 450; x_wconf 86' lang='grc'><strong>6.</strong></span> 
     </span>
    </p>
   </div>
   <div class='ocr_carea' id='block_1_2' title="bbox 266 574 1601 1284">
    <p class='ocr_par' dir='ltr' id='par_1_2' title="bbox 266 574 1601 1284">
     <span class='ocr_line' id='line_1_2' title="bbox 266 574 1600 641; baseline 0 -2"><span class='ocrx_word' id='word_1_5' title='bbox 266 575 437 640; x_wconf 75' lang='lat' dir='ltr'><strong>occasione</strong></span> <span class='ocrx_word' id='word_1_6' title='bbox 460 623 519 638; x_wconf 89' lang='lat'><strong>...</strong></span> <span class='ocrx_word' id='word_1_7' title='bbox 541 574 879 640; x_wconf 80' lang='lat' dir='ltr'><strong>excommunicationis</strong></span> <span class='ocrx_word' id='word_1_8' title='bbox 902 576 1093 640; x_wconf 82' lang='lat' dir='ltr'><strong>senteutiam</strong></span> <span class='ocrx_word' id='word_1_9' title='bbox 1118 574 1318 640; x_wconf 79' lang='lat' dir='ltr'><strong>incurrerunt</strong></span> <span class='ocrx_word' id='word_1_10' title='bbox 1340 626 1347 641; x_wconf 98' lang='lat'><strong>.</strong></span> <span class='ocrx_word' id='word_1_11' title='bbox 1367 624 1400 640; x_wconf 93' lang='lat'><strong>..</strong></span> <span class='ocrx_word' id='word_1_12' title='bbox 1426 576 1467 641; x_wconf 84' lang='lat' dir='ltr'><strong>ub</strong></span> <span class='ocrx_word' id='word_1_13' title='bbox 1491 594 1600 641; x_wconf 82' lang='lat' dir='ltr'><strong>cerum</strong></span> 
     </span>
     <span class='ocr_line' id='line_1_3' title="bbox 267 680 1600 767; baseline -0.001 -20"><span class='ocrx_word' id='word_1_14' title='bbox 267 682 401 765; x_wconf 78' lang='lat' dir='ltr'><strong>singulis</strong></span> <span class='ocrx_word' id='word_1_15' title='bbox 425 682 584 767; x_wconf 84' lang='lat' dir='ltr'><strong>corporali</strong></span> <span class='ocrx_word' id='word_1_16' title='bbox 609 683 786 747; x_wconf 87' lang='lat' dir='ltr'><strong>iuramento</strong></span> <span class='ocrx_word' id='word_1_17' title='bbox 809 688 952 765; x_wconf 83' lang='lat' dir='ltr'><strong>recepto,</strong></span> <span class='ocrx_word' id='word_1_18' title='bbox 976 682 1059 764; x_wconf 85' lang='lat' dir='ltr'><strong>quod</strong></span> <span class='ocrx_word' id='word_1_19' title='bbox 1085 680 1240 766; x_wconf 79' lang='lat' dir='ltr'><strong>deinceps</strong></span> <span class='ocrx_word' id='word_1_20' title='bbox 1264 681 1361 749; x_wconf 88' lang='lat' dir='ltr'><strong>dictis</strong></span> <span class='ocrx_word' id='word_1_21' title='bbox 1379 732 1386 747; x_wconf 95' lang='lat'><strong>.</strong></span> <span class='ocrx_word' id='word_1_22' title='bbox 1404 731 1412 747; x_wconf 96' lang='lat'><strong>.</strong></span> <span class='ocrx_word' id='word_1_23' title='bbox 1431 732 1438 747; x_wconf 95' lang='lat'><strong>.</strong></span> <span class='ocrx_word' id='word_1_24' title='bbox 1456 703 1518 747; x_wconf 91' lang='lat' dir='ltr'><strong>non</strong></span> <span class='ocrx_word' id='word_1_25' title='bbox 1541 681 1600 747; x_wconf 82' lang='lat' dir='ltr'><strong>ud-</strong></span> 
     </span>
     <span class='ocr_line' id='line_1_4' title="bbox 269 786 1601 873; baseline -0.002 -19"><span class='ocrx_word' id='word_1_26' title='bbox 269 789 411 871; x_wconf 82' lang='lat' dir='ltr'><strong>bereunt,</strong></span> <span class='ocrx_word' id='word_1_27' title='bbox 522 786 675 871; x_wconf 81' lang='lat' dir='ltr'><strong>quamdiu</strong></span> <span class='ocrx_word' id='word_1_28' title='bbox 700 793 792 852; x_wconf 79' lang='lat' dir='ltr'><strong>extre</strong></span> <span class='ocrx_word' id='word_1_29' title='bbox 819 788 958 853; x_wconf 87' lang='lat' dir='ltr'><strong>ecclesie</strong></span> <span class='ocrx_word' id='word_1_30' title='bbox 986 789 1238 853; x_wconf 91' lang='lat' dir='ltr'><strong>communionem</strong></span> <span class='ocrx_word' id='word_1_31' title='bbox 1262 796 1294 852; x_wconf 89' lang='lat' dir='ltr'><strong>ct</strong></span> <span class='ocrx_word' id='word_1_32' title='bbox 1317 791 1455 873; x_wconf 83' lang='lat' dir='ltr'><strong>gratiam</strong></span> <span class='ocrx_word' id='word_1_33' title='bbox 1479 808 1601 873; x_wconf 82' lang='lat' dir='ltr'><strong>perme-</strong></span> 
     </span>
     <span class='ocr_line' id='line_1_5' title="bbox 267 893 1599 980; baseline 0 -19"><span class='ocrx_word' id='word_1_34' title='bbox 267 896 397 978; x_wconf 86' lang='lat' dir='ltr'><strong>nebunt‚</strong></span> <span class='ocrx_word' id='word_1_35' title='bbox 416 944 552 962; x_wconf 87' lang='grc'><strong>......</strong></span> <span class='ocrx_word' id='word_1_36' title='bbox 570 896 629 959; x_wconf 92' lang='lat' dir='ltr'><strong>tibi</strong></span> <span class='ocrx_word' id='word_1_37' title='bbox 655 893 884 960; x_wconf 90' lang='lat' dir='ltr'><strong>concedimus.</strong></span> <span class='ocrx_word' id='word_1_38' title='bbox 904 901 1133 980; x_wconf 71' lang='lat' dir='ltr'><strong>potestatem,</strong></span> <span class='ocrx_word' id='word_1_39' title='bbox 1158 896 1203 960; x_wconf 83' lang='lat' dir='ltr'><strong>ita</strong></span> <span class='ocrx_word' id='word_1_40' title='bbox 1220 904 1326 961; x_wconf 85' lang='lat' dir='ltr'><strong>tamen</strong></span> <span class='ocrx_word' id='word_1_41' title='bbox 1344 895 1440 979; x_wconf 86' lang='lat' dir='ltr'><strong>quod,</strong></span> <span class='ocrx_word' id='word_1_42' title='bbox 1464 896 1491 961; x_wconf 89' lang='lat' dir='ltr'><strong>si</strong></span> <span class='ocrx_word' id='word_1_43' title='bbox 1512 894 1599 961; x_wconf 85' lang='lat' dir='ltr'><strong>dicte</strong></span> 
     </span>
     <span class='ocr_line' id='line_1_6' title="bbox 267 1001 1598 1089; baseline -0.002 -21"><span class='ocrx_word' id='word_1_44' title='bbox 267 1023 403 1089; x_wconf 86' lang='lat' dir='ltr'><strong>persone</strong></span> <span class='ocrx_word' id='word_1_45' title='bbox 435 1011 508 1088; x_wconf 89' lang='lat' dir='ltr'><strong>post</strong></span> <span class='ocrx_word' id='word_1_46' title='bbox 536 1001 715 1067; x_wconf 88' lang='lat' dir='ltr'><strong>huiusmodi</strong></span> <span class='ocrx_word' id='word_1_47' title='bbox 743 1001 975 1067; x_wconf 83' lang='lat' dir='ltr'><strong>absolutionem</strong></span> <span class='ocrx_word' id='word_1_48' title='bbox 1000 1003 1167 1067; x_wconf 82' lang='lat' dir='ltr'><strong>obtentam</strong></span> <span class='ocrx_word' id='word_1_49' title='bbox 1191 1002 1316 1088; x_wconf 87' lang='lat' dir='ltr'><strong>pristini</strong></span> <span class='ocrx_word' id='word_1_50' title='bbox 1341 1010 1448 1067; x_wconf 82' lang='lat' dir='ltr'><strong>reatus</strong></span> <span class='ocrx_word' id='word_1_51' title='bbox 1471 1002 1598 1067; x_wconf 81' lang='lat' dir='ltr'><strong>macule</strong></span> 
     </span>
     <span class='ocr_line' id='line_1_7' title="bbox 266 1109 1598 1196; baseline -0.002 -20"><span class='ocrx_word' id='word_1_52' title='bbox 266 1132 301 1176; x_wconf 88' lang='lat' dir='ltr'><strong>sc</strong></span> <span class='ocrx_word' id='word_1_53' title='bbox 326 1109 516 1193; x_wconf 81' lang='lat' dir='ltr'><strong>fedaverint,</strong></span> <span class='ocrx_word' id='word_1_54' title='bbox 549 1110 620 1196; x_wconf 87' lang='lat' dir='ltr'><strong>ipso</strong></span> <span class='ocrx_word' id='word_1_55' title='bbox 643 1109 731 1175; x_wconf 81' lang='lat' dir='ltr'><strong>iacto</strong></span> <span class='ocrx_word' id='word_1_56' title='bbox 755 1110 787 1174; x_wconf 93' lang='lat' dir='ltr'><strong>in</strong></span> <span class='ocrx_word' id='word_1_57' title='bbox 812 1109 947 1175; x_wconf 81' lang='lat' dir='ltr'><strong>eundern</strong></span> <span class='ocrx_word' id='word_1_58' title='bbox 972 1109 1311 1175; x_wconf 81' lang='lat' dir='ltr'><strong>excommunicationis</strong></span> <span class='ocrx_word' id='word_1_59' title='bbox 1334 1110 1526 1175; x_wconf 80' lang='lat' dir='ltr'><strong>sententiam</strong></span> <span class='ocrx_word' id='word_1_60' title='bbox 1549 1128 1598 1174; x_wconf 88' lang='lat' dir='ltr'><strong>re·</strong></span> 
     </span>
     <span class='ocr_line' id='line_1_8' title="bbox 267 1215 1277 1284; baseline -0.001 -2"><span class='ocrx_word' id='word_1_61' title='bbox 267 1217 425 1284; x_wconf 79' lang='lat' dir='ltr'><strong>iubentur.</strong></span> <span class='ocrx_word' id='word_1_62' title='bbox 474 1218 548 1283; x_wconf 85' lang='lat' dir='ltr'><strong>Det.</strong></span> <span class='ocrx_word' id='word_1_63' title='bbox 564 1217 659 1283; x_wconf 88' lang='lat' dir='ltr'><strong>Avin.</strong></span> <span class='ocrx_word' id='word_1_64' title='bbox 676 1218 709 1281; x_wconf 89' lang='grc' dir='ltr'>Π</span> <span class='ocrx_word' id='word_1_65' title='bbox 732 1237 833 1283; x_wconf 81' lang='lat' dir='ltr'><strong>nonus</strong></span> <span class='ocrx_word' id='word_1_66' title='bbox 857 1218 998 1284; x_wconf 83' lang='lat' dir='ltr'><strong>octobris</strong></span> <span class='ocrx_word' id='word_1_67' title='bbox 1021 1238 1051 1282; x_wconf 82' lang='lat' dir='ltr'><strong>u.</strong></span> <span class='ocrx_word' id='word_1_68' title='bbox 1076 1215 1277 1282; x_wconf 89' lang='lat' dir='ltr'><strong>duodecimo.</strong></span> 
     </span>
    </p>
   </div>
   <div class='ocr_carea' id='block_1_3' title="bbox 427 1340 794 1412">
    <p class='ocr_par' dir='ltr' id='par_1_3' title="bbox 427 1340 794 1412">
     <span class='ocr_line' id='line_1_9' title="bbox 427 1340 794 1412; baseline -0.003 -15"><span class='ocrx_word' id='word_1_69' title='bbox 427 1344 498 1412; x_wconf 71' lang='lat' dir='ltr'><strong>nep.</strong></span> <span class='ocrx_word' id='word_1_70' title='bbox 518 1340 595 1410; x_wconf 80' lang='lat' dir='ltr'><strong>eof.</strong></span> <span class='ocrx_word' id='word_1_71' title='bbox 615 1340 663 1395; x_wconf 74' lang='lat'><strong>34‘</strong></span> <span class='ocrx_word' id='word_1_72' title='bbox 680 1357 728 1395; x_wconf 73' lang='lat' dir='ltr'><strong>nr.</strong></span> <span class='ocrx_word' id='word_1_73' title='bbox 748 1343 794 1396; x_wconf 82' lang='lat' dir='ltr'><strong>oo.</strong></span> 
     </span>
    </p>
   </div>
   <div class='ocr_carea' id='block_1_4' title="bbox 373 1628 1009 1715">
    <p class='ocr_par' dir='ltr' id='par_1_4' title="bbox 373 1628 1009 1715">
     <span class='ocr_line' id='line_1_10' title="bbox 373 1628 1009 1715; baseline -0.003 -19"><span class='ocrx_word' id='word_1_74' title='bbox 373 1630 497 1698; x_wconf 69' lang='lat' dir='ltr'><strong>less.</strong></span> <span class='ocrx_word' id='word_1_75' title='bbox 524 1631 610 1695; x_wconf 80' lang='grc'><em>1327</em></span> <span class='ocrx_word' id='word_1_76' title='bbox 634 1630 775 1697; x_wconf 83' lang='lat' dir='ltr'><strong>October</strong></span> <span class='ocrx_word' id='word_1_77' title='bbox 787 1632 819 1694; x_wconf 83' lang='lat'><strong>6.</strong></span> <span class='ocrx_word' id='word_1_78' title='bbox 843 1628 1009 1715; x_wconf 75' lang='lat' dir='ltr'><strong>Aoipuon.</strong></span> 
     </span>
    </p>
   </div>
   <div class='ocr_carea' id='block_1_5' title="bbox 266 1770 1600 2608">
    <p class='ocr_par' dir='ltr' id='par_1_5' title="bbox 266 1770 1600 2501">
     <span class='ocr_line' id='line_1_11' title="bbox 373 1770 1598 1856; baseline -0.002 -17"><span class='ocrx_word' id='word_1_79' title='bbox 373 1773 533 1840; x_wconf 80' lang='lat' dir='ltr'><strong>Iohannes</strong></span> <span class='ocrx_word' id='word_1_80' title='bbox 556 1772 655 1839; x_wconf 88' lang='lat' dir='ltr'>XXII</span> <span class='ocrx_word' id='word_1_81' title='bbox 678 1772 790 1840; x_wconf 77' lang='lat' dir='ltr'><strong>abbati</strong></span> <span class='ocrx_word' id='word_1_82' title='bbox 812 1773 998 1840; x_wconf 79' lang='lat' dir='ltr'><strong>monasterii</strong></span> <span class='ocrx_word' id='word_1_83' title='bbox 1022 1772 1203 1840; x_wconf 86' lang='lat' dir='ltr'><strong>Tuiciensis</strong></span> <span class='ocrx_word' id='word_1_84' title='bbox 1227 1772 1338 1839; x_wconf 84' lang='lat' dir='ltr'><strong>Colon.</strong></span> <span class='ocrx_word' id='word_1_85' title='bbox 1363 1770 1446 1838; x_wconf 91' lang='lat' dir='ltr'><strong>dioc.</strong></span> <span class='ocrx_word' id='word_1_86' title='bbox 1472 1778 1505 1837; x_wconf 88' lang='lat' dir='ltr'><strong>et</strong></span> <span class='ocrx_word' id='word_1_87' title='bbox 1527 1790 1598 1856; x_wconf 90' lang='lat' dir='ltr'><strong>pre·</strong></span> 
     </span>
     <span class='ocr_line' id='line_1_12' title="bbox 268 1879 1600 1969; baseline -0.005 -20"><span class='ocrx_word' id='word_1_88' title='bbox 268 1882 374 1969; x_wconf 89' lang='lat' dir='ltr'><strong>posito</strong></span> <span class='ocrx_word' id='word_1_89' title='bbox 397 1883 431 1949; x_wconf 92' lang='lat' dir='ltr'><strong>S.</strong></span> <span class='ocrx_word' id='word_1_90' title='bbox 455 1881 559 1947; x_wconf 82' lang='lat' dir='ltr'><strong>Marie</strong></span> <span class='ocrx_word' id='word_1_91' title='bbox 582 1880 623 1945; x_wconf 83' lang='lat' dir='ltr'><strong>ad</strong></span> <span class='ocrx_word' id='word_1_92' title='bbox 649 1880 769 1965; x_wconf 77' lang='lat' dir='ltr'><strong>gradus</strong></span> <span class='ocrx_word' id='word_1_93' title='bbox 793 1879 903 1946; x_wconf 82' lang='lat' dir='ltr'><strong>Goion.</strong></span> <span class='ocrx_word' id='word_1_94' title='bbox 933 1901 972 1947; x_wconf 85' lang='lat' dir='ltr'><strong>ec</strong></span> <span class='ocrx_word' id='word_1_95' title='bbox 995 1879 1224 1948; x_wconf 80' lang='lat' dir='ltr'><strong>archidiacono</strong></span> <span class='ocrx_word' id='word_1_96' title='bbox 1249 1880 1379 1946; x_wconf 84' lang='lat' dir='ltr'><strong>Trever.</strong></span> <span class='ocrx_word' id='word_1_97' title='bbox 1410 1879 1490 1945; x_wconf 89' lang='lat' dir='ltr'><strong>eccl.</strong></span> <span class='ocrx_word' id='word_1_98' title='bbox 1514 1900 1600 1943; x_wconf 86' lang='lat' dir='ltr'><strong>men·</strong></span> 
     </span>
     <span class='ocr_line' id='line_1_13' title="bbox 267 1984 1600 2073; baseline -0.003 -19"><span class='ocrx_word' id='word_1_99' title='bbox 267 1988 333 2071; x_wconf 84' lang='lat' dir='ltr'><strong>det,</strong></span> <span class='ocrx_word' id='word_1_100' title='bbox 369 1990 518 2071; x_wconf 80' lang='lat' dir='ltr'><strong>quatinus</strong></span> <span class='ocrx_word' id='word_1_101' title='bbox 546 1987 677 2053; x_wconf 84' lang='lat' dir='ltr'><strong>Isebclli</strong></span> <span class='ocrx_word' id='word_1_102' title='bbox 710 1986 750 2052; x_wconf 90' lang='lat' dir='ltr'><strong>de</strong></span> <span class='ocrx_word' id='word_1_103' title='bbox 774 1987 919 2053; x_wconf 87' lang='lat' dir='ltr'><strong>Soimcze</strong></span> <span class='ocrx_word' id='word_1_104' title='bbox 948 1988 1054 2073; x_wconf 87' lang='lat' dir='ltr'><strong>puelle</strong></span> <span class='ocrx_word' id='word_1_105' title='bbox 1078 1987 1220 2053; x_wconf 82' lang='lat' dir='ltr'><strong>litterate</strong></span> <span class='ocrx_word' id='word_1_106' title='bbox 1243 1987 1352 2054; x_wconf 82' lang='lat' dir='ltr'><strong>Colon.</strong></span> <span class='ocrx_word' id='word_1_107' title='bbox 1376 1985 1472 2067; x_wconf 78' lang='lat' dir='ltr'><strong>dioc,</strong></span> <span class='ocrx_word' id='word_1_108' title='bbox 1508 1987 1535 2051; x_wconf 90' lang='lat' dir='ltr'><strong>si</strong></span> <span class='ocrx_word' id='word_1_109' title='bbox 1558 1984 1600 2051; x_wconf 91' lang='lat' dir='ltr'><strong>sit</strong></span> 
     </span>
     <span class='ocr_line' id='line_1_14' title="bbox 266 2093 1600 2180; baseline -0.003 -21"><span class='ocrx_word' id='word_1_110' title='bbox 266 2094 396 2180; x_wconf 85' lang='lat' dir='ltr'><strong>ydonca</strong></span> <span class='ocrx_word' id='word_1_111' title='bbox 419 2101 451 2158; x_wconf 87' lang='lat' dir='ltr'><strong>ct</strong></span> <span class='ocrx_word' id='word_1_112' title='bbox 478 2093 567 2159; x_wconf 82' lang='lat' dir='ltr'><strong>aliud</strong></span> <span class='ocrx_word' id='word_1_113' title='bbox 599 2095 786 2160; x_wconf 79' lang='lat' dir='ltr'><strong>canonicum</strong></span> <span class='ocrx_word' id='word_1_114' title='bbox 821 2115 882 2159; x_wconf 92' lang='lat' dir='ltr'><strong>non</strong></span> <span class='ocrx_word' id='word_1_115' title='bbox 917 2095 1062 2177; x_wconf 73' lang='lat' dir='ltr'><strong>obsistat,</strong></span> <span class='ocrx_word' id='word_1_116' title='bbox 1095 2096 1319 2160; x_wconf 79' lang='lat' dir='ltr'><strong>canonicatum</strong></span> <span class='ocrx_word' id='word_1_117' title='bbox 1347 2094 1522 2159; x_wconf 81' lang='lat' dir='ltr'><strong>secularem</strong></span> <span class='ocrx_word' id='word_1_118' title='bbox 1552 2112 1600 2156; x_wconf 89' lang='lat' dir='ltr'><strong>ee-</strong></span> 
     </span>
     <span class='ocr_line' id='line_1_15' title="bbox 268 2198 1599 2287; baseline -0.003 -21"><span class='ocrx_word' id='word_1_119' title='bbox 268 2203 365 2267; x_wconf 88' lang='lat' dir='ltr'><strong>clesie</strong></span> <span class='ocrx_word' id='word_1_120' title='bbox 380 2199 584 2266; x_wconf 86' lang='lat' dir='ltr'><strong>Assindensis</strong></span> <span class='ocrx_word' id='word_1_121' title='bbox 605 2200 715 2266; x_wconf 80' lang='lat' dir='ltr'><strong>Goion.</strong></span> <span class='ocrx_word' id='word_1_122' title='bbox 740 2200 822 2267; x_wconf 92' lang='lat' dir='ltr'><strong>dioc.</strong></span> <span class='ocrx_word' id='word_1_123' title='bbox 849 2202 1026 2285; x_wconf 87' lang='lat' dir='ltr'><strong>conferant,</strong></span> <span class='ocrx_word' id='word_1_124' title='bbox 1051 2198 1246 2287; x_wconf 82' lang='lat' dir='ltr'><strong>prebendam</strong></span> <span class='ocrx_word' id='word_1_125' title='bbox 1272 2219 1347 2266; x_wconf 87' lang='lat' dir='ltr'><strong>vero</strong></span> <span class='ocrx_word' id='word_1_126' title='bbox 1371 2199 1475 2264; x_wconf 90' lang='lat' dir='ltr'><strong>eidem</strong></span> <span class='ocrx_word' id='word_1_127' title='bbox 1501 2218 1599 2265; x_wconf 87' lang='lat' dir='ltr'><strong>rescr-</strong></span> 
     </span>
     <span class='ocr_line' id='line_1_16' title="bbox 268 2306 1599 2393; baseline -0.003 -19"><span class='ocrx_word' id='word_1_128' title='bbox 268 2315 353 2375; x_wconf 85' lang='lat' dir='ltr'><strong>vent.</strong></span> <span class='ocrx_word' id='word_1_129' title='bbox 401 2308 463 2371; x_wconf 87' lang='lat' dir='ltr'><strong>Per</strong></span> <span class='ocrx_word' id='word_1_130' title='bbox 497 2306 556 2372; x_wconf 89' lang='lat' dir='ltr'><strong>hoc</strong></span> <span class='ocrx_word' id='word_1_131' title='bbox 588 2314 693 2372; x_wconf 89' lang='lat' dir='ltr'><strong>uutem</strong></span> <span class='ocrx_word' id='word_1_132' title='bbox 728 2328 813 2393; x_wconf 84' lang='lat' dir='ltr'><strong>papa</strong></span> <span class='ocrx_word' id='word_1_133' title='bbox 840 2329 902 2373; x_wconf 92' lang='lat' dir='ltr'><strong>nou</strong></span> <span class='ocrx_word' id='word_1_134' title='bbox 927 2307 1064 2373; x_wconf 87' lang='lat' dir='ltr'><strong>intendit</strong></span> <span class='ocrx_word' id='word_1_135' title='bbox 1088 2306 1262 2372; x_wconf 88' lang='lat' dir='ltr'><strong>eorundem</strong></span> <span class='ocrx_word' id='word_1_136' title='bbox 1286 2308 1510 2371; x_wconf 80' lang='lat' dir='ltr'><strong>canonicarum</strong></span> <span class='ocrx_word' id='word_1_137' title='bbox 1535 2312 1599 2370; x_wconf 86' lang='lat' dir='ltr'><strong>ste-</strong></span> 
     </span>
     <span class='ocr_line' id='line_1_17' title="bbox 269 2413 964 2501; baseline -0.004 -21"><span class='ocrx_word' id='word_1_138' title='bbox 269 2423 334 2480; x_wconf 88' lang='lat' dir='ltr'><strong>tum</strong></span> <span class='ocrx_word' id='word_1_139' title='bbox 359 2413 501 2479; x_wconf 83' lang='lat' dir='ltr'><strong>ordinem</strong></span> <span class='ocrx_word' id='word_1_140' title='bbox 526 2433 583 2478; x_wconf 90' lang='lat' dir='ltr'><strong>seu</strong></span> <span class='ocrx_word' id='word_1_141' title='bbox 606 2415 749 2499; x_wconf 82' lang='lat' dir='ltr'><strong>reguiam</strong></span> <span class='ocrx_word' id='word_1_142' title='bbox 773 2416 964 2501; x_wconf 81' lang='lat' dir='ltr'><strong>approbare.</strong></span> 
     </span>
    </p>

    <p class='ocr_par' dir='ltr' id='par_1_6' title="bbox 375 2517 1599 2608">
     <span class='ocr_line' id='line_1_18' title="bbox 375 2517 1599 2608; baseline -0.004 -21"><span class='ocrx_word' id='word_1_143' title='bbox 375 2522 454 2588; x_wconf 76' lang='lat' dir='ltr'><strong>(ium</strong></span> <span class='ocrx_word' id='word_1_144' title='bbox 478 2521 561 2586; x_wconf 87' lang='lat' dir='ltr'><strong>sicut</strong></span> <span class='ocrx_word' id='word_1_145' title='bbox 585 2523 769 2608; x_wconf 85' lang='lat' dir='ltr'><strong>accepimus</strong></span> <span class='ocrx_word' id='word_1_146' title='bbox 793 2571 800 2585; x_wconf 90' lang='lat'><strong>.</strong></span> <span class='ocrx_word' id='word_1_147' title='bbox 827 2571 834 2587; x_wconf 89' lang='lat'><strong>.</strong></span> <span class='ocrx_word' id='word_1_148' title='bbox 861 2572 868 2587; x_wconf 94' lang='lat'><strong>.</strong></span> <span class='ocrx_word' id='word_1_149' title='bbox 918 2524 991 2587; x_wconf 84' lang='lat' dir='ltr'><strong>Dat.</strong></span> <span class='ocrx_word' id='word_1_150' title='bbox 1009 2522 1103 2587; x_wconf 87' lang='lat' dir='ltr'><strong>Avin.</strong></span> <span class='ocrx_word' id='word_1_151' title='bbox 1121 2523 1152 2586; x_wconf 86' lang='lat'><strong>11</strong></span> <span class='ocrx_word' id='word_1_152' title='bbox 1177 2541 1279 2587; x_wconf 85' lang='lat' dir='ltr'><strong>nonus</strong></span> <span class='ocrx_word' id='word_1_153' title='bbox 1303 2520 1444 2587; x_wconf 82' lang='lat' dir='ltr'><strong>octobris</strong></span> <span class='ocrx_word' id='word_1_154' title='bbox 1468 2540 1496 2584; x_wconf 86' lang='lat' dir='ltr'><strong>a.</strong></span> <span class='ocrx_word' id='word_1_155' title='bbox 1522 2517 1599 2583; x_wconf 93' lang='lat' dir='ltr'><strong>duo·</strong></span> 
     </span>
    </p>
   </div>
   <div class='ocr_carea' id='block_1_6' title="bbox 268 2631 836 2805">
    <p class='ocr_par' dir='ltr' id='par_1_7' title="bbox 268 2631 836 2805">
     <span class='ocr_line' id='line_1_19' title="bbox 268 2631 405 2697; baseline -0.015 0"><span class='ocrx_word' id='word_1_156' title='bbox 268 2631 405 2697; x_wconf 84' lang='lat' dir='ltr'><strong>decimo.</strong></span> 
     </span>
     <span class='ocr_line' id='line_1_20' title="bbox 427 2735 836 2805; baseline 0.005 -16"><span class='ocrx_word' id='word_1_157' title='bbox 427 2736 501 2805; x_wconf 71' lang='lat' dir='ltr'><strong>ch.</strong></span> <span class='ocrx_word' id='word_1_158' title='bbox 520 2735 599 2805; x_wconf 80' lang='lat' dir='ltr'><strong>88f.</strong></span> <span class='ocrx_word' id='word_1_159' title='bbox 618 2739 663 2791; x_wconf 81' lang='lat'><strong>89¹</strong></span> <span class='ocrx_word' id='word_1_160' title='bbox 681 2753 728 2791; x_wconf 83' lang='lat' dir='ltr'><strong>nr.</strong></span> <span class='ocrx_word' id='word_1_161' title='bbox 749 2737 836 2792; x_wconf 74' lang='grc'><em>3234.</em></span> 
     </span>
    </p>
   </div>
   <div class='ocr_carea' id='block_1_7' title="bbox 371 3009 1022 3097">
    <p class='ocr_par' dir='ltr' id='par_1_8' title="bbox 371 3009 1022 3097">
     <span class='ocr_line' id='line_1_21' title="bbox 371 3009 1022 3097; baseline -0.003 -21"><span class='ocrx_word' id='word_1_162' title='bbox 371 3009 495 3076; x_wconf 75' lang='grc'><strong>1297.</strong></span> <span class='ocrx_word' id='word_1_163' title='bbox 525 3011 612 3074; x_wconf 80' lang='grc'><em>1327</em></span> <span class='ocrx_word' id='word_1_164' title='bbox 636 3011 776 3076; x_wconf 83' lang='lat' dir='ltr'><strong>October</strong></span> <span class='ocrx_word' id='word_1_165' title='bbox 799 3013 828 3075; x_wconf 85' lang='lat'><strong>6.</strong></span> <span class='ocrx_word' id='word_1_166' title='bbox 856 3009 1022 3097; x_wconf 75' lang='lat' dir='ltr'><strong>Aoipnon.</strong></span> 
     </span>
    </p>
   </div>
   <div class='ocr_carea' id='block_1_8' title="bbox 267 3149 1602 3968">
    <p class='ocr_par' dir='ltr' id='par_1_9' title="bbox 267 3149 1602 3771">
     <span class='ocr_line' id='line_1_22' title="bbox 374 3149 1598 3238; baseline -0.002 -20"><span class='ocrx_word' id='word_1_167' title='bbox 374 3152 533 3219; x_wconf 82' lang='lat' dir='ltr'><strong>Iohannes</strong></span> <span class='ocrx_word' id='word_1_168' title='bbox 556 3152 656 3218; x_wconf 89' lang='lat' dir='ltr'>XXII</span> <span class='ocrx_word' id='word_1_169' title='bbox 690 3154 855 3238; x_wconf 83' lang='lat' dir='ltr'><strong>preposito</strong></span> <span class='ocrx_word' id='word_1_170' title='bbox 878 3150 911 3217; x_wconf 88' lang='lat' dir='ltr'><strong>S.</strong></span> <span class='ocrx_word' id='word_1_171' title='bbox 935 3152 1036 3218; x_wconf 86' lang='lat' dir='ltr'><strong>Marie</strong></span> <span class='ocrx_word' id='word_1_172' title='bbox 1064 3151 1107 3217; x_wconf 87' lang='lat' dir='ltr'><strong>ad</strong></span> <span class='ocrx_word' id='word_1_173' title='bbox 1135 3150 1257 3236; x_wconf 85' lang='lat' dir='ltr'><strong>gradus</strong></span> <span class='ocrx_word' id='word_1_174' title='bbox 1285 3150 1395 3218; x_wconf 81' lang='lat' dir='ltr'><strong>Goion.</strong></span> <span class='ocrx_word' id='word_1_175' title='bbox 1420 3158 1452 3217; x_wconf 92' lang='lat' dir='ltr'><strong>ct</strong></span> <span class='ocrx_word' id='word_1_176' title='bbox 1476 3149 1598 3217; x_wconf 82' lang='lat' dir='ltr'><strong>decano</strong></span> 
     </span>
     <span class='ocr_line' id='line_1_23' title="bbox 268 3257 1599 3345; baseline -0.005 -17"><span class='ocrx_word' id='word_1_177' title='bbox 268 3260 303 3328; x_wconf 88' lang='lat' dir='ltr'><strong>S.</strong></span> <span class='ocrx_word' id='word_1_178' title='bbox 320 3260 451 3345; x_wconf 79' lang='lat' dir='ltr'><strong>Georgii</strong></span> <span class='ocrx_word' id='word_1_179' title='bbox 469 3261 580 3327; x_wconf 78' lang='lat' dir='ltr'><strong>colon.</strong></span> <span class='ocrx_word' id='word_1_180' title='bbox 605 3279 645 3325; x_wconf 83' lang='lat' dir='ltr'><strong>oc</strong></span> <span class='ocrx_word' id='word_1_181' title='bbox 668 3258 868 3325; x_wconf 79' lang='lat' dir='ltr'><strong>thesaurario</strong></span> <span class='ocrx_word' id='word_1_182' title='bbox 892 3258 1034 3324; x_wconf 90' lang='lat' dir='ltr'><strong>eiusdem</strong></span> <span class='ocrx_word' id='word_1_183' title='bbox 1051 3258 1085 3325; x_wconf 88' lang='lat' dir='ltr'><strong>S.</strong></span> <span class='ocrx_word' id='word_1_184' title='bbox 1102 3259 1202 3325; x_wconf 82' lang='lat' dir='ltr'><strong>Mene</strong></span> <span class='ocrx_word' id='word_1_185' title='bbox 1226 3259 1432 3325; x_wconf 82' lang='lat' dir='ltr'><strong>ecclesiarum</strong></span> <span class='ocrx_word' id='word_1_186' title='bbox 1457 3257 1599 3339; x_wconf 81' lang='lat' dir='ltr'><strong>mandat,</strong></span> 
     </span>
     <span class='ocr_line' id='line_1_24' title="bbox 270 3364 1600 3452; baseline -0.004 -18"><span class='ocrx_word' id='word_1_187' title='bbox 270 3370 419 3451; x_wconf 79' lang='lat' dir='ltr'><strong>quatinus</strong></span> <span class='ocrx_word' id='word_1_188' title='bbox 440 3369 656 3452; x_wconf 81' lang='lat' dir='ltr'><strong>Margaretsm</strong></span> <span class='ocrx_word' id='word_1_189' title='bbox 680 3374 788 3432; x_wconf 81' lang='lat' dir='ltr'><strong>natam</strong></span> <span class='ocrx_word' id='word_1_190' title='bbox 812 3365 979 3450; x_wconf 83' lang='lat' dir='ltr'><strong>Reynnrdi</strong></span> <span class='ocrx_word' id='word_1_191' title='bbox 1003 3364 1045 3431; x_wconf 93' lang='lat' dir='ltr'><strong>dc</strong></span> <span class='ocrx_word' id='word_1_192' title='bbox 1068 3364 1228 3452; x_wconf 87' lang='lat' dir='ltr'><strong>Scindorp</strong></span> <span class='ocrx_word' id='word_1_193' title='bbox 1257 3364 1396 3451; x_wconf 83' lang='lat' dir='ltr'><strong>pueliam</strong></span> <span class='ocrx_word' id='word_1_194' title='bbox 1424 3366 1600 3431; x_wconf 83' lang='lat' dir='ltr'><strong>litteratum</strong></span> 
     </span>
     <span class='ocr_line' id='line_1_25' title="bbox 267 3470 1600 3559; baseline -0.004 -18"><span class='ocrx_word' id='word_1_195' title='bbox 267 3474 379 3541; x_wconf 82' lang='lat' dir='ltr'><strong>Goion.</strong></span> <span class='ocrx_word' id='word_1_196' title='bbox 402 3473 487 3540; x_wconf 92' lang='lat' dir='ltr'><strong>dioc.</strong></span> <span class='ocrx_word' id='word_1_197' title='bbox 512 3474 693 3559; x_wconf 88' lang='lat' dir='ltr'><strong>cupientem</strong></span> <span class='ocrx_word' id='word_1_198' title='bbox 716 3474 749 3538; x_wconf 92' lang='lat' dir='ltr'><strong>in</strong></span> <span class='ocrx_word' id='word_1_199' title='bbox 773 3472 966 3538; x_wconf 79' lang='lat' dir='ltr'><strong>monasterio</strong></span> <span class='ocrx_word' id='word_1_200' title='bbox 990 3472 1142 3539; x_wconf 87' lang='lat' dir='ltr'><strong>Viliceusi</strong></span> <span class='ocrx_word' id='word_1_201' title='bbox 1167 3471 1288 3539; x_wconf 85' lang='lat' dir='ltr'><strong>ordinis</strong></span> <span class='ocrx_word' id='word_1_202' title='bbox 1312 3472 1346 3539; x_wconf 91' lang='lat' dir='ltr'><strong>S.</strong></span> <span class='ocrx_word' id='word_1_203' title='bbox 1369 3470 1490 3537; x_wconf 91' lang='lat' dir='ltr'><strong>Bencd.</strong></span> <span class='ocrx_word' id='word_1_204' title='bbox 1514 3470 1600 3537; x_wconf 91' lang='lat' dir='ltr'><strong>dicte</strong></span> 
     </span>
     <span class='ocr_line' id='line_1_26' title="bbox 268 3577 1602 3665; baseline -0.001 -20"><span class='ocrx_word' id='word_1_205' title='bbox 268 3580 351 3647; x_wconf 85' lang='lat' dir='ltr'><strong>dioc.</strong></span> <span class='ocrx_word' id='word_1_206' title='bbox 376 3581 435 3647; x_wconf 91' lang='lat' dir='ltr'><strong>sub</strong></span> <span class='ocrx_word' id='word_1_207' title='bbox 460 3580 599 3665; x_wconf 78' lang='lat' dir='ltr'><strong>regulari</strong></span> <span class='ocrx_word' id='word_1_208' title='bbox 627 3580 739 3646; x_wconf 82' lang='lat' dir='ltr'><strong>habitu</strong></span> <span class='ocrx_word' id='word_1_209' title='bbox 762 3579 891 3646; x_wconf 91' lang='lat' dir='ltr'><strong>domino</strong></span> <span class='ocrx_word' id='word_1_210' title='bbox 920 3578 1079 3663; x_wconf 81' lang='lat' dir='ltr'><strong>famulari,</strong></span> <span class='ocrx_word' id='word_1_211' title='bbox 1116 3580 1142 3646; x_wconf 89' lang='lat' dir='ltr'><strong>si</strong></span> <span class='ocrx_word' id='word_1_212' title='bbox 1166 3580 1209 3646; x_wconf 87' lang='lat' dir='ltr'><strong>sit</strong></span> <span class='ocrx_word' id='word_1_213' title='bbox 1231 3577 1361 3665; x_wconf 79' lang='lat' dir='ltr'><strong>ydoneo</strong></span> <span class='ocrx_word' id='word_1_214' title='bbox 1384 3586 1416 3645; x_wconf 87' lang='lat' dir='ltr'><strong>ct</strong></span> <span class='ocrx_word' id='word_1_215' title='bbox 1439 3577 1527 3644; x_wconf 82' lang='lat' dir='ltr'><strong>eliud</strong></span> <span class='ocrx_word' id='word_1_216' title='bbox 1550 3598 1602 3644; x_wconf 84' lang='lat' dir='ltr'><strong>ce-</strong></span> 
     </span>
     <span class='ocr_line' id='line_1_27' title="bbox 268 3684 1599 3771; baseline -0.003 -18"><span class='ocrx_word' id='word_1_217' title='bbox 268 3687 416 3753; x_wconf 91' lang='lat' dir='ltr'><strong>nonicum</strong></span> <span class='ocrx_word' id='word_1_218' title='bbox 441 3708 503 3753; x_wconf 93' lang='lat' dir='ltr'><strong>nou</strong></span> <span class='ocrx_word' id='word_1_219' title='bbox 527 3688 672 3769; x_wconf 81' lang='lat' dir='ltr'><strong>obsistat,</strong></span> <span class='ocrx_word' id='word_1_220' title='bbox 697 3686 796 3771; x_wconf 85' lang='lat' dir='ltr'><strong>recipi</strong></span> <span class='ocrx_word' id='word_1_221' title='bbox 819 3686 944 3751; x_wconf 82' lang='lat' dir='ltr'><strong>faciunt</strong></span> <span class='ocrx_word' id='word_1_222' title='bbox 964 3685 1102 3752; x_wconf 89' lang='lat' dir='ltr'><strong>indicto</strong></span> <span class='ocrx_word' id='word_1_223' title='bbox 1126 3686 1320 3752; x_wconf 84' lang='lat' dir='ltr'><strong>monasterio</strong></span> <span class='ocrx_word' id='word_1_224' title='bbox 1343 3686 1376 3752; x_wconf 93' lang='lat' dir='ltr'><strong>in</strong></span> <span class='ocrx_word' id='word_1_225' title='bbox 1399 3684 1599 3751; x_wconf 82' lang='lat' dir='ltr'><strong>monachum.</strong></span> 
     </span>
    </p>

    <p class='ocr_par' dir='ltr' id='par_1_10' title="bbox 268 3792 1599 3968">
     <span class='ocr_line' id='line_1_28' title="bbox 376 3792 1599 3880; baseline -0.001 -20"><span class='ocrx_word' id='word_1_226' title='bbox 376 3794 588 3880; x_wconf 86' lang='lat' dir='ltr'><strong>Oupieutibus</strong></span> <span class='ocrx_word' id='word_1_227' title='bbox 611 3794 710 3860; x_wconf 82' lang='lat' dir='ltr'><strong>vitam</strong></span> <span class='ocrx_word' id='word_1_228' title='bbox 741 3792 859 3859; x_wconf 90' lang='lat' dir='ltr'><strong>ducere</strong></span> <span class='ocrx_word' id='word_1_229' title='bbox 885 3843 892 3858; x_wconf 94' lang='lat'><strong>.</strong></span> <span class='ocrx_word' id='word_1_230' title='bbox 918 3842 925 3857; x_wconf 93' lang='lat'><strong>.</strong></span> <span class='ocrx_word' id='word_1_231' title='bbox 952 3843 959 3858; x_wconf 93' lang='lat'><strong>.</strong></span> <span class='ocrx_word' id='word_1_232' title='bbox 1005 3794 1081 3859; x_wconf 82' lang='lat' dir='ltr'><strong>Det.</strong></span> <span class='ocrx_word' id='word_1_233' title='bbox 1106 3793 1201 3859; x_wconf 86' lang='lat' dir='ltr'><strong>Avin.</strong></span> <span class='ocrx_word' id='word_1_234' title='bbox 1225 3793 1259 3858; x_wconf 91' lang='lat' dir='ltr'><strong>II</strong></span> <span class='ocrx_word' id='word_1_235' title='bbox 1282 3812 1382 3860; x_wconf 82' lang='lat' dir='ltr'><strong>nones</strong></span> <span class='ocrx_word' id='word_1_236' title='bbox 1405 3792 1546 3860; x_wconf 85' lang='lat' dir='ltr'><strong>octobris</strong></span> <span class='ocrx_word' id='word_1_237' title='bbox 1569 3814 1599 3859; x_wconf 82' lang='lat' dir='ltr'><strong>u.</strong></span> 
     </span>
     <span class='ocr_line' id='line_1_29' title="bbox 268 3900 471 3968; baseline 0.005 -2"><span class='ocrx_word' id='word_1_238' title='bbox 268 3900 471 3968; x_wconf 88' lang='lat' dir='ltr'><strong>duodecimo.</strong></span> 
     </span>
    </p>
   </div>
   <div class='ocr_carea' id='block_1_9' title="bbox 420 4025 780 4097">
    <p class='ocr_par' dir='ltr' id='par_1_11' title="bbox 420 4025 780 4097">
     <span class='ocr_line' id='line_1_30' title="bbox 420 4025 780 4097; baseline 0 -17"><span class='ocrx_word' id='word_1_239' title='bbox 420 4026 493 4097; x_wconf 71' lang='lat' dir='ltr'><strong>ch.</strong></span> <span class='ocrx_word' id='word_1_240' title='bbox 512 4030 549 4081; x_wconf 85' lang='grc'><strong>86</strong></span> <span class='ocrx_word' id='word_1_241' title='bbox 567 4026 591 4096; x_wconf 77' lang='lat' dir='ltr'><strong>f.</strong></span> <span class='ocrx_word' id='word_1_242' title='bbox 611 4025 651 4081; x_wconf 91' lang='grc'><strong>29</strong></span> <span class='ocrx_word' id='word_1_243' title='bbox 668 4042 716 4080; x_wconf 81' lang='lat' dir='ltr'><strong>nr.</strong></span> <span class='ocrx_word' id='word_1_244' title='bbox 735 4028 780 4081; x_wconf 86' lang='grc'><strong>82.</strong></span> 
     </span>
    </p>
   </div>
   <div class='ocr_carea' id='block_1_10' title="bbox 375 4290 1029 4380">
    <p class='ocr_par' dir='ltr' id='par_1_12' title="bbox 375 4290 1029 4380">
     <span class='ocr_line' id='line_1_31' title="bbox 375 4290 1029 4380; baseline -0.002 -22"><span class='ocrx_word' id='word_1_245' title='bbox 375 4290 498 4359; x_wconf 74' lang='grc'><strong>1298.</strong></span> <span class='ocrx_word' id='word_1_246' title='bbox 533 4294 619 4357; x_wconf 83' lang='grc'><em>1327</em></span> <span class='ocrx_word' id='word_1_247' title='bbox 645 4292 786 4358; x_wconf 82' lang='lat' dir='ltr'><strong>October·</strong></span> <span class='ocrx_word' id='word_1_248' title='bbox 808 4296 839 4358; x_wconf 89' lang='grc'><strong>6.</strong></span> <span class='ocrx_word' id='word_1_249' title='bbox 865 4292 1029 4380; x_wconf 74' lang='lat' dir='ltr'><strong>Aoipnou.</strong></span> 
     </span>
    </p>
   </div>
   <div class='ocr_carea' id='block_1_11' title="bbox 267 4422 1599 4832">
    <p class='ocr_par' dir='ltr' id='par_1_13' title="bbox 267 4422 1599 4832">
     <span class='ocr_line' id='line_1_32' title="bbox 376 4422 1597 4509; baseline -0.001 -20"><span class='ocrx_word' id='word_1_250' title='bbox 376 4424 535 4491; x_wconf 80' lang='lat' dir='ltr'><strong>iohannes</strong></span> <span class='ocrx_word' id='word_1_251' title='bbox 558 4424 657 4490; x_wconf 89' lang='lat' dir='ltr'>XXII</span> <span class='ocrx_word' id='word_1_252' title='bbox 690 4424 813 4491; x_wconf 79' lang='lat' dir='ltr'><strong>Mathis</strong></span> <span class='ocrx_word' id='word_1_253' title='bbox 837 4433 913 4490; x_wconf 82' lang='lat' dir='ltr'><strong>nato</strong></span> <span class='ocrx_word' id='word_1_254' title='bbox 937 4424 1063 4491; x_wconf 87' lang='lat' dir='ltr'><strong>Pizonis</strong></span> <span class='ocrx_word' id='word_1_255' title='bbox 1086 4425 1128 4490; x_wconf 90' lang='lat' dir='ltr'><strong>de</strong></span> <span class='ocrx_word' id='word_1_256' title='bbox 1151 4423 1347 4509; x_wconf 84' lang='lat' dir='ltr'><strong>Luceuburg</strong></span> <span class='ocrx_word' id='word_1_257' title='bbox 1370 4426 1496 4492; x_wconf 86' lang='lat' dir='ltr'><strong>confert</strong></span> <span class='ocrx_word' id='word_1_258' title='bbox 1519 4422 1597 4491; x_wconf 88' lang='lat' dir='ltr'><strong>ceci.</strong></span> 
     </span>
     <span class='ocr_line' id='line_1_33' title="bbox 268 4530 1598 4617; baseline 0.001 -22"><span class='ocrx_word' id='word_1_259' title='bbox 268 4531 304 4595; x_wconf 93' lang='lat' dir='ltr'><strong>B.</strong></span> <span class='ocrx_word' id='word_1_260' title='bbox 331 4530 430 4597; x_wconf 87' lang='lat' dir='ltr'><strong>Marie</strong></span> <span class='ocrx_word' id='word_1_261' title='bbox 454 4531 645 4617; x_wconf 80' lang='lat' dir='ltr'><strong>Mugdudcne</strong></span> <span class='ocrx_word' id='word_1_262' title='bbox 671 4530 880 4598; x_wconf 88' lang='lat' dir='ltr'><strong>Virdunensis</strong></span> <span class='ocrx_word' id='word_1_263' title='bbox 909 4532 1142 4608; x_wconf 81' lang='lat' dir='ltr'><strong>canonicatum,</strong></span> <span class='ocrx_word' id='word_1_264' title='bbox 1173 4532 1370 4617; x_wconf 84' lang='lat' dir='ltr'><strong>prebendam</strong></span> <span class='ocrx_word' id='word_1_265' title='bbox 1394 4553 1469 4599; x_wconf 85' lang='lat' dir='ltr'><strong>vero</strong></span> <span class='ocrx_word' id='word_1_266' title='bbox 1493 4532 1598 4597; x_wconf 90' lang='lat' dir='ltr'><strong>eidem</strong></span> 
     </span>
     <span class='ocr_line' id='line_1_34' title="bbox 268 4638 1599 4721; baseline 0.002 -19"><span class='ocrx_word' id='word_1_267' title='bbox 268 4644 421 4719; x_wconf 81' lang='lat' dir='ltr'><strong>reservat,</strong></span> <span class='ocrx_word' id='word_1_268' title='bbox 451 4659 511 4702; x_wconf 88' lang='lat' dir='ltr'><strong>non</strong></span> <span class='ocrx_word' id='word_1_269' title='bbox 536 4640 686 4705; x_wconf 73' lang='lat' dir='ltr'><strong>obstante</strong></span> <span class='ocrx_word' id='word_1_270' title='bbox 710 4638 794 4721; x_wconf 87' lang='lat' dir='ltr'><strong>quod</strong></span> <span class='ocrx_word' id='word_1_271' title='bbox 819 4640 851 4703; x_wconf 90' lang='lat' dir='ltr'><strong>in</strong></span> <span class='ocrx_word' id='word_1_272' title='bbox 880 4638 958 4704; x_wconf 86' lang='lat' dir='ltr'><strong>ecci.</strong></span> <span class='ocrx_word' id='word_1_273' title='bbox 983 4638 1016 4705; x_wconf 93' lang='lat' dir='ltr'><strong>S.</strong></span> <span class='ocrx_word' id='word_1_274' title='bbox 1041 4638 1209 4721; x_wconf 85' lang='lat' dir='ltr'><strong>Symeonis</strong></span> <span class='ocrx_word' id='word_1_275' title='bbox 1233 4639 1440 4707; x_wconf 84' lang='lat' dir='ltr'><strong>Treverensis</strong></span> <span class='ocrx_word' id='word_1_276' title='bbox 1463 4640 1521 4705; x_wconf 88' lang='lat' dir='ltr'><strong>sub</strong></span> <span class='ocrx_word' id='word_1_277' title='bbox 1546 4660 1599 4705; x_wconf 85' lang='lat' dir='ltr'><strong>cx-</strong></span> 
     </span>
     <span class='ocr_line' id='line_1_35' title="bbox 267 4744 1597 4832; baseline 0.001 -23"><span class='ocrx_word' id='word_1_278' title='bbox 267 4746 454 4831; x_wconf 74' lang='lat' dir='ltr'><strong>pectatione</strong></span> <span class='ocrx_word' id='word_1_279' title='bbox 477 4746 639 4830; x_wconf 89' lang='lat' dir='ltr'><strong>prebende</strong></span> <span class='ocrx_word' id='word_1_280' title='bbox 664 4747 855 4811; x_wconf 80' lang='lat' dir='ltr'><strong>auctoritate</strong></span> <span class='ocrx_word' id='word_1_281' title='bbox 879 4744 1058 4829; x_wconf 82' lang='lat' dir='ltr'><strong>apostolica</strong></span> <span class='ocrx_word' id='word_1_282' title='bbox 1086 4746 1119 4809; x_wconf 93' lang='lat' dir='ltr'><strong>in</strong></span> <span class='ocrx_word' id='word_1_283' title='bbox 1150 4746 1338 4813; x_wconf 78' lang='lat' dir='ltr'><strong>canonicum</strong></span> <span class='ocrx_word' id='word_1_284' title='bbox 1367 4756 1417 4813; x_wconf 90' lang='lat' dir='ltr'><strong>est</strong></span> <span class='ocrx_word' id='word_1_285' title='bbox 1440 4752 1597 4832; x_wconf 87' lang='lat' dir='ltr'><strong>receptus.</strong></span> 
     </span>
    </p>
   </div>
   <div class='ocr_carea' id='block_1_12' title="bbox 0 0 1828 5509">
    <p class='ocr_par' dir='ltr' id='par_1_14' title="bbox 0 0 1828 5509">
     <span class='ocr_line' id='line_1_36' title="bbox 0 0 1828 5509; baseline 0 0"><span class='ocrx_word' id='word_1_286' title='bbox 0 0 1828 5509; x_wconf 95' lang='lat' dir='ltr'><strong> </strong></span> 
     </span>
    </p>
   </div>
  </div>
 </body>
</html>
