3642 5509
751 430 821 495 1330
841 433 973 496 October
992 435 1034 494 lb.

344 619 467 686 1982.
503 621 588 685 1330
610 620 751 686 October
776 622 827 685 12.
854 619 1019 706 Aoipuon.

348 762 508 829 Iohannes
524 761 623 827 XXII
647 761 819 828 Tilmanno
842 760 931 828 dicto
947 761 988 828 de
1005 763 1115 828 Fovea
1139 762 1264 829 confert
1288 763 1366 828 eccl.
1384 764 1416 829 S.
1430 763 1575 830 Severini

241 870 352 936 Colon.
378 870 612 951 canonicatum,
646 868 844 954 prebendam
874 890 949 935 vero
982 878 1015 935 et
1049 870 1202 935 ferculum
1235 889 1291 935 seu
1320 871 1575 955 supplementum

240 976 345 1043 eidem
376 984 530 1058 reservet,
564 997 627 1042 non
657 977 804 1042 obstante
835 975 920 1059 quod
951 975 1070 1042 dudum
1099 998 1185 1062 papo
1218 976 1259 1042 de
1290 977 1444 1043 beneficio
1477 979 1577 1043 eccle-

239 1085 370 1150 siastico
395 1103 465 1148 cnm
491 1104 568 1148 cura
592 1083 642 1149 vel
666 1085 735 1149 sine
759 1103 835 1148 euru
865 1082 907 1148 ad
937 1082 1180 1169 dispositionem
1209 1085 1363 1168 prepositi
1388 1090 1421 1149 et
1444 1085 1576 1170 capituli

241 1190 321 1257 eccl.
346 1190 379 1256 S.
405 1190 560 1256 Gereonis
584 1190 693 1256 (lolon.
720 1189 824 1255 eidem
848 1189 1014 1255 mundavit
1037 1189 1212 1276 provideri.

347 1297 523 1364 Probitutis
546 1303 601 1362 tue
623 1297 746 1362 merids
762 1343 770 1359 .
789 1345 823 1362 ..
855 1297 933 1362 Dat.
950 1297 1044 1363 Avin.
1063 1297 1128 1362 lIlI
1145 1296 1218 1365 idus
1242 1299 1381 1366 octobris
1404 1320 1433 1365 a.
1452 1300 1575 1382 quinto·

241 1405 377 1471 decimo.

345 1515 383 1579 In
407 1534 435 1579 e.
464 1537 505 1581 m.
541 1514 665 1582 decano
698 1515 732 1581 S.
762 1516 894 1600 Georgii
927 1516 1038 1583 Goion.
1072 1523 1105 1582 ct
1137 1516 1308 1583 scolastico
1339 1517 1501 1584 Tullensis
1535 1539 1575 1583 se

240 1621 395 1703 magistro
420 1620 596 1688 Godelrido
629 1621 670 1686 de
693 1622 815 1689 Sancto
840 1623 1013 1688 Ouniberto
1043 1625 1198 1690 canonico
1226 1625 1356 1692 maioris
1384 1625 1494 1690 Oolon.
1525 1647 1573 1692 ec-

240 1727 420 1792 clesiurum.

391 1848 464 1922 Rep.
484 1850 523 1905 99
539 1850 564 1919 f.
583 1852 650 1906 310‘
669 1867 718 1904 mr.
738 1853 819 1906 1754.

350 2108 477 2175 1983.
513 2107 601 2171 1330
624 2106 764 2172 October
792 2108 845 2170 17.
869 2104 1034 2193 Aoipnoo.

346 2241 507 2307 Iohannes
529 2239 631 2304 XXII
655 2238 795 2305 Henricu
819 2238 860 2304 de
877 2239 1122 2306 Wissenkirken
1146 2239 1270 2305 confert
1294 2239 1371 2305 eccl.
1397 2237 1430 2305 S.
1445 2237 1573 2304 Andrce

240 2349 350 2416 Oolon.
376 2348 609 2430 canonicatum,
634 2344 830 2432 prebendam
855 2366 932 2411 vero
956 2346 1060 2412 eidem
1085 2360 1238 2413 reservat.

330 2455 491 2525 Nobilitas
513 2453 654 2538 generis,
687 2455 753 2520 vite
781 2503 790 2518 .
818 2502 827 2520 .
857 2503 864 2518 .
921 2454 995 2520 Dat.
1026 2453 1121 2520 AvIn.
1150 2453 1229 2520 XVl
1258 2454 1303 2518 kl.
1332 2453 1514 2520 novembris
1542 2474 1571 2518 a.

238 2561 488 2647 quintodecimo.

345 2671 383 2736 ln
407 2691 435 2736 e.
452 2691 492 2735 m.
518 2668 642 2736 decano
658 2667 691 2734 S.
708 2669 839 2734 Martini
860 2668 971 2735 Solon.
995 2675 1028 2734 et
1051 2669 1170 2735 Iacobo
1195 2667 1236 2734 de
1251 2668 1375 2734 Mutina
1399 2668 1571 2735 scolastico

236 2778 396 2844 Tullensis
426 2797 466 2842 oc
490 2775 668 2843 Godeivido
697 2775 785 2841 dicto
815 2773 856 2840 de
886 2776 921 2843 S.
946 2775 1120 2842 Ouniberto
1149 2777 1305 2842 canonico
1330 2776 1439 2842 Oolon.
1469 2774 1572 2840 eccle·

236 2886 364 2951 siarum.

388 3008 461 3078 ch.
481 3007 521 3062 99
538 3007 562 3077 f.
582 3007 641 3061 369
658 3023 707 3061 ur.
727 3007 811 3062 1926.

341 3267 465 3335 1984.
492 3268 580 3333 1330
602 3268 742 3334 October
764 3270 819 3331 27.
848 3264 1015 3353 Acc'pnon.

342 3411 503 3477 lohannes
519 3410 620 3475 XXII
644 3411 828 3475 Hermanno
849 3408 890 3475 de
906 3409 1049 3475 Monrcal
1074 3410 1272 3478 thesaurario
1297 3411 1375 3478 eccl.
1393 3412 1571 3478 Bunnensis

237 3519 307 3584 Col.
333 3518 428 3594 dioc,
454 3538 527 3583 cum
550 3538 621 3582 eum
645 3524 793 3602 oporteat
816 3518 850 3583 in
872 3517 1013 3584 servitiis
1037 3516 1237 3586 (boloniensis
1261 3525 1292 3584 ct
1316 3519 1496 3604 Maguntini
1521 3541 1570 3584 ar-

236 3624 514 3711 chiepiscoporum
532 3624 622 3707 qussi
639 3624 788 3689 continue
810 3625 958 3690 laborare
974 3632 1007 3690 et
1022 3645 1080 3710 per
1096 3625 1239 3692 diversas
1256 3632 1365 3712 partes
1381 3626 1569 3710 discurrere,

234 3731 393 3817 indulget,
418 3739 454 3796 ut
478 3732 619 3816 ipsorum
644 3730 958 3817 archiepiscoporum
984 3733 1035 3797 vel
1060 3731 1190 3800 alterius
1214 3733 1385 3798 eorundem
1410 3733 1572 3817 obsequiis

233 3837 412 3906 insistendo
429 3844 485 3903 uut
503 3838 536 3902 in
553 3836 661 3921 aliquo
687 3837 893 3905 ecclesiarum
918 3859 974 3904 seu
999 3839 1150 3924 locorum,
1175 3839 1338 3922 inquibus
1363 3841 1571 3909 beneficiatus

233 3945 355 4030 existit,
391 3946 605 4033 personaliter
638 3944 809 4013 residendo
839 3946 962 4013 fruetus
991 3947 1215 4013 beneficiorum
1244 3968 1381 4033 suorum,
1418 3951 1514 4016 etiam
1544 3950 1571 4016 si

233 4053 410 4138 dignitates
442 4054 494 4120 vel
527 4059 718 4138 personatus
750 4060 807 4120 out
839 4053 946 4121 officia
979 4055 1120 4121 existunt
1148 4062 1180 4120 et
1209 4075 1317 4122 curum
1341 4055 1482 4122 babeant
1505 4057 1571 4122 uni·

234 4181 367 4244 marum,
404 4180 505 4244 usque
540 4159 580 4225 ad
616 4160 785 4225 triennium
814 4162 951 4246 integre,
988 4161 1159 4227 cotidIsnis
1183 4160 1459 4230 distributionibus
1483 4162 1571 4230 dum·

235 4274 327 4334 taxat
351 4268 507 4352 exeeptis,
531 4265 699 4353 percipere
721 4267 839 4334 voleat.

340 4375 415 4440 Vite
445 4395 486 4440 uc
514 4394 636 4440 morum
669 4372 820 4441 honestas
848 4424 855 4438 .
887 4424 894 4440 .
925 4424 931 4440 .
979 4375 1055 4441 Dat.
1080 4375 1174 4441 Avin.
1195 4376 1241 4442 VI
1263 4376 1309 4442 kl.
1333 4378 1515 4444 novembris
1538 4400 1568 4448 a.

234 4480 483 4566 quintodecimo.

339 4589 378 4654 In
402 4608 430 4653 e.
454 4609 495 4652 m.
530 4588 565 4656 S.
589 4589 722 4673 Georgii
746 4595 778 4654 et
801 4590 835 4655 S.
860 4589 1008 4656 Severini
1033 4589 1142 4656 Solon.
1174 4591 1306 4659 decanis
1335 4613 1375 4660 uc
1398 4595 1569 4662 scolastico

233 4696 395 4763 [tullensis
419 4696 636 4764 ecclesiarum.

393 4829 467 4900 ch.
486 4825 542 4884 100
558 4844 606 4883 rvr.
625 4828 692 4884 242.
