<?xml version="1.0" encoding="UTF-8"?>
<!DOCTYPE html PUBLIC "-//W3C//DTD XHTML 1.0 Transitional//EN"
    "http://www.w3.org/TR/xhtml1/DTD/xhtml1-transitional.dtd">
<html xmlns="http://www.w3.org/1999/xhtml" xml:lang="en" lang="en">
 <head>
  <title>
</title>
<meta http-equiv="Content-Type" content="text/html;charset=utf-8" />
  <meta name='ocr-system' content='tesseract 3.04.00' />
  <meta name='ocr-capabilities' content='ocr_page ocr_carea ocr_par ocr_line ocrx_word'/>
</head>
<body>
  <div class='ocr_page' id='page_1' title='image "./urkundenundrege00thimgoog_0308.png"; bbox 0 0 3642 5509; ppageno 0'>
   <div class='ocr_carea' id='block_1_1' title="bbox 743 445 1548 504">
    <p class='ocr_par' dir='ltr' id='par_1_1' title="bbox 743 445 1548 504">
     <span class='ocr_line' id='line_1_1' title="bbox 743 445 1548 504; baseline 0.001 -3"><span class='ocrx_word' id='word_1_1' title='bbox 743 447 813 504; x_wconf 82' lang='grc'><strong>1329</strong></span> <span class='ocrx_word' id='word_1_2' title='bbox 832 445 963 502; x_wconf 81' lang='lat' dir='ltr'><strong>October</strong></span> <span class='ocrx_word' id='word_1_3' title='bbox 983 446 1025 502; x_wconf 85' lang='lat'><strong>26.</strong></span> <span class='ocrx_word' id='word_1_4' title='bbox 1495 449 1548 503; x_wconf 83' lang='grc'><strong>279</strong></span> 
     </span>
    </p>
   </div>
   <div class='ocr_carea' id='block_1_2' title="bbox 214 627 1548 817">
    <p class='ocr_par' dir='ltr' id='par_1_2' title="bbox 214 627 1548 817">
     <span class='ocr_line' id='line_1_2' title="bbox 322 627 1548 694; baseline 0.003 -4"><span class='ocrx_word' id='word_1_5' title='bbox 322 627 480 692; x_wconf 75' lang='lat' dir='ltr'>Personas</span> <span class='ocrx_word' id='word_1_6' title='bbox 507 633 631 693; x_wconf 88' lang='lat' dir='ltr'><strong>vestras</strong></span> <span class='ocrx_word' id='word_1_7' title='bbox 659 627 868 693; x_wconf 90' lang='lat' dir='ltr'><strong>nobilitatis.</strong></span> <span class='ocrx_word' id='word_1_8' title='bbox 895 675 902 692; x_wconf 93' lang='lat'><strong>.</strong></span> <span class='ocrx_word' id='word_1_9' title='bbox 929 676 936 692; x_wconf 93' lang='lat'><strong>.</strong></span> <span class='ocrx_word' id='word_1_10' title='bbox 986 628 1059 694; x_wconf 91' lang='lat' dir='ltr'><strong>Dat.</strong></span> <span class='ocrx_word' id='word_1_11' title='bbox 1085 627 1179 694; x_wconf 86' lang='lat' dir='ltr'><strong>Avin.</strong></span> <span class='ocrx_word' id='word_1_12' title='bbox 1205 629 1267 694; x_wconf 94' lang='lat' dir='ltr'><strong>VII</strong></span> <span class='ocrx_word' id='word_1_13' title='bbox 1292 628 1336 693; x_wconf 86' lang='lat' dir='ltr'><strong>kl.</strong></span> <span class='ocrx_word' id='word_1_14' title='bbox 1366 629 1548 694; x_wconf 80' lang='lat' dir='ltr'><strong>novembris</strong></span> 
     </span>
     <span class='ocr_line' id='line_1_3' title="bbox 214 732 521 817; baseline -0.007 -18"><span class='ocrx_word' id='word_1_15' title='bbox 214 756 244 799; x_wconf 90' lang='lat' dir='ltr'><strong>a.</strong></span> <span class='ocrx_word' id='word_1_16' title='bbox 269 732 521 817; x_wconf 88' lang='lat' dir='ltr'><strong>quartodecimo.</strong></span> 
     </span>
    </p>
   </div>
   <div class='ocr_carea' id='block_1_3' title="bbox 375 873 847 944">
    <p class='ocr_par' dir='ltr' id='par_1_3' title="bbox 375 873 847 944">
     <span class='ocr_line' id='line_1_4' title="bbox 375 873 847 944; baseline 0 -16"><span class='ocrx_word' id='word_1_17' title='bbox 375 874 449 944; x_wconf 76' lang='lat' dir='ltr'><strong>Rep.</strong></span> <span class='ocrx_word' id='word_1_18' title='bbox 469 873 507 926; x_wconf 83' lang='grc'><strong>94</strong></span> <span class='ocrx_word' id='word_1_19' title='bbox 525 890 573 927; x_wconf 80' lang='lat' dir='ltr'><strong>nr.</strong></span> <span class='ocrx_word' id='word_1_20' title='bbox 592 876 668 942; x_wconf 60' lang='lat'><strong>45&amp;</strong></span> <span class='ocrx_word' id='word_1_21' title='bbox 686 875 738 929; x_wconf 73' lang='lat' dir='ltr'><strong>cz.</strong></span> <span class='ocrx_word' id='word_1_22' title='bbox 766 874 847 928; x_wconf 82' lang='lat'><em>1217.</em></span> 
     </span>
    </p>
   </div>
   <div class='ocr_carea' id='block_1_4' title="bbox 322 1171 991 1259">
    <p class='ocr_par' dir='ltr' id='par_1_4' title="bbox 322 1171 991 1259">
     <span class='ocr_line' id='line_1_5' title="bbox 322 1171 991 1259; baseline -0.003 -23"><span class='ocrx_word' id='word_1_23' title='bbox 322 1171 446 1238; x_wconf 86' lang='grc'><strong>1799.</strong></span> <span class='ocrx_word' id='word_1_24' title='bbox 475 1175 561 1237; x_wconf 89' lang='grc'><strong>1329</strong></span> <span class='ocrx_word' id='word_1_25' title='bbox 586 1174 726 1238; x_wconf 75' lang='lat' dir='ltr'><em>October</em></span> <span class='ocrx_word' id='word_1_26' title='bbox 749 1175 803 1238; x_wconf 85' lang='lat'><strong>26.</strong></span> <span class='ocrx_word' id='word_1_27' title='bbox 828 1173 991 1259; x_wconf 81' lang='lat' dir='ltr'><strong>Acipnon.</strong></span> 
     </span>
    </p>
   </div>
   <div class='ocr_carea' id='block_1_5' title="bbox 214 1313 1549 1509">
    <p class='ocr_par' dir='ltr' id='par_1_5' title="bbox 214 1313 1549 1509">
     <span class='ocr_line' id='line_1_6' title="bbox 321 1313 1549 1400; baseline 0.002 -21"><span class='ocrx_word' id='word_1_28' title='bbox 321 1313 483 1381; x_wconf 87' lang='lat' dir='ltr'><strong>Iohannes</strong></span> <span class='ocrx_word' id='word_1_29' title='bbox 506 1315 605 1379; x_wconf 84' lang='lat' dir='ltr'>XXII</span> <span class='ocrx_word' id='word_1_30' title='bbox 640 1314 844 1381; x_wconf 76' lang='lat' dir='ltr'><strong>Theoderico</strong></span> <span class='ocrx_word' id='word_1_31' title='bbox 878 1317 987 1381; x_wconf 88' lang='lat' dir='ltr'><strong>comiti</strong></span> <span class='ocrx_word' id='word_1_32' title='bbox 1019 1316 1166 1383; x_wconf 84' lang='lat' dir='ltr'><strong>Clevcnsi</strong></span> <span class='ocrx_word' id='word_1_33' title='bbox 1201 1325 1233 1381; x_wconf 94' lang='lat' dir='ltr'><strong>et</strong></span> <span class='ocrx_word' id='word_1_34' title='bbox 1266 1318 1448 1400; x_wconf 85' lang='lat' dir='ltr'><strong>Margarete</strong></span> <span class='ocrx_word' id='word_1_35' title='bbox 1481 1316 1549 1381; x_wconf 90' lang='lat' dir='ltr'><strong>eius</strong></span> 
     </span>
     <span class='ocr_line' id='line_1_7' title="bbox 214 1422 1547 1509; baseline 0.001 -21"><span class='ocrx_word' id='word_1_36' title='bbox 214 1423 306 1489; x_wconf 80' lang='lat' dir='ltr'><strong>uxori</strong></span> <span class='ocrx_word' id='word_1_37' title='bbox 335 1422 493 1506; x_wconf 77' lang='lat' dir='ltr'><strong>indulget,</strong></span> <span class='ocrx_word' id='word_1_38' title='bbox 523 1429 557 1487; x_wconf 91' lang='lat' dir='ltr'><strong>ut</strong></span> <span class='ocrx_word' id='word_1_39' title='bbox 585 1423 613 1488; x_wconf 90' lang='lat' dir='ltr'><strong>si</strong></span> <span class='ocrx_word' id='word_1_40' title='bbox 636 1423 746 1488; x_wconf 84' lang='lat' dir='ltr'><strong>forsan</strong></span> <span class='ocrx_word' id='word_1_41' title='bbox 770 1422 812 1487; x_wconf 87' lang='lat' dir='ltr'><strong>ad</strong></span> <span class='ocrx_word' id='word_1_42' title='bbox 837 1423 909 1489; x_wconf 83' lang='lat' dir='ltr'><strong>loca</strong></span> <span class='ocrx_word' id='word_1_43' title='bbox 933 1423 1154 1490; x_wconf 87' lang='lat' dir='ltr'><strong>ecclesiastico</strong></span> <span class='ocrx_word' id='word_1_44' title='bbox 1179 1425 1346 1509; x_wconf 88' lang='lat' dir='ltr'><strong>supposita</strong></span> <span class='ocrx_word' id='word_1_45' title='bbox 1376 1423 1547 1489; x_wconf 90' lang='lat' dir='ltr'><strong>interdicto</strong></span> 
     </span>
    </p>
   </div>
   <div class='ocr_carea' id='block_1_6' title="bbox 215 1529 1550 2041">
    <p class='ocr_par' dir='ltr' id='par_1_6' title="bbox 215 1529 1550 1811">
     <span class='ocr_line' id='line_1_8' title="bbox 215 1529 1550 1616; baseline -0.001 -20"><span class='ocrx_word' id='word_1_46' title='bbox 215 1551 270 1597; x_wconf 92' lang='lat' dir='ltr'><strong>eos</strong></span> <span class='ocrx_word' id='word_1_47' title='bbox 298 1529 349 1596; x_wconf 91' lang='lat' dir='ltr'><strong>vel</strong></span> <span class='ocrx_word' id='word_1_48' title='bbox 383 1550 491 1596; x_wconf 87' lang='lat' dir='ltr'><strong>eorum</strong></span> <span class='ocrx_word' id='word_1_49' title='bbox 526 1531 662 1595; x_wconf 90' lang='lat' dir='ltr'><strong>alterum</strong></span> <span class='ocrx_word' id='word_1_50' title='bbox 695 1532 862 1614; x_wconf 87' lang='lat' dir='ltr'><strong>pervenire</strong></span> <span class='ocrx_word' id='word_1_51' title='bbox 896 1531 1078 1616; x_wconf 80' lang='lat' dir='ltr'><strong>eontigerit,</strong></span> <span class='ocrx_word' id='word_1_52' title='bbox 1111 1532 1172 1598; x_wconf 87' lang='lat' dir='ltr'><strong>sibi</strong></span> <span class='ocrx_word' id='word_1_53' title='bbox 1203 1553 1242 1596; x_wconf 84' lang='lat' dir='ltr'><strong>nc</strong></span> <span class='ocrx_word' id='word_1_54' title='bbox 1270 1532 1378 1597; x_wconf 89' lang='lat' dir='ltr'><strong>liberis</strong></span> <span class='ocrx_word' id='word_1_55' title='bbox 1402 1537 1434 1596; x_wconf 92' lang='lat' dir='ltr'><strong>ct</strong></span> <span class='ocrx_word' id='word_1_56' title='bbox 1458 1529 1550 1595; x_wconf 86' lang='lat' dir='ltr'><strong>lumi·</strong></span> 
     </span>
     <span class='ocr_line' id='line_1_9' title="bbox 215 1637 1548 1722; baseline 0 -20"><span class='ocrx_word' id='word_1_57' title='bbox 215 1638 347 1705; x_wconf 88' lang='lat' dir='ltr'><strong>liaribus</strong></span> <span class='ocrx_word' id='word_1_58' title='bbox 379 1639 445 1702; x_wconf 79' lang='lat' dir='ltr'><strong>suin</strong></span> <span class='ocrx_word' id='word_1_59' title='bbox 477 1637 602 1722; x_wconf 77' lang='lat' dir='ltr'><strong>possint</strong></span> <span class='ocrx_word' id='word_1_60' title='bbox 633 1638 760 1703; x_wconf 88' lang='lat' dir='ltr'><strong>missam</strong></span> <span class='ocrx_word' id='word_1_61' title='bbox 795 1645 828 1703; x_wconf 91' lang='grc'><strong>11</strong></span> <span class='ocrx_word' id='word_1_62' title='bbox 860 1639 926 1704; x_wconf 88' lang='lat' dir='ltr'><strong>alia</strong></span> <span class='ocrx_word' id='word_1_63' title='bbox 959 1637 1071 1704; x_wconf 87' lang='lat' dir='ltr'><strong>divina</strong></span> <span class='ocrx_word' id='word_1_64' title='bbox 1104 1638 1210 1704; x_wconf 87' lang='lat' dir='ltr'><strong>officia</strong></span> <span class='ocrx_word' id='word_1_65' title='bbox 1242 1638 1409 1722; x_wconf 87' lang='lat' dir='ltr'><strong>celebrari,</strong></span> <span class='ocrx_word' id='word_1_66' title='bbox 1443 1639 1548 1703; x_wconf 86' lang='lat' dir='ltr'><strong>ianuis</strong></span> 
     </span>
     <span class='ocr_line' id='line_1_10' title="bbox 216 1746 418 1811; baseline 0.01 -2"><span class='ocrx_word' id='word_1_67' title='bbox 216 1746 334 1811; x_wconf 87' lang='lat' dir='ltr'><strong>clausis</strong></span> <span class='ocrx_word' id='word_1_68' title='bbox 357 1750 418 1811; x_wconf 91' lang='lat' dir='ltr'><strong>etc.</strong></span> 
     </span>
    </p>

    <p class='ocr_par' dir='ltr' id='par_1_7' title="bbox 216 1851 1548 2041">
     <span class='ocr_line' id='line_1_11' title="bbox 323 1851 1548 1919; baseline 0.002 -5"><span class='ocrx_word' id='word_1_69' title='bbox 323 1852 512 1917; x_wconf 89' lang='lat' dir='ltr'><strong>Devotionis</strong></span> <span class='ocrx_word' id='word_1_70' title='bbox 536 1859 641 1917; x_wconf 88' lang='lat' dir='ltr'><strong>vestre</strong></span> <span class='ocrx_word' id='word_1_71' title='bbox 665 1853 833 1917; x_wconf 80' lang='lat' dir='ltr'><strong>sinceritas</strong></span> <span class='ocrx_word' id='word_1_72' title='bbox 862 1900 869 1918; x_wconf 89' lang='lat'>.</span> <span class='ocrx_word' id='word_1_73' title='bbox 898 1902 905 1916; x_wconf 93' lang='lat'><strong>.</strong></span> <span class='ocrx_word' id='word_1_74' title='bbox 938 1902 945 1918; x_wconf 93' lang='lat'><strong><em>.</em></strong></span> <span class='ocrx_word' id='word_1_75' title='bbox 992 1854 1066 1919; x_wconf 87' lang='lat' dir='ltr'><strong>Dat.</strong></span> <span class='ocrx_word' id='word_1_76' title='bbox 1092 1852 1185 1918; x_wconf 86' lang='lat' dir='ltr'><strong>Avin.</strong></span> <span class='ocrx_word' id='word_1_77' title='bbox 1213 1853 1273 1916; x_wconf 89' lang='lat' dir='ltr'><strong>Vll</strong></span> <span class='ocrx_word' id='word_1_78' title='bbox 1297 1853 1340 1917; x_wconf 90' lang='lat' dir='ltr'><strong>kl.</strong></span> <span class='ocrx_word' id='word_1_79' title='bbox 1365 1851 1548 1918; x_wconf 83' lang='lat' dir='ltr'><strong>novembris</strong></span> 
     </span>
     <span class='ocr_line' id='line_1_12' title="bbox 216 1957 522 2041; baseline -0.003 -17"><span class='ocrx_word' id='word_1_80' title='bbox 216 1980 245 2024; x_wconf 89' lang='lat' dir='ltr'><strong>a.</strong></span> <span class='ocrx_word' id='word_1_81' title='bbox 271 1957 522 2041; x_wconf 89' lang='lat' dir='ltr'><strong>quartodecimo.</strong></span> 
     </span>
    </p>
   </div>
   <div class='ocr_carea' id='block_1_7' title="bbox 380 2082 660 2150">
    <p class='ocr_par' dir='ltr' id='par_1_8' title="bbox 380 2082 660 2150">
     <span class='ocr_line' id='line_1_13' title="bbox 380 2082 660 2150; baseline 0.004 -15"><span class='ocrx_word' id='word_1_82' title='bbox 380 2082 452 2150; x_wconf 79' lang='lat' dir='ltr'><strong>ch.</strong></span> <span class='ocrx_word' id='word_1_83' title='bbox 473 2082 510 2136; x_wconf 82' lang='lat'><strong>95</strong></span> <span class='ocrx_word' id='word_1_84' title='bbox 528 2097 576 2135; x_wconf 80' lang='lat' dir='ltr'><strong>or.</strong></span> <span class='ocrx_word' id='word_1_85' title='bbox 596 2084 660 2136; x_wconf 73' lang='lat'><strong><em>549.</em></strong></span> 
     </span>
    </p>
   </div>
   <div class='ocr_carea' id='block_1_8' title="bbox 323 2375 993 2463">
    <p class='ocr_par' dir='ltr' id='par_1_9' title="bbox 323 2375 993 2463">
     <span class='ocr_line' id='line_1_14' title="bbox 323 2375 993 2463; baseline 0.003 -21"><span class='ocrx_word' id='word_1_86' title='bbox 323 2378 439 2444; x_wconf 93' lang='grc'><strong>1791.</strong></span> <span class='ocrx_word' id='word_1_87' title='bbox 474 2380 560 2443; x_wconf 97' lang='grc'><strong>1329</strong></span> <span class='ocrx_word' id='word_1_88' title='bbox 584 2379 723 2444; x_wconf 84' lang='lat' dir='ltr'><strong>October</strong></span> <span class='ocrx_word' id='word_1_89' title='bbox 745 2381 799 2442; x_wconf 84' lang='grc'><strong>26.</strong></span> <span class='ocrx_word' id='word_1_90' title='bbox 829 2375 993 2463; x_wconf 70' lang='lat' dir='ltr'><strong>delphon.</strong></span> 
     </span>
    </p>
   </div>
   <div class='ocr_carea' id='block_1_9' title="bbox 214 2518 1549 2927">
    <p class='ocr_par' dir='ltr' id='par_1_10' title="bbox 214 2518 1549 2712">
     <span class='ocr_line' id='line_1_15' title="bbox 323 2518 1549 2602; baseline -0.002 -17"><span class='ocrx_word' id='word_1_91' title='bbox 323 2520 483 2586; x_wconf 88' lang='lat' dir='ltr'><strong>Iohannes</strong></span> <span class='ocrx_word' id='word_1_92' title='bbox 507 2520 606 2585; x_wconf 88' lang='lat' dir='ltr'>XXII</span> <span class='ocrx_word' id='word_1_93' title='bbox 641 2519 843 2586; x_wconf 84' lang='lat' dir='ltr'><strong>Theoderico</strong></span> <span class='ocrx_word' id='word_1_94' title='bbox 877 2519 988 2584; x_wconf 88' lang='lat' dir='ltr'><strong>comiti</strong></span> <span class='ocrx_word' id='word_1_95' title='bbox 1021 2519 1168 2585; x_wconf 79' lang='lat' dir='ltr'><strong>Glevensi</strong></span> <span class='ocrx_word' id='word_1_96' title='bbox 1201 2527 1233 2585; x_wconf 91' lang='lat' dir='ltr'><strong>et</strong></span> <span class='ocrx_word' id='word_1_97' title='bbox 1266 2519 1448 2602; x_wconf 85' lang='lat' dir='ltr'><strong>llargarete</strong></span> <span class='ocrx_word' id='word_1_98' title='bbox 1482 2518 1549 2582; x_wconf 86' lang='lat' dir='ltr'><strong>eius</strong></span> 
     </span>
     <span class='ocr_line' id='line_1_16' title="bbox 214 2626 1193 2712; baseline -0.003 -17"><span class='ocrx_word' id='word_1_99' title='bbox 214 2628 306 2695; x_wconf 81' lang='lat' dir='ltr'><strong>uxori</strong></span> <span class='ocrx_word' id='word_1_100' title='bbox 330 2626 477 2710; x_wconf 82' lang='lat' dir='ltr'><strong>indulget</strong></span> <span class='ocrx_word' id='word_1_101' title='bbox 500 2627 716 2709; x_wconf 82' lang='lat' dir='ltr'><strong>(facultatem)</strong></span> <span class='ocrx_word' id='word_1_102' title='bbox 741 2626 881 2692; x_wconf 89' lang='lat' dir='ltr'><strong>habendi</strong></span> <span class='ocrx_word' id='word_1_103' title='bbox 905 2626 1007 2692; x_wconf 87' lang='lat' dir='ltr'><strong>altare</strong></span> <span class='ocrx_word' id='word_1_104' title='bbox 1029 2626 1193 2712; x_wconf 89' lang='lat' dir='ltr'><strong>portatile.</strong></span> 
     </span>
    </p>

    <p class='ocr_par' dir='ltr' id='par_1_11' title="bbox 216 2732 1547 2927">
     <span class='ocr_line' id='line_1_17' title="bbox 322 2732 1547 2800; baseline -0.003 0"><span class='ocrx_word' id='word_1_105' title='bbox 322 2735 454 2800; x_wconf 91' lang='lat' dir='ltr'><strong>Sincere</strong></span> <span class='ocrx_word' id='word_1_106' title='bbox 478 2733 659 2800; x_wconf 89' lang='lat' dir='ltr'><strong>devotionis</strong></span> <span class='ocrx_word' id='word_1_107' title='bbox 683 2735 843 2800; x_wconf 87' lang='lat' dir='ltr'><strong>affectus.</strong></span> <span class='ocrx_word' id='word_1_108' title='bbox 864 2784 898 2799; x_wconf 90' lang='lat'><strong>..</strong></span> <span class='ocrx_word' id='word_1_109' title='bbox 945 2736 1020 2799; x_wconf 88' lang='lat' dir='ltr'><strong>Dat.</strong></span> <span class='ocrx_word' id='word_1_110' title='bbox 1038 2733 1132 2799; x_wconf 86' lang='lat' dir='ltr'><strong>Avin.</strong></span> <span class='ocrx_word' id='word_1_111' title='bbox 1158 2734 1219 2799; x_wconf 95' lang='lat' dir='ltr'><strong>VII</strong></span> <span class='ocrx_word' id='word_1_112' title='bbox 1243 2733 1287 2799; x_wconf 89' lang='lat' dir='ltr'><strong>kl.</strong></span> <span class='ocrx_word' id='word_1_113' title='bbox 1312 2732 1494 2798; x_wconf 89' lang='lat' dir='ltr'><strong>novembris</strong></span> <span class='ocrx_word' id='word_1_114' title='bbox 1517 2752 1547 2796; x_wconf 89' lang='lat' dir='ltr'><strong>a.</strong></span> 
     </span>
     <span class='ocr_line' id='line_1_18' title="bbox 216 2841 468 2927; baseline -0.012 -18"><span class='ocrx_word' id='word_1_115' title='bbox 216 2841 468 2927; x_wconf 87' lang='lat' dir='ltr'><strong>quartodecimo.</strong></span> 
     </span>
    </p>
   </div>
   <div class='ocr_carea' id='block_1_10' title="bbox 365 2965 651 3037">
    <p class='ocr_par' dir='ltr' id='par_1_12' title="bbox 365 2965 651 3037">
     <span class='ocr_line' id='line_1_19' title="bbox 365 2965 651 3037; baseline 0 -16"><span class='ocrx_word' id='word_1_116' title='bbox 365 2967 438 3037; x_wconf 78' lang='lat' dir='ltr'><strong>Rep.</strong></span> <span class='ocrx_word' id='word_1_117' title='bbox 459 2965 496 3020; x_wconf 82' lang='lat'><strong>95</strong></span> <span class='ocrx_word' id='word_1_118' title='bbox 514 2982 562 3020; x_wconf 78' lang='lat' dir='ltr'><strong>nr.</strong></span> <span class='ocrx_word' id='word_1_119' title='bbox 585 2968 651 3021; x_wconf 82' lang='grc'><strong>548.</strong></span> 
     </span>
    </p>
   </div>
   <div class='ocr_carea' id='block_1_11' title="bbox 323 3261 1008 3348">
    <p class='ocr_par' dir='ltr' id='par_1_13' title="bbox 323 3261 1008 3348">
     <span class='ocr_line' id='line_1_20' title="bbox 323 3261 1008 3348; baseline -0.001 -20"><span class='ocrx_word' id='word_1_120' title='bbox 323 3261 443 3329; x_wconf 75' lang='grc'><strong>1792.</strong></span> <span class='ocrx_word' id='word_1_121' title='bbox 478 3265 564 3327; x_wconf 89' lang='grc'><strong>1329</strong></span> <span class='ocrx_word' id='word_1_122' title='bbox 588 3263 728 3328; x_wconf 87' lang='lat' dir='ltr'><strong>October</strong></span> <span class='ocrx_word' id='word_1_123' title='bbox 750 3264 804 3326; x_wconf 85' lang='lat'><strong>26.</strong></span> <span class='ocrx_word' id='word_1_124' title='bbox 844 3262 1008 3348; x_wconf 82' lang='lat' dir='ltr'><strong>Aoipooo.</strong></span> 
     </span>
    </p>
   </div>
   <div class='ocr_carea' id='block_1_12' title="bbox 216 3403 1550 4023">
    <p class='ocr_par' dir='ltr' id='par_1_14' title="bbox 216 3403 1550 3811">
     <span class='ocr_line' id='line_1_21' title="bbox 324 3403 1550 3488; baseline -0.001 -19"><span class='ocrx_word' id='word_1_125' title='bbox 324 3404 482 3470; x_wconf 86' lang='lat' dir='ltr'><strong>Iohannes</strong></span> <span class='ocrx_word' id='word_1_126' title='bbox 511 3405 611 3469; x_wconf 87' lang='lat' dir='ltr'>XXII</span> <span class='ocrx_word' id='word_1_127' title='bbox 643 3403 845 3470; x_wconf 83' lang='lat' dir='ltr'><strong>Theoderico</strong></span> <span class='ocrx_word' id='word_1_128' title='bbox 879 3406 989 3470; x_wconf 92' lang='lat' dir='ltr'><strong>comiti</strong></span> <span class='ocrx_word' id='word_1_129' title='bbox 1022 3405 1168 3470; x_wconf 85' lang='lat' dir='ltr'><strong>Clevensi</strong></span> <span class='ocrx_word' id='word_1_130' title='bbox 1202 3411 1234 3470; x_wconf 87' lang='lat' dir='ltr'><strong>et</strong></span> <span class='ocrx_word' id='word_1_131' title='bbox 1268 3405 1448 3488; x_wconf 80' lang='lat' dir='ltr'><strong>hlorgareto</strong></span> <span class='ocrx_word' id='word_1_132' title='bbox 1482 3405 1550 3468; x_wconf 90' lang='lat' dir='ltr'><strong>cius</strong></span> 
     </span>
     <span class='ocr_line' id='line_1_22' title="bbox 216 3510 1550 3597; baseline -0.004 -18"><span class='ocrx_word' id='word_1_133' title='bbox 216 3513 309 3579; x_wconf 81' lang='lat' dir='ltr'><strong>rrxori</strong></span> <span class='ocrx_word' id='word_1_134' title='bbox 335 3510 493 3596; x_wconf 84' lang='lat' dir='ltr'><strong>indulget,</strong></span> <span class='ocrx_word' id='word_1_135' title='bbox 524 3519 690 3578; x_wconf 91' lang='lat' dir='ltr'><strong>uteorum</strong></span> <span class='ocrx_word' id='word_1_136' title='bbox 716 3512 874 3596; x_wconf 87' lang='lat' dir='ltr'><strong>capellani</strong></span> <span class='ocrx_word' id='word_1_137' title='bbox 897 3512 1016 3597; x_wconf 89' lang='lat' dir='ltr'><strong>ydonei</strong></span> <span class='ocrx_word' id='word_1_138' title='bbox 1041 3513 1120 3597; x_wconf 90' lang='lat' dir='ltr'><strong>ipsis</strong></span> <span class='ocrx_word' id='word_1_139' title='bbox 1142 3513 1346 3597; x_wconf 87' lang='lat' dir='ltr'><strong>ipsorumque</strong></span> <span class='ocrx_word' id='word_1_140' title='bbox 1370 3511 1479 3576; x_wconf 90' lang='lat' dir='ltr'><strong>liberis</strong></span> <span class='ocrx_word' id='word_1_141' title='bbox 1502 3531 1550 3576; x_wconf 89' lang='lat' dir='ltr'><strong>sa·</strong></span> 
     </span>
     <span class='ocr_line' id='line_1_23' title="bbox 218 3616 1550 3704; baseline -0.002 -20"><span class='ocrx_word' id='word_1_142' title='bbox 218 3626 383 3685; x_wconf 82' lang='lat' dir='ltr'><strong>eramenta</strong></span> <span class='ocrx_word' id='word_1_143' title='bbox 411 3620 644 3700; x_wconf 82' lang='lat' dir='ltr'><strong>ecelesiastica,</strong></span> <span class='ocrx_word' id='word_1_144' title='bbox 678 3619 831 3701; x_wconf 89' lang='lat' dir='ltr'><strong>quociens</strong></span> <span class='ocrx_word' id='word_1_145' title='bbox 860 3639 940 3704; x_wconf 90' lang='lat' dir='ltr'><strong>opus</strong></span> <span class='ocrx_word' id='word_1_146' title='bbox 968 3619 1075 3702; x_wconf 90' lang='lat' dir='ltr'><strong>suerit,</strong></span> <span class='ocrx_word' id='word_1_147' title='bbox 1108 3620 1176 3684; x_wconf 89' lang='lat' dir='ltr'><strong>iure</strong></span> <span class='ocrx_word' id='word_1_148' title='bbox 1204 3627 1311 3684; x_wconf 83' lang='lat' dir='ltr'><strong>tanren</strong></span> <span class='ocrx_word' id='word_1_149' title='bbox 1339 3616 1550 3703; x_wconf 84' lang='lat' dir='ltr'><strong>parrochialis</strong></span> 
     </span>
     <span class='ocr_line' id='line_1_24' title="bbox 217 3726 1219 3811; baseline -0.002 -19"><span class='ocrx_word' id='word_1_150' title='bbox 217 3727 352 3792; x_wconf 88' lang='lat' dir='ltr'><strong>ecclesie</strong></span> <span class='ocrx_word' id='word_1_151' title='bbox 376 3728 408 3790; x_wconf 95' lang='lat' dir='ltr'><strong>in</strong></span> <span class='ocrx_word' id='word_1_152' title='bbox 433 3727 579 3792; x_wconf 88' lang='lat' dir='ltr'><strong>omnihus</strong></span> <span class='ocrx_word' id='word_1_153' title='bbox 602 3745 728 3811; x_wconf 90' lang='lat' dir='ltr'><strong>semper</strong></span> <span class='ocrx_word' id='word_1_154' title='bbox 751 3727 852 3810; x_wconf 84' lang='lat' dir='ltr'><strong>salvo,</strong></span> <span class='ocrx_word' id='word_1_155' title='bbox 877 3726 1006 3792; x_wconf 84' lang='lat' dir='ltr'><strong>valeant</strong></span> <span class='ocrx_word' id='word_1_156' title='bbox 1030 3727 1219 3792; x_wconf 84' lang='lat' dir='ltr'><strong>ministrare.</strong></span> 
     </span>
    </p>

    <p class='ocr_par' dir='ltr' id='par_1_15' title="bbox 218 3832 1549 4023">
     <span class='ocr_line' id='line_1_25' title="bbox 323 3832 1549 3900; baseline -0.001 -3"><span class='ocrx_word' id='word_1_157' title='bbox 323 3833 483 3899; x_wconf 89' lang='lat' dir='ltr'><strong>Personas</strong></span> <span class='ocrx_word' id='word_1_158' title='bbox 508 3840 631 3898; x_wconf 90' lang='lat' dir='ltr'><strong>vestras</strong></span> <span class='ocrx_word' id='word_1_159' title='bbox 657 3833 769 3899; x_wconf 84' lang='lat' dir='ltr'><strong>levore</strong></span> <span class='ocrx_word' id='word_1_160' title='bbox 798 3882 804 3895; x_wconf 93' lang='lat'><em>.</em></span> <span class='ocrx_word' id='word_1_161' title='bbox 833 3885 840 3898; x_wconf 92' lang='lat'><strong>.</strong></span> <span class='ocrx_word' id='word_1_162' title='bbox 869 3884 877 3899; x_wconf 88' lang='lat'><strong>.</strong></span> <span class='ocrx_word' id='word_1_163' title='bbox 933 3835 1009 3898; x_wconf 88' lang='lat' dir='ltr'><strong>Dat.</strong></span> <span class='ocrx_word' id='word_1_164' title='bbox 1036 3835 1128 3900; x_wconf 86' lang='lat' dir='ltr'><strong>Avin.</strong></span> <span class='ocrx_word' id='word_1_165' title='bbox 1153 3833 1216 3899; x_wconf 90' lang='lat' dir='ltr'><strong>VII</strong></span> <span class='ocrx_word' id='word_1_166' title='bbox 1245 3832 1289 3897; x_wconf 91' lang='lat' dir='ltr'><strong>kl.</strong></span> <span class='ocrx_word' id='word_1_167' title='bbox 1315 3833 1496 3898; x_wconf 90' lang='lat' dir='ltr'><strong>novembris</strong></span> <span class='ocrx_word' id='word_1_168' title='bbox 1520 3853 1549 3896; x_wconf 88' lang='lat' dir='ltr'><strong>a.</strong></span> 
     </span>
     <span class='ocr_line' id='line_1_26' title="bbox 218 3940 470 4023; baseline -0.004 -19"><span class='ocrx_word' id='word_1_169' title='bbox 218 3940 470 4023; x_wconf 86' lang='lat' dir='ltr'><strong>quartodecimo.</strong></span> 
     </span>
    </p>
   </div>
   <div class='ocr_carea' id='block_1_13' title="bbox 367 4080 650 4151">
    <p class='ocr_par' dir='ltr' id='par_1_16' title="bbox 367 4080 650 4151">
     <span class='ocr_line' id='line_1_27' title="bbox 367 4080 650 4151; baseline 0 -15"><span class='ocrx_word' id='word_1_170' title='bbox 367 4083 439 4151; x_wconf 73' lang='lat' dir='ltr'><strong>Req.</strong></span> <span class='ocrx_word' id='word_1_171' title='bbox 459 4080 498 4136; x_wconf 79' lang='lat'><strong>98</strong></span> <span class='ocrx_word' id='word_1_172' title='bbox 516 4099 563 4136; x_wconf 83' lang='lat' dir='ltr'><strong>nr.</strong></span> <span class='ocrx_word' id='word_1_173' title='bbox 583 4084 650 4136; x_wconf 77' lang='grc'><strong>517.</strong></span> 
     </span>
    </p>
   </div>
   <div class='ocr_carea' id='block_1_14' title="bbox 323 4360 989 4447">
    <p class='ocr_par' dir='ltr' id='par_1_17' title="bbox 323 4360 989 4447">
     <span class='ocr_line' id='line_1_28' title="bbox 323 4360 989 4447; baseline -0.006 -19"><span class='ocrx_word' id='word_1_174' title='bbox 323 4363 444 4430; x_wconf 77' lang='grc'><strong>1793.</strong></span> <span class='ocrx_word' id='word_1_175' title='bbox 470 4367 556 4428; x_wconf 89' lang='grc'><strong>1329</strong></span> <span class='ocrx_word' id='word_1_176' title='bbox 582 4365 721 4429; x_wconf 85' lang='lat' dir='ltr'><strong>October·</strong></span> <span class='ocrx_word' id='word_1_177' title='bbox 743 4366 796 4427; x_wconf 88' lang='grc'><strong>26.</strong></span> <span class='ocrx_word' id='word_1_178' title='bbox 823 4360 989 4447; x_wconf 78' lang='lat' dir='ltr'><strong>Aoipnoo.</strong></span> 
     </span>
    </p>
   </div>
   <div class='ocr_carea' id='block_1_15' title="bbox 217 4495 1551 4913">
    <p class='ocr_par' dir='ltr' id='par_1_18' title="bbox 217 4495 1551 4913">
     <span class='ocr_line' id='line_1_29' title="bbox 326 4495 1551 4580; baseline -0.007 -10"><span class='ocrx_word' id='word_1_179' title='bbox 326 4507 485 4572; x_wconf 90' lang='lat' dir='ltr'><strong>Iohannes</strong></span> <span class='ocrx_word' id='word_1_180' title='bbox 509 4506 608 4569; x_wconf 83' lang='lat' dir='ltr'>XXII</span> <span class='ocrx_word' id='word_1_181' title='bbox 644 4503 845 4568; x_wconf 84' lang='lat' dir='ltr'><strong>Theoderico</strong></span> <span class='ocrx_word' id='word_1_182' title='bbox 879 4501 987 4567; x_wconf 89' lang='lat' dir='ltr'><strong>comiti</strong></span> <span class='ocrx_word' id='word_1_183' title='bbox 1021 4499 1168 4566; x_wconf 82' lang='lat' dir='ltr'><strong>Cleverrsi</strong></span> <span class='ocrx_word' id='word_1_184' title='bbox 1203 4505 1235 4564; x_wconf 92' lang='lat' dir='ltr'><strong>et</strong></span> <span class='ocrx_word' id='word_1_185' title='bbox 1268 4499 1448 4580; x_wconf 78' lang='lat' dir='ltr'><strong>hlargaretc</strong></span> <span class='ocrx_word' id='word_1_186' title='bbox 1483 4495 1551 4561; x_wconf 87' lang='lat' dir='ltr'><strong>eius</strong></span> 
     </span>
     <span class='ocr_line' id='line_1_30' title="bbox 218 4605 1548 4696; baseline -0.009 -18"><span class='ocrx_word' id='word_1_187' title='bbox 218 4615 310 4678; x_wconf 84' lang='lat' dir='ltr'><strong>uxori</strong></span> <span class='ocrx_word' id='word_1_188' title='bbox 334 4613 490 4696; x_wconf 79' lang='lat' dir='ltr'><strong>indulget,</strong></span> <span class='ocrx_word' id='word_1_189' title='bbox 515 4621 550 4677; x_wconf 88' lang='lat' dir='ltr'><strong>ut</strong></span> <span class='ocrx_word' id='word_1_190' title='bbox 574 4612 712 4695; x_wconf 84' lang='lat' dir='ltr'><strong>aliquem</strong></span> <span class='ocrx_word' id='word_1_191' title='bbox 736 4610 897 4693; x_wconf 89' lang='lat' dir='ltr'><strong>ydoneum</strong></span> <span class='ocrx_word' id='word_1_192' title='bbox 918 4615 950 4673; x_wconf 90' lang='lat' dir='ltr'><strong>et</strong></span> <span class='ocrx_word' id='word_1_193' title='bbox 972 4607 1143 4672; x_wconf 89' lang='lat' dir='ltr'><strong>discretum</strong></span> <span class='ocrx_word' id='word_1_194' title='bbox 1167 4607 1377 4692; x_wconf 86' lang='lat' dir='ltr'><strong>presbiterum</strong></span> <span class='ocrx_word' id='word_1_195' title='bbox 1403 4605 1435 4669; x_wconf 91' lang='lat' dir='ltr'><strong>iu</strong></span> <span class='ocrx_word' id='word_1_196' title='bbox 1459 4623 1548 4668; x_wconf 84' lang='lat' dir='ltr'><strong>suum</strong></span> 
     </span>
     <span class='ocr_line' id='line_1_31' title="bbox 217 4715 1550 4807; baseline -0.01 -20"><span class='ocrx_word' id='word_1_197' title='bbox 217 4723 340 4807; x_wconf 88' lang='lat' dir='ltr'><strong>possint</strong></span> <span class='ocrx_word' id='word_1_198' title='bbox 364 4722 483 4804; x_wconf 79' lang='lat' dir='ltr'><strong>eligere</strong></span> <span class='ocrx_word' id='word_1_199' title='bbox 507 4719 732 4802; x_wconf 85' lang='lat' dir='ltr'><strong>confessorem,</strong></span> <span class='ocrx_word' id='word_1_200' title='bbox 757 4717 821 4800; x_wconf 88' lang='lat' dir='ltr'><strong>qui,</strong></span> <span class='ocrx_word' id='word_1_201' title='bbox 847 4717 999 4800; x_wconf 89' lang='lat' dir='ltr'><strong>quociens</strong></span> <span class='ocrx_word' id='word_1_202' title='bbox 1023 4716 1100 4800; x_wconf 86' lang='lat' dir='ltr'><strong>ipsis</strong></span> <span class='ocrx_word' id='word_1_203' title='bbox 1123 4715 1218 4778; x_wconf 85' lang='lat' dir='ltr'><strong>fucrit</strong></span> <span class='ocrx_word' id='word_1_204' title='bbox 1244 4721 1443 4798; x_wconf 84' lang='lat' dir='ltr'><strong>oportunmrr,</strong></span> <span class='ocrx_word' id='word_1_205' title='bbox 1479 4731 1550 4776; x_wconf 90' lang='lat' dir='ltr'><strong>con-</strong></span> 
     </span>
     <span class='ocr_line' id='line_1_32' title="bbox 218 4820 1303 4913; baseline -0.006 -21"><span class='ocrx_word' id='word_1_206' title='bbox 218 4828 399 4894; x_wconf 80' lang='lat' dir='ltr'><strong>fessoribus</strong></span> <span class='ocrx_word' id='word_1_207' title='bbox 423 4829 563 4913; x_wconf 86' lang='lat' dir='ltr'><strong>ipsorum</strong></span> <span class='ocrx_word' id='word_1_208' title='bbox 587 4825 706 4892; x_wconf 85' lang='lat' dir='ltr'><strong>auditis</strong></span> <span class='ocrx_word' id='word_1_209' title='bbox 730 4823 850 4892; x_wconf 88' lang='lat' dir='ltr'><strong>eisdem</strong></span> <span class='ocrx_word' id='word_1_210' title='bbox 874 4822 1104 4889; x_wconf 88' lang='lat' dir='ltr'><strong>absolutionem</strong></span> <span class='ocrx_word' id='word_1_211' title='bbox 1129 4820 1303 4905; x_wconf 88' lang='lat' dir='ltr'><strong>impendat.</strong></span> 
     </span>
    </p>
   </div>
   <div class='ocr_carea' id='block_1_16' title="bbox 0 0 1835 5509">
    <p class='ocr_par' dir='ltr' id='par_1_19' title="bbox 0 0 1835 5509">
     <span class='ocr_line' id='line_1_33' title="bbox 0 0 1835 5509; baseline 0 0"><span class='ocrx_word' id='word_1_212' title='bbox 0 0 1835 5509; x_wconf 95' lang='lat' dir='ltr'><strong> </strong></span> 
     </span>
    </p>
   </div>
  </div>
 </body>
</html>
