3642 5509
749 504 820 564 1333
838 501 975 564 Februar
995 504 1023 564 3.
1500 497 1553 563 433

218 736 226 754 .
253 739 260 753 .
289 739 296 754 .
325 687 447 756 eisdem
477 691 738 776 procuratoribus
767 691 800 755 in
834 710 915 776 pace
946 689 1108 755 dimittere
1143 710 1205 754 non
1242 695 1428 773 postponas.
1476 690 1552 755 Dat.

215 797 264 860 lll
288 807 390 865 nonas
414 797 566 864 februarii
591 820 621 863 a.
640 798 731 864 XVI.

386 923 459 992 aeq.
478 924 533 975 116
550 922 574 991 f.
591 922 649 976 aar
667 937 716 977 nr.
734 924 825 986 rasa·
846 924 898 978 aa.
920 924 1002 976 roro.

324 1186 454 1253 2⁰95.
481 1188 567 1253 1332
591 1189 745 1253 Febraur
766 1191 799 1252 3.
825 1186 989 1273 Avipaoo.
1086 1245 1091 1250 .

323 1328 484 1396 Iohannes
508 1329 610 1395 XXII
643 1329 815 1395 Wilhelmo
844 1329 885 1395 de
915 1329 1105 1396 Stockheim
1136 1331 1260 1396 cantori
1291 1330 1370 1396 eccl.
1394 1329 1554 1413 Aquensis

215 1434 317 1501 Leod.
351 1434 434 1502 dioc.
469 1436 627 1520 indulget,
663 1442 698 1502 ut
731 1437 897 1520 obsequiis
921 1436 1085 1504 Wilhelmi
1119 1439 1246 1504 comitis
1281 1437 1469 1504 luliaconsis
1502 1437 1553 1503 vel

215 1541 394 1608 litterarum
418 1542 524 1610 studio
548 1545 581 1609 in
606 1544 687 1627 loco,
720 1545 775 1610 ubi
799 1543 879 1609 illnd
902 1544 1055 1630 generale
1079 1546 1199 1630 vigeat,
1233 1543 1410 1612 insistendo
1441 1551 1496 1610 aut
1520 1545 1553 1609 in

216 1648 317 1715 altero
345 1649 572 1717 beneficiorum
602 1651 894 1718 ecclesiasticorum
923 1671 1062 1735 suorum,
1096 1672 1157 1734 que
1186 1672 1249 1717 nun
1273 1651 1398 1718 obtinet
1421 1652 1473 1718 vel
1496 1653 1554 1717 im-

215 1762 377 1841 posterum
402 1757 572 1841 obtinebit,
604 1758 730 1825 tructus
757 1758 932 1824 eorundem
960 1757 1197 1842 beneficiorum,
1229 1759 1353 1825 etiamsi
1378 1757 1553 1843 dignitates

217 1863 268 1930 vel
291 1854 482 1950 personatus
511 1885 568 1932 seu
598 1865 705 1933 officia
728 1867 868 1932 existant
893 1874 926 1931 et
950 1887 1059 1932 curam
1083 1865 1225 1932 habeant
1249 1867 1434 1949 animarum,
1464 1864 1553 1931 dum-

215 1969 311 2036 modo
335 1970 512 2055 dignitates
545 1971 727 2039 buiusmodi
756 1973 790 2038 in
820 1971 1061 2039 cathedralibus
1089 1973 1226 2040 maiores
1254 1981 1327 2059 post
1351 1973 1553 2058 episcopales

215 2077 267 2143 vel
290 2079 323 2143 in
347 2078 527 2162 collegiatis
558 2079 704 2146 ecclesiis
736 2079 933 2165 principales
964 2100 1028 2145 non
1062 2079 1215 2162 existant,
1250 2099 1351 2163 usquc
1384 2078 1426 2144 ad
1461 2080 1551 2163 quin-

215 2185 385 2268 quennium
414 2184 550 2270 integre,
584 2185 757 2252 cotidianis
784 2184 1063 2253 distributionibus
1093 2186 1263 2253 dumtaxat
1293 2188 1449 2273 exceptis,
1482 2207 1552 2272 per·

216 2292 324 2376 cipere
348 2291 466 2359 valeat.
556 2370 558 2374 ,
931 2363 937 2376 ,

322 2400 445 2467 Meritis
468 2407 523 2467 tue
546 2403 742 2487 probitatis.
761 2451 794 2466 ..
819 2403 896 2469 Dat.
915 2404 1010 2469 Asin.
1029 2403 1079 2468 III
1095 2423 1196 2469 nonas
1219 2402 1374 2469 februarii
1397 2423 1428 2470 a.
1447 2409 1552 2470 sexto·

215 2506 354 2573 decimo.
917 2501 920 2508 ’

321 2616 358 2680 In
382 2634 409 2682 e.
428 2637 469 2681 m.
505 2615 629 2683 decano
660 2623 693 2683 et
716 2618 839 2684 cantori
864 2617 897 2685 S.
923 2617 1092 2684 Adalberti
1127 2624 1219 2684 extra
1253 2637 1359 2684 muros
1383 2619 1552 2701 Aquenses

150 2764 154 2772 -
213 2720 314 2788 Laod.
339 2721 424 2789 dioc.
448 2744 488 2789 ac
511 2724 683 2791 scolastico
707 2725 868 2791 Tullensis
892 2724 1110 2792 ecclesiarum.

363 2847 437 2918 ch.
457 2849 511 2902 101
530 2863 578 2902 nr.
597 2849 663 2902 601.

318 3133 449 3202 sobo.
476 3136 740 3201 reserabatur
765 3139 798 3204 3.
828 3134 993 3222 Avipnon

321 3277 480 3345 Iohannes
503 3278 603 3343 XXII
639 3278 774 3345 Iohanni
803 3285 879 3345 nato
910 3278 1043 3344 Iordani
1068 3278 1109 3346 de
1133 3280 1293 3348 Wiswilre
1323 3281 1447 3349 confert
1469 3282 1549 3349 eccl.

213 3385 251 3451 B.
278 3385 378 3451 llario
402 3386 562 3468 Aquensis
584 3384 687 3452 Leod.
722 3386 806 3452 dioc.
841 3388 1077 3471 canonicatum,
1111 3388 1306 3473 prebendam
1337 3411 1413 3456 vcro
1446 3390 1549 3457 eidem

213 3500 366 3559 reservat.
828 3553 832 3562 .

319 3599 496 3666 Probitatis
520 3606 552 3665 et
576 3602 727 3667 virtutum
751 3603 866 3667 menta
883 3652 890 3667 .
909 3651 943 3668 ..
978 3603 1055 3668 Dat.
1080 3604 1174 3670 Avin.
1200 3605 1249 3669 Ill
1273 3625 1373 3670 nonas
1397 3605 1549 3672 februarii

214 3729 243 3772 a.
268 3705 498 3773 sextodecimo.

320 3816 358 3880 In
381 3835 409 3880 e.
426 3837 468 3880 m.
492 3814 527 3881 S.
544 3815 684 3882 Servatii
708 3825 741 3883 et
765 3816 797 3882 S.
816 3817 918 3882 llario
940 3817 1157 3884 Traiectensis
1181 3818 1283 3885 Leod.
1308 3818 1392 3886 dioc.
1417 3819 1549 3887 decanis

212 3942 251 3987 ac
274 3923 445 3989 scolastico
469 3922 630 3989 Tullensis
653 3923 873 3990 ecclesiarum.

370 4047 443 4118 ch.
463 4048 518 4102 101
536 4064 584 4102 ar.
602 4047 670 4101 599.

319 4318 451 4386 2037.
486 4321 572 4385 1332
596 4321 750 4387 Fcboacar
772 4323 805 4386 3.
830 4319 996 4408 Aoipaoo.

319 4461 479 4528 Iohannes
502 4462 603 4528 XXII
638 4463 809 4531 Wilhelmo
842 4465 884 4531 de
918 4467 1026 4532 Daren
1059 4469 1215 4534 canonico
1248 4469 1326 4534 eccl.
1360 4467 1393 4537 S.
1419 4467 1547 4535 Andrce

212 4567 333 4650 (lolon,
369 4569 420 4634 cui
453 4589 539 4655 papa
562 4571 626 4635 iam
650 4580 748 4637 antea
772 4571 814 4637 de
837 4572 1031 4638 canonicatu
1056 4580 1089 4640 et
1111 4575 1277 4660 prebenda
1300 4574 1441 4641 eiusdem
1467 4575 1546 4642 eccl.

212 4674 354 4760 providit
377 4683 410 4741 et
433 4677 466 4740 in
482 4676 596 4742 eadem
620 4677 811 4762 dignitatem
828 4679 880 4745 vel
904 4689 1190 4765 personatumseu
1214 4681 1351 4748 officium
1377 4702 1447 4748 cum
1469 4703 1546 4749 cura

212 4781 262 4847 vol
286 4783 356 4848 sine
379 4803 457 4848 cura
479 4787 667 4866 reservavit,
692 4792 837 4853 reservat
861 4787 892 4851 in
918 4785 1032 4853 eadem
1056 4787 1247 4872 dignitatem
1266 4788 1316 4855 vel
1340 4798 1544 4874 personatum

211 4909 268 4955 seu
292 4891 430 4955 officium
454 4911 526 4956 cum
550 4912 628 4957 cura
651 4893 703 4958 vel
726 4895 795 4960 sine
819 4913 906 4977 cura,
931 4893 974 4960 ad
1001 4914 1095 4977 quarn
1113 4895 1162 4961 vel
1187 4917 1282 4979 quem
1305 4916 1362 4962 seu
1387 4897 1473 4980 quod
1488 4917 1546 4983 per

265 5011 573 5067 vaomsagenanrr
1350 5001 1386 5058 28
