3642 5509
261 428 313 485 138
811 433 880 488 1328
898 432 981 488 Mers
1001 432 1043 489 12.

262 611 317 693 qul
340 616 389 677 est
412 632 470 697 pro
495 617 648 697 tempore,
672 612 797 698 synodo
820 612 899 679 dieti
920 614 982 679 loei
999 614 1079 679 facit
1094 635 1152 700 per
1175 635 1343 700 personam
1368 614 1589 701 interpositum

260 717 428 803 presideri,
452 719 533 785 alias
557 718 615 785 tibi
639 720 794 786 canonice
817 721 979 802 collatam,
1009 729 1175 789 assecutus
1199 722 1312 804 inisti3
1351 729 1385 790 et
1408 722 1494 806 quod
1518 728 1591 808 post

259 826 360 910 ipsius
383 825 559 893 decanatus
582 827 814 893 assecutionem
839 833 871 894 te
902 829 1013 894 fecisti
1036 828 1079 893 ad
1103 850 1212 895 omnes
1236 850 1346 897 sacros
1369 830 1497 896 ordines
1521 850 1588 915 pro·

260 932 382 997 moveri
406 941 439 997 et
461 933 653 999 ministrasti
661 943 676 974 ἃ
700 936 796 1000 etiam
821 936 853 999 in
878 935 1015 1016 eisdem,
1041 943 1073 1001 et
1097 934 1182 1019 quod
1206 937 1292 1003 dicte
1316 935 1515 1003 thesaurarie
1532 956 1591 1001 nee

260 1038 437 1123 dignitates
468 1061 529 1107 nec
561 1050 761 1127 personatus,
794 1042 851 1108 sed
880 1044 1041 1129 simplicia
1068 1044 1174 1110 officia
1200 1046 1269 1110 sinc
1293 1064 1371 1110 cura
1393 1044 1535 1110 existunt
1559 1052 1591 1109 et

261 1166 296 1212 se
320 1147 401 1213 alias
424 1148 702 1233 compatiebantur
726 1169 796 1215 cum
821 1149 979 1216 decanatu
1004 1158 1036 1216 et
1060 1152 1261 1236 prepositura
1288 1150 1460 1236 predictis,
1493 1151 1591 1236 quod·

261 1273 323 1336 que
346 1255 474 1340 insuper
497 1255 586 1322 diota
609 1258 711 1341 prima
735 1265 846 1323 curata
869 1258 1007 1323 ecclesia
1030 1278 1087 1343 per
1110 1265 1142 1323 te
1166 1257 1308 1341 dimissa,
1339 1258 1514 1325 secundam
1538 1278 1591 1325 eu-

259 1368 363 1427 ratam
387 1362 556 1428 ecelesiam
579 1372 652 1448 post
675 1364 726 1429 vel
747 1364 834 1429 circa
857 1363 951 1430 tinem
973 1364 1130 1431 dictorum
1148 1363 1318 1431 tresdecim
1341 1385 1494 1431 annorum
1520 1386 1590 1431 curn

261 1468 452 1535 canonicatu
476 1478 510 1536 et
533 1471 697 1555 prebenda
729 1492 768 1537 se
800 1472 934 1555 ferculo,
968 1491 1077 1537 mensa
1108 1472 1281 1555 vulgariter
1313 1478 1509 1557 nuncupato,
1543 1492 1592 1537 ec·

261 1575 358 1643 clesie
381 1577 575 1644 Xanetensis
612 1578 698 1644 dicte
733 1578 871 1645 diocesis
905 1579 1095 1664 permutasti
1124 1599 1164 1644 ac
1192 1579 1223 1643 in
1254 1577 1349 1644 dietis
1372 1578 1430 1645 SS.
1455 1578 1591 1665 Aposto-

260 1683 360 1749 lorum
385 1690 417 1750 et
439 1685 473 1749 in
490 1685 693 1767 Deitkirgeu,
718 1686 881 1752 Bunnensi
905 1705 1043 1770 quoqne,
1068 1686 1226 1771 Reysensi
1242 1693 1275 1751 et
1292 1685 1499 1770 Hugardensi
1523 1706 1591 1771 pre

260 1790 348 1858 dicte
364 1791 562 1860 Coloniensis
582 1800 614 1859 et
630 1793 820 1860 Leodieusis
843 1793 927 1860 dioc.
952 1793 1099 1861 ecclesiis
1123 1795 1331 1860 canonicatus
1355 1800 1388 1859 et
1411 1793 1592 1879 prebendas

261 1905 293 1965 et
315 1898 454 1966 officium
478 1901 646 1967 cellarario
669 1900 812 1968 eiusdem
836 1900 1015 1968 Bunnensis
1043 1901 1178 1970 ecclesie
1208 1901 1283 1967 olim
1311 1901 1439 1967 solitum
1462 1901 1517 1965 uni
1541 1920 1592 1965 ea·

260 2008 445 2073 uonicorum
478 2008 578 2094 ipsius
610 2008 748 2075 ecclesie
772 2008 952 2076 Bunnensis
975 2010 1066 2074 anuis
1090 2008 1225 2093 singulis
1248 2008 1407 2091 assignari
1430 2027 1471 2073 ac
1494 2008 1590 2072 etiam

260 2126 319 2180 suo
354 2135 460 2180 annua
491 2116 645 2201 pensione
676 2136 770 2182 unam
804 2116 961 2183 decimam
993 2118 1028 2182 in
1052 2116 1246 2201 Dottindorp
1271 2121 1304 2183 ot
1326 2116 1407 2183 duas
1430 2120 1536 2182 curtes
1560 2116 1591 2179 in

261 2220 469 2308 Limersdorp
493 2224 574 2288 etin
590 2223 772 2290 Dattiovelt
795 2224 938 2290 eiusdem
956 2224 1154 2291 coloniensis
1178 2224 1318 2291 diocesis
1333 2224 1413 2289 sitas
1428 2223 1470 2289 ad
1488 2221 1592 2308 ipsum

261 2329 462 2395 Bunnensem
486 2330 656 2396 eeclesiam
680 2332 888 2416 pertinentes,
922 2352 984 2415 que
1008 2333 1215 2418 prestimouia
1239 2338 1472 2417 nuncupantur,
1506 2348 1590 2395 reee-

260 2438 340 2522 piate'
363 2443 395 2501 et
419 2457 459 2503 ea
482 2444 601 2503 extunc
623 2439 756 2504 tenuisti
779 2446 812 2504 et
834 2439 942 2505 adbuc
975 2446 1074 2521 tenes,
1108 2437 1230 2504 fructus
1262 2438 1444 2523 percipiens
1468 2456 1509 2501 ex
1532 2435 1590 2502 eis·

262 2542 347 2627 dem,
371 2564 502 2627 quorum
527 2546 675 2622 omniurn,
700 2566 762 2630 que
785 2567 869 2613 nuuc
892 2554 992 2629 tenes,
1017 2552 1052 2613 ut
1075 2545 1260 2631 predicitur,
1286 2545 1418 2628 tructus,
1449 2542 1593 2609 redditus

262 2657 296 2716 et
335 2659 507 2737 proventus
546 2653 735 2736 octuaginta
773 2653 974 2719 marcharum
1010 2653 1136 2737 argenti
1177 2651 1352 2719 seeundum
1394 2650 1592 2716 taxationem

263 2756 388 2823 decime
413 2759 554 2824 valorem
578 2780 727 2841 annuum,
751 2766 786 2825 ut
809 2760 984 2842 asseruisti,
1008 2780 1071 2824 non
1095 2756 1265 2824 excedunt.
1300 2755 1406 2835 Quare
1427 2776 1484 2841 pro
1501 2761 1593 2841 parte

263 2869 320 2929 tua
352 2864 414 2931 luit
445 2866 537 2932 nobis
569 2866 732 2932 humiliter
764 2868 990 2952 supplicatum,
1025 2874 1070 2949 ut,
1107 2886 1178 2932 curn
1208 2874 1241 2931 tu
1265 2865 1298 2931 in
1321 2863 1484 2946 obsequiis
1507 2860 1593 2928 sedis

263 2972 438 3056 apostolice
462 2972 517 3039 diu
541 2974 703 3039 ferventer
726 2982 759 3039 et
781 2973 918 3039 fideliter
941 2974 1138 3041 laboraveris
1155 2994 1216 3039 non
1233 2972 1355 3054 absque
1371 2971 1497 3055 magnis
1512 2968 1594 3055 peri·

263 3079 344 3146 culis
366 3088 400 3146 et
423 3083 583 3166 expensis,
616 3081 785 3168 providere
809 3082 868 3147 tibi
890 3102 987 3168 super
1009 3080 1222 3163 inhabilitate,
1256 3098 1353 3162 quarn
1380 3076 1498 3143 exinde
1521 3096 1593 3142 eon·

263 3187 402 3271 traxisti,
426 3209 465 3254 ac
487 3190 672 3256 remissione
695 3190 854 3255 fruetuum
879 3187 1059 3254 huiusmodi
1084 3208 1142 3273 per
1158 3194 1191 3252 te
1206 3206 1247 3253 ex
1270 3184 1426 3271 predictis
1448 3184 1593 3250 omuibus

262 3295 436 3379 benefieiis,
469 3305 504 3363 ut
531 3299 724 3383 premittitur
747 3304 971 3383 perceptorum
994 3293 1243 3362 misericorditer
1266 3294 1480 3377 dignaremur.
1526 3290 1593 3357 Nos

263 3403 361 3487 igitur
387 3453 447 3470 ...
469 3413 502 3470 te
518 3405 696 3491 apostoliea
718 3406 910 3471 auctoritate
938 3403 1144 3469 habilitamus
1167 3407 1337 3483 tecumque
1360 3398 1592 3484 dispensamus,

262 3518 322 3576 ut.
341 3560 374 3577 ..
392 3510 572 3595 predictum
595 3512 786 3579 decanatum
810 3510 986 3578 seeundum
1010 3510 1165 3596 premissa
1188 3508 1229 3575 de
1252 3509 1322 3574 iure
1336 3511 1506 3572 vacantem
1530 3523 1593 3568 una

264 3638 336 3684 eum
359 3620 601 3685 canonicatibus
625 3627 657 3684 et
680 3619 853 3704 prebendis
876 3638 999 3683 necnon
1026 3616 1234 3683 thesaurariis
1257 3622 1290 3681 et
1313 3614 1448 3680 annexis
1471 3631 1510 3677 ae
1533 3612 1593 3676 fer·

264 3724 345 3806 culo,
369 3724 476 3790 officio
500 3732 532 3790 et
556 3726 698 3792 curtibus
721 3745 760 3790 ae
783 3725 909 3791 decima
932 3723 1126 3810 supradietis
1149 3723 1295 3789 similiter
1319 3719 1360 3787 dc
1387 3722 1456 3785 iure
1480 3738 1593 3784 vaean·
1646 3798 1649 3805 .

263 3831 359 3913 tibus,
393 3831 564 3898 dummodo
593 3832 679 3897 dicte
707 3830 905 3898 thesaurarie
934 3852 994 3897 nee
1018 3830 1194 3914 dignitates
1218 3850 1277 3895 nee
1300 3833 1500 3914 personatus,
1535 3823 1593 3890 sed

262 3939 423 4023 simplicia
445 3938 554 4006 officia
581 3940 651 4006 sine
678 3959 756 4004 eura
779 3938 920 4004 existant
946 3957 1045 4021 seque
1070 3957 1141 4004 eum
1165 3935 1261 4001 dietis
1284 3934 1444 4000 decanatu
1468 3940 1501 3999 et
1524 3950 1594 4017 pre·

263 4046 407 4129 positura
441 4049 697 4132 compaciantur‚
737 4053 771 4111 ut
806 4045 981 4130 prefertur,
1018 4046 1145 4128 aliaque
1173 4042 1329 4109 beneficia
1363 4040 1593 4121 ecelesiastica,

263 4152 412 4219 etiamsi
437 4173 544 4219 curam
577 4154 719 4219 babeant
752 4154 927 4219 animarum
952 4159 984 4218 et
1008 4154 1104 4218 etiam
1134 4152 1161 4217 si
1195 4149 1371 4233 dignitates
1402 4148 1454 4213 vel
1487 4165 1593 4233 perso

263 4266 358 4324 natus
382 4260 532 4341 existant,
555 4260 582 4324 si
599 4258 660 4326 tibi
684 4260 838 4325 canonice
861 4259 1077 4338 conferantur,
1102 4258 1212 4323 valeas
1227 4257 1383 4337 obtinere,
1407 4254 1594 4336 fructusque

264 4364 429 4451 predictos
457 4386 515 4451 per
545 4375 588 4449 te,
622 4373 657 4431 ut
680 4365 864 4451 predicitur,
898 4386 939 4431 ex
963 4365 1126 4450 premissis
1158 4364 1303 4430 omnibus
1335 4360 1499 4428 benefieiis
1526 4380 1594 4445 per-

264 4480 376 4558 ceptos
400 4473 457 4538 tibi
481 4472 749 4540 remittimus...
798 4473 873 4537 Dat.
894 4471 989 4537 Avin.
1018 4470 1085 4535 1111
1108 4468 1181 4536 idus
1205 4469 1315 4535 marcii
1338 4489 1368 4535 a.
1392 4467 1593 4534 duodecimo.

413 4615 485 4684 aeq.
505 4615 544 4669 se
561 4614 586 4685 f.
604 4618 642 4669 se
660 4630 708 4668 nr.
728 4616 813 4669 ares.

263 4743 476 4753 ——-

364 4812 393 4881 a)
413 4812 574 4866 ministrari
594 4812 659 4867 cod.
