3642 5509
846 472 916 527 1328
934 470 998 527 Juli
1018 474 1059 528 13.
1548 476 1600 533 165

264 645 352 714 dicte
375 648 512 716 ecclesie
535 650 641 716 nullus
664 650 845 717 huiusmodi
870 651 1060 719 beneficium
1076 653 1195 719 babere
1211 655 1322 740 possit,
1346 655 1406 723 nisi
1424 656 1598 724 canonicus

263 756 482 842 prebendatns
516 758 628 823 maiori
663 757 829 843 prebenda
863 759 895 824 in
933 758 1046 825 eadem
1076 761 1205 845 existat,
1241 782 1304 828 non
1339 763 1487 829 obstante
1512 763 1598 849 quod

263 863 350 930 idem
373 865 533 932 Ecbertus
556 866 588 930 in
612 865 726 931 eadem
750 866 934 934 Susaoiensi
970 868 1192 935 canonicatum
1218 876 1250 936 et
1277 871 1431 936 minorem
1464 871 1597 957 preben-

264 971 339 1038 dam
361 973 487 1039 obtinet
510 993 550 1038 ac
572 972 605 1037 in
631 974 791 1040 Bunnensi
816 974 927 1041 Oolon.
953 974 1037 1043 dioc.
1072 976 1112 1043 de
1146 978 1336 1043 canonicatu
1365 979 1424 1044 sub
1448 985 1598 1064 expecta·

263 1081 350 1146 tione
373 1078 537 1167 prebende
559 1080 632 1166 ipsi,
656 1086 692 1145 ut
714 1083 877 1165 asseritur,
901 1082 1096 1150 auctoritate
1120 1084 1300 1170 apostolica
1324 1092 1373 1152 est
1397 1088 1568 1171 provisum.

369 1187 544 1255 Probitatis
568 1194 622 1253 tue
645 1190 780 1254 merita.
807 1238 814 1254 .
840 1239 847 1255 .
886 1189 960 1255 Dat.
976 1190 1069 1256 Avin.
1083 1190 1146 1256 Vll
1164 1188 1237 1257 idus
1259 1192 1316 1257 iuli
1340 1213 1371 1258 a.
1395 1190 1596 1259 duodecimo.

370 1297 407 1362 In
430 1316 459 1362 e.
484 1317 526 1361 m.
562 1296 727 1382 preposito
760 1296 945 1363 monasterii
970 1296 1003 1363 S.
1029 1297 1215 1383 Walburgis
1247 1304 1341 1365 extra
1372 1319 1479 1366 muros
1503 1299 1597 1367 Susa-

263 1406 387 1472 oienses
409 1424 468 1490 per
490 1406 688 1491 prepositum
711 1405 799 1471 soliti
828 1404 1000 1488 gubernari
1025 1405 1135 1472 Golon.
1160 1405 1244 1473 dioc.
1270 1414 1303 1472 et
1326 1405 1451 1474 decano
1475 1406 1508 1473 S.
1533 1407 1596 1473 An-

262 1511 340 1578 dree
363 1512 471 1579 dolon.
496 1532 535 1579 ac
558 1516 712 1599 magistro
735 1513 871 1582 Nicolao
895 1511 937 1579 do
958 1512 1084 1580 &actis
1108 1514 1263 1581 canonico
1287 1514 1493 1581 Patracensis
1516 1515 1595 1581 eccl.

262 1620 438 1687 litterarum
463 1622 710 1707 apostolicarum
735 1623 918 1689 correctori.

421 1746 494 1815 aaa.
513 1746 552 1802 ae
569 1746 593 1816 f.
612 1746 680 1803 auo
697 1761 745 1802 nr.
765 1748 848 1803 rear.

368 2033 492 2100 leus.
518 2036 606 2101 1328
628 2036 705 2102 Joli
728 2039 780 2101 13.
808 2033 973 2123 Aoipuou.

368 2178 527 2247 Iohannes
542 2180 642 2246 XXII
666 2180 806 2266 Riquino
829 2178 918 2246 dicto
942 2178 983 2246 de
997 2178 1217 2265 Tboynburch
1240 2185 1385 2246 reservat
1404 2179 1593 2246 beneficium

262 2285 518 2353 ecclesiasticum
540 2288 610 2354 sine
626 2307 704 2353 eura
727 2295 912 2354 consuetum
938 2286 1063 2354 clericis
1087 2286 1285 2353 secularibus
1308 2286 1478 2372 assignari,
1503 2286 1594 2355 cuius

260 2393 383 2461 tructus
406 2393 590 2479 quindecim
614 2395 813 2462 marcharum
837 2396 963 2480 argenti
987 2415 1012 2461 s.
1029 2401 1052 2461 t.
1070 2393 1102 2460 d.
1126 2394 1268 2461 valorem
1292 2413 1430 2461 annnam
1454 2414 1517 2460 non
1541 2414 1594 2459 ex·

261 2499 388 2585 cedant,
422 2501 464 2568 ad
498 2501 739 2588 dispositionem
770 2503 936 2571 abbatisse
959 2508 992 2568 et
1015 2507 1192 2569 conventus
1221 2501 1406 2568 monasterii
1431 2500 1464 2567 S.
1489 2500 1593 2567 Mario

260 2609 293 2673 in
322 2608 474 2696 capitolio
498 2608 609 2676 (tolon.
639 2609 762 2679 ordinis
791 2610 824 2677 S.
851 2609 1020 2677 Benedicti
1045 2610 1253 2676 communiter
1275 2608 1328 2675 vel
1351 2607 1479 2674 divisim
1503 2628 1593 2693 spec-

260 2722 343 2799 tans,
367 2738 429 2783 non
453 2717 602 2784 obstante
625 2717 710 2802 quod
734 2718 970 2804 parrochialem
994 2717 1165 2784 ecelesiam
1188 2717 1222 2782 in
1237 2714 1368 2782 Aurode
1384 2714 1494 2782 Colon.
1507 2714 1592 2782 dioc.

260 2823 383 2890 obtinet
416 2831 449 2890 et
482 2824 567 2910 quod
600 2825 633 2890 in
657 2826 796 2892 ecclesia
819 2826 854 2891 S.
879 2825 1025 2892 Severini
1050 2824 1161 2892 colon.
1186 2825 1246 2891 sub
1270 2826 1497 2909 expectatione
1520 2842 1592 2910 pre·

259 2929 365 2997 bende
388 2933 580 3010 anctoritate
603 2933 784 3018 apostolica
806 2932 838 2998 in
863 2933 1052 3003 canonicum
1077 2938 1126 2998 est
1150 2937 1310 3015 receptus.

363 3038 545 3105 Laudabile
577 3038 793 3106 testimonium
827 3038 945 3123 quod.
975 3088 983 3104 .
1013 3086 1020 3105 .
1076 3038 1151 3105 Dat.
1178 3038 1272 3105 Ario.
1301 3037 1351 3102 ΙΙΙ
1375 3034 1447 3103 idus
1469 3036 1539 3103 iulii
1563 3059 1593 3105 a.

259 3143 461 3213 duodecimo.

362 3254 401 3319 In
413 3274 441 3320 e.
452 3276 495 3321 m.
511 3254 546 3321 S.
554 3254 700 3322 Severini
718 3254 828 3322 dolon.
847 3261 879 3321 et
892 3253 1036 3321 S.Marie
1052 3252 1094 3319 ad
1110 3250 1232 3337 gradus
1243 3250 1352 3318 Gelon.
1366 3251 1538 3337 prepositis
1554 3270 1594 3318 ac

258 3360 413 3445 magistro
430 3360 571 3429 Oliverie
595 3361 638 3429 de
654 3362 788 3430 berneto
813 3362 968 3428 canonico
992 3359 1151 3427 Ednensis
1175 3357 1255 3427 eccl.
1280 3358 1448 3444 capellano
1472 3358 1593 3445 papali.

421 3487 492 3557 Ray.
512 3488 550 3541 85
569 3485 593 3557 f.
613 3488 670 3541 176
686 3502 734 3541 nr.
754 3488 819 3541 488.

363 3750 481 3818 roro.
503 3753 591 3818 reas
613 3752 691 3820 aare
713 3753 765 3819 15.
792 3750 959 3839 raptos.

363 3874 535 3961 [lohannes
558 3876 670 3961 XXII]
694 3877 846 3962 episcopo
870 3876 1110 3943 Traiectensis.'

366 3981 568 4068 Significavit
591 3983 748 4051 nobis...
766 3982 956 4070 Raynaldus
980 4002 1087 4049 comcs
1104 3982 1221 4064 Gelrie,
1247 3980 1333 4065 quod
1357 3980 1477 4047 dudum
1494 4000 1593 4065 quon·

258 4088 334 4156 dam
358 4090 435 4156 Otto
468 4111 574 4158 comes
598 4091 706 4158 Gelrie
738 4110 819 4157 avus
850 4091 953 4175 ipsius
986 4096 1062 4157 tunc
1089 4091 1211 4169 vivens,
1246 4088 1368 4155 babens
1392 4109 1434 4155 ex
1457 4108 1496 4155 oo
1520 4108 1594 4155 con-

257 4196 427 4263 scientiam
451 4196 694 4282 remordentem,
726 4196 811 4281 quod
835 4203 902 4263 tam
926 4204 1018 4283 pater
1042 4217 1117 4264 runs
1141 4216 1236 4281 quam
1260 4196 1330 4281 ipse
1353 4195 1515 4263 novabum
1540 4193 1594 4261 de-

258 4304 359 4371 cimas
392 4311 475 4371 terre
507 4325 564 4372 sue
594 4304 812 4371 Traieetensis
845 4304 985 4372 diocesis
1017 4304 1117 4371 multo
1150 4311 1294 4389 tempore
1327 4308 1489 4386 umquam
1523 4324 1595 4390 pro·

258 4412 363 4497 prium
385 4412 612 4497 patrimonium
640 4420 830 4499 perceperat
853 4419 886 4477 et
908 4409 994 4478 idem
1019 4411 1096 4497 Otto
1120 4410 1228 4478 adbuc
1251 4411 1461 4497 percipiebat,
1485 4411 1528 4477 fe.
1548 4430 1592 4477 re.

258 4519 445 4585 Innocentio
469 4538 555 4605 pape
577 4520 644 4586 IllI
667 4518 887 4605 predecessori
921 4526 1029 4586 nostro
1061 4518 1222 4585 humiliter
1246 4517 1451 4613 supplicavit,
1481 4524 1516 4584 ut
1533 4568 1541 4584 .
1559 4564 1592 4584 ..

259 4625 345 4709 quod
376 4626 449 4693 illas
481 4626 524 4693 de
555 4626 764 4713 permissione
795 4646 855 4693 sua
882 4627 923 4693 ab
952 4628 1104 4713 episcopo
1132 4624 1334 4693 Traiectensi
1367 4624 1594 4711 predecessore

257 4738 314 4799 tuo
428 4734 488 4800 sub
520 4734 674 4822 pensione
706 4754 813 4800 anrrua
846 4733 985 4800 retinere
1018 4734 1151 4817 valeret,
1185 4732 1362 4800 concedere
1395 4731 1593 4818 dignaretur,

257 4838 410 4927 idemque
432 4840 644 4930 predecessor
665 4891 673 4908 .
692 4890 699 4907 .
717 4894 723 4907 .
744 4841 905 4929 prefatum
929 4843 1116 4929 episcopum
1139 4862 1197 4928 per
1220 4841 1346 4908 litteras
1369 4860 1443 4908 suas
1467 4840 1594 4926 rogavit
