3642 5509
770 412 838 467 1327
857 412 1034 483 September
1053 416 1095 469 13.

353 590 472 656 1283.
505 592 590 655 1327
615 594 808 676 September
832 595 883 657 13.
908 591 1072 679 Ampaoa.

356 734 514 799 Iohannes
537 734 635 798 XXII
672 734 817 799 Gerardo
841 735 929 801 dicto
955 736 1063 801 Gcbur
1088 736 1170 802 laico
1195 738 1305 803 Colou.
1331 740 1413 804 dioc.
1439 748 1581 805 reservat

250 841 445 929 prebendam
478 842 529 906 vol
562 842 699 906 officium
733 850 920 908 cousuetam
945 844 995 908 vel
1024 850 1210 910 consuetum
1240 846 1332 911 laicis
1356 846 1513 930 assignari
1538 845 1580 911 ad

250 950 492 1035 dispositionem
521 948 712 1014 thesaurarii
740 959 773 1014 ct
802 949 961 1016 cellerarii
985 950 1122 1016 ecclesie
1146 950 1343 1019 (boloniensis
1367 954 1581 1037 pertinentem

251 1058 301 1122 vel
324 1057 488 1141 pertinens
512 1056 720 1121 communiter
744 1057 795 1122 vel
819 1056 957 1123 divisim.

354 1161 535 1228 Laudabile
558 1162 776 1229 testimonium
800 1162 887 1247 quod
910 1212 970 1229 ...
1018 1164 1091 1229 Dat.
1118 1164 1213 1231 Avin.
1241 1163 1313 1231 Idus
1335 1166 1526 1251 septembris
1549 1187 1579 1231 a.

250 1268 450 1337 duodecimo.

353 1377 391 1441 ln
414 1397 441 1442 e.
468 1399 510 1443 m.
535 1378 569 1443 S.
593 1377 740 1445 Severini
764 1384 797 1443 et
820 1378 855 1445 S.
877 1378 980 1445 blarie
1002 1377 1044 1444 ad
1068 1377 1189 1463 gradus
1212 1378 1329 1445 Colon·
1346 1378 1518 1466 prepositis
1540 1398 1580 1445 ac

251 1484 418 1550 Ambrosio
442 1483 484 1549 de
506 1484 703 1570 Lamayrola
727 1486 882 1553 canonico
906 1485 1154 1553 Mediolanensis
1177 1486 1395 1553 ecclesiarum.

398 1610 470 1679 seq.
490 1612 526 1663 85
545 1609 568 1678 f.
588 1609 645 1665 280
665 1625 712 1664 rur.
734 1610 796 1664 786.

357 1880 477 1947 1284.
504 1883 589 1945 1327
614 1880 808 1967 September
834 1885 884 1947 13.
909 1880 1074 1967 Avtpaoa.

356 2022 515 2089 lohannes
534 2023 634 2088 XXII
656 2022 822 2090 Ludovico
846 2023 887 2090 de
911 2024 1116 2091 Brochusenl
1140 2024 1263 2091 confert
1287 2025 1366 2091 eccl.
1392 2024 1502 2091 Gelon.
1528 2043 1580 2089 ea·

249 2130 443 2210 donicatum,
468 2129 663 2213 prebendam
681 2151 757 2196 vero
780 2130 885 2197 eidem
909 2138 1063 2214 reservat,
1089 2152 1151 2197 non
1175 2132 1323 2198 obstante
1347 2130 1433 2215 quod
1456 2132 1489 2195 in
1505 2131 1581 2197 llin-

249 2236 340 2302 densi
364 2242 397 2301 et
415 2235 673 2303 Paderbumensi
697 2237 842 2303 ecclesiIs
866 2238 1074 2304 canonicatus
1097 2245 1130 2304 et
1152 2237 1333 2323 prebendas
1358 2237 1491 2304 obtinet.

353 2344 544 2429 Multiplicia
572 2356 626 2410 tue
650 2346 765 2411 merita
794 2394 801 2410 .
827 2393 835 2410 .
861 2394 869 2410 .
916 2344 995 2410 Dat.
1020 2344 1116 2412 Avin.
1139 2344 1212 2412 idus
1235 2345 1426 2431 septembris
1449 2365 1479 2410 a.
1504 2342 1581 2409 dno·

249 2451 386 2517 decimo.

355 2560 393 2625 In
417 2579 445 2625 e.
463 2579 504 2624 m.
530 2559 692 2645 preposito
715 2558 750 2625 S.
767 2558 913 2625 Severini
931 2558 1040 2626 Colon.
1066 2567 1100 2627 et
1122 2560 1264 2628 eiusdem
1288 2581 1328 2626 ac
1351 2559 1507 2644 magistro
1531 2559 1580 2623 Ia-

250 2666 331 2732 cobo
355 2666 397 2732 de
419 2667 543 2732 Mutina
567 2665 735 2751 capellano
759 2665 870 2751 papali
894 2666 1056 2734 Tullensis
1078 2668 1249 2735 scolastico
1272 2666 1491 2735 ecclesiarum.

409 2783 482 2851 Rep.
501 2784 538 2835 85
555 2780 580 2852 f.
601 2780 648 2837 20‘
665 2796 713 2836 nr.
732 2783 777 2835 41.

357 3044 480 3112 1285.
507 3047 592 3111 1327
616 3046 809 3133 September
833 3049 884 3111 13.
910 3044 1075 3131 Aor’prrorr.

355 3189 532 3255 (laubertus
565 3190 758 3255 camerarius
791 3209 875 3273 pape
898 3194 1045 3264 testatur,
1077 3187 1163 3271 quod
1187 3188 1341 3271 magister
1364 3187 1503 3254 Iacobus
1526 3187 1580 3253 de-

248 3316 347 3362 canus
376 3298 410 3363 S.
435 3296 555 3363 Florini
585 3296 809 3378 Confluentini‚
845 3296 899 3378 qni
932 3292 1166 3380 parrochialem
1200 3294 1370 3359 ecclesiam
1403 3296 1436 3359 ln
1468 3293 1581 3363 Nider·

249 3404 389 3489 laynstin
414 3405 544 3471 Trever.
570 3404 654 3470 dioc.
689 3402 731 3469 ad
767 3424 877 3469 sacros
909 3402 1038 3468 ordines
1070 3422 1133 3467 non
1166 3407 1330 3486 promotus
1363 3421 1421 3487 per
1449 3402 1580 3487 longum

249 3519 374 3596 tempus
397 3514 499 3577 tenuit
521 3512 645 3577 tructus
669 3512 850 3596 percipiens
874 3530 915 3575 en
936 3510 1059 3593 eadem,
1083 3515 1254 3595 postquam
1277 3530 1364 3594 papa
1387 3512 1415 3575 ei
1440 3512 1580 3593 gratiose

248 3618 370 3684 remisit
393 3619 608 3685 restituendos
631 3620 766 3700 tructus,
795 3616 967 3684 dummodo
991 3618 1114 3683 fructus
1138 3618 1231 3682 unius
1254 3617 1330 3680 anni
1355 3636 1481 3684 camere
1504 3638 1580 3703 apo·

247 3725 362 3793 stolice
385 3724 524 3791 solveret
555 3726 588 3790 in
620 3723 796 3790 subsidium
830 3743 1042 3809 expensarum
1071 3732 1183 3790 contra
1205 3723 1366 3791 hereticos
1389 3730 1421 3789 et
1444 3723 1580 3790 rebelles

248 3834 387 3919 partium
406 3834 499 3899 ltalie
521 3832 754 3916 faciendarum,
778 3834 903 3898 ratione
919 3831 1077 3897 dictorum
1101 3833 1263 3897 fructuum
1286 3832 1378 3897 unius
1402 3832 1478 3896 anni
1498 3830 1579 3897 solvi

247 3938 328 4006 fecit
360 3960 485 4007 camere
518 3938 664 4024 predicte
694 3939 827 4023 triginta
850 3939 987 4004 florenos
1011 3941 1080 4003 auri
1104 3928 1168 4023 per¹
1185 3959 1296 4005 manus
1319 3936 1465 4022 magistri
1488 3937 1580 4003 Lern·

250 4047 333 4112 berti
357 4046 398 4113 de
421 4047 593 4113 Monovilla
617 4047 762 4113 canonici
787 4044 923 4111 ecclesie
948 4046 984 4113 B.
1001 4046 1102 4111 Maris
1125 4045 1318 4129 Magdalene
1337 4044 1552 4111 virdunensis.

418 4170 512 4243 osup
535 4174 562 4226 er
580 4170 674 4227 sorar.
694 4172 714 4224 9
733 4169 811 4239 (ars)
829 4168 854 4239 f.
874 4169 948 4236 102;
968 4166 1110 4225 amiram·
1128 4167 1247 4223 rmore.
1269 4171 1296 4224 er
1316 4168 1399 4225 neve.
1416 4171 1453 4223 se
1470 4168 1494 4237 f.
1514 4169 1557 4223 19.

356 4370 479 4436 1288.
510 4371 595 4433 1327
620 4369 813 4454 September
838 4369 890 4432 14.
915 4365 1080 4454 Aoiprroa.

354 4512 514 4578 lohannes
535 4510 635 4576 XXII
668 4510 803 4577 Iohanni
829 4509 870 4576 de
894 4509 1042 4577 Berbuch
1067 4508 1108 4575 dc
1132 4510 1343 4577 Portamartis
1367 4507 1484 4573 clerico
1507 4528 1579 4573 oon·

350 4708 376 4775 1)
402 4706 522 4762 Ibidem
539 4706 564 4776 f.
583 4706 628 4761 21‘
647 4722 694 4760 rrr.
714 4708 754 4759 43
772 4703 884 4760 mentio
900 4706 936 4776 fit
954 4702 1067 4773 Sophie
1087 4702 1190 4760 relicte
1208 4702 1388 4761 Hildeboldr'
1407 4700 1528 4758 corruitis
1546 4700 1581 4757 iu

256 4797 434 4857 Broebaaen
453 4794 627 4853 Bremenm'a
646 4794 721 4851 dioc.
743 4810 906 4864 eorumque
922 4792 982 4864 fitia·
1003 4791 1122 4849 Ottom's
1140 4791 1261 4849 cernitis
1278 4790 1312 4847 in
1331 4792 1515 4847 Broebaaerr.
