3642 5509
255 441 307 498 378
789 439 860 498 1330
879 440 1056 513 September
1075 441 1118 498 30.

254 621 366 688 Βο1111
382 623 493 688 militis
516 623 638 689 confert
663 623 740 689 eccl.
758 622 790 689 S.
806 623 909 691 Cassii
932 623 1112 690 Bunnensis
1136 622 1369 708 canonicatum,
1395 621 1589 709 prebendam

254 749 331 796 vero
355 727 459 795 eidem
483 738 637 796 reservat.

361 837 522 906 Nobilitas
545 840 683 923 generis,
707 838 773 904 vite
791 887 797 902 .
817 886 850 903 ..
897 839 973 904 Dat.
999 837 1093 902 lirin.
1117 839 1149 902 ll
1174 838 1219 903 kl.
1245 839 1386 904 octobris
1410 860 1440 904 a.
1467 839 1590 921 quinto·

254 943 389 1011 decimo.

360 1052 397 1116 In
431 1071 459 1116 e.
488 1073 530 1116 m.
566 1052 712 1119 Severini
748 1059 780 1118 et
814 1051 872 1118 SS.
908 1053 1135 1139 Apostolorum
1173 1052 1306 1120 decanis
1341 1075 1380 1121 ac
1416 1053 1586 1120 scolastico

255 1158 416 1225 Tullensis
439 1159 658 1226 ecclesiarum.

403 1265 476 1336 1119.
496 1265 534 1321 99
550 1266 575 1335 f.
595 1266 661 1321 309‘
679 1282 728 1321 ur.
748 1266 830 1322 1752.

361 1526 481 1592 1974.
512 1529 600 1593 1330
622 1527 815 1613 September
837 1531 891 1594 30.
917 1525 1083 1615 Avipuou.

361 1669 521 1736 Iohannes
544 1671 645 1735 XXII
667 1669 810 1757 llohsnni
843 1669 931 1737 dicto
961 1670 1117 1737 Paliohsn
1146 1669 1187 1736 de
1217 1671 1320 1738 Turre
1352 1670 1478 1738 confert
1507 1669 1585 1736 eccl.

254 1775 288 1842 S.
318 1776 464 1843 Severini
498 1778 610 1844 (lolon.
641 1778 874 1861 canonicatum,
905 1776 1102 1863 prebendam
1129 1799 1208 1845 vero
1235 1784 1268 1844 et
1295 1777 1451 1845 ferculum
1481 1777 1586 1844 eidem

254 1893 407 1950 reservat.

362 1991 433 2057 Vite
456 2011 496 2057 ac
512 2012 633 2057 morum
659 1991 809 2059 honestas
826 2041 833 2057 .
852 2041 886 2058 ..
935 1993 1009 2059 Det.
1028 1992 1121 2058 Avin.
1139 1993 1172 2058 11
1189 1993 1233 2058 kl.
1250 1993 1392 2059 octobris
1413 2013 1442 2057 1.
1463 1991 1586 2076 quinto-

254 2095 391 2164 decimo.

335 2247 338 2251 ‹
363 2207 401 2270 In
425 2226 453 2270 1.
477 2227 519 2270 m.
543 2206 577 2271 S.
595 2206 726 2290 Georgii
743 2207 854 2274 Solon.
878 2214 911 2272 et
935 2208 968 2273 S.
985 2207 1089 2274 Marie
1112 2206 1154 2272 ad
1178 2205 1299 2292 gradus
1317 2206 1430 2273 dolon.
1457 2204 1590 2272 decenis

254 2332 293 2378 ac
316 2312 489 2378 scolastico
513 2313 674 2380 Tullensis
697 2315 915 2380 ecclesiarum.

413 2437 486 2506 Rep.
506 2437 585 2506 99f.
605 2440 671 2493 305‘
689 2453 738 2492 ur.
757 2439 838 2493 1736.

361 2709 485 2776 1975.
515 2711 602 2774 1330
625 2710 817 2796 September
836 2713 891 2778 30.
926 2709 1090 2796 11119111.

361 2852 520 2918 Iohannes
547 2853 645 2917 XXII
674 2853 917 2939 archiepiscopo
948 2853 1129 2920 Coloniensi
1157 2851 1299 2936 mandat,
1334 2854 1484 2936 quatinus
1516 2873 1586 2918 curn

254 2959 424 3024 Willrelmo
458 2959 500 3024 de
524 2960 714 3044 Nideoghen
747 2961 863 3028 scolari
887 2961 997 3027 Goion.
1028 2959 1126 3041 dioc,
1160 2961 1186 3026 si
1210 2961 1291 3026 alias
1326 2961 1368 3026 sit
1400 2960 1587 3040 idononeus‚

254 3086 349 3151 super
376 3065 504 3133 defectu
528 3067 694 3149 natalium,
725 3087 818 3150 quem
843 3070 964 3153 patitur
993 3066 1034 3133 de
1063 3068 1236 3152 coniugato
1260 3068 1389 3151 genitus
1417 3074 1449 3132 et
1472 3068 1587 3144 soluta,

256 3172 431 3260 dispenset,
463 3182 500 3240 ut
522 3174 669 3260 predicto
699 3175 828 3241 deiectu
856 3176 1092 3242 nonobstante
1122 3173 1225 3260 possit
1257 3173 1300 3240 ad
1324 3195 1433 3241 omnes
1461 3172 1588 3240 ordines

253 3281 433 3366 promoveri
447 3289 480 3348 et
493 3283 746 3350 ecclesiasticum
762 3282 964 3366 beneficium,
982 3283 1079 3349 etiam
1095 3283 1122 3349 si
1139 3302 1247 3348 curam
1264 3282 1385 3348 habeat
1400 3282 1587 3364 animarum,

253 3389 410 3456 obtinere.

359 3497 526 3581 Experto
550 3495 736 3562 dilecti...
783 3497 859 3562 Dat.
884 3497 979 3564 Avin.
1003 3497 1048 3564 kl.
1074 3498 1216 3564 octobris
1238 3519 1268 3564 1.
1294 3495 1543 3581 quintodecimo.

413 3621 485 3690 Rep.
505 3620 543 3674 99
559 3619 585 3689 f.
603 3621 660 3674 301
678 3636 725 3674 ur.
746 3619 831 3675 1723.

362 3828 481 3894 1970.
511 3830 599 3894 1330
621 3828 815 3914 September
837 3831 891 3895 30.
916 3827 1082 3917 Aor'puou.

359 3971 518 4037 lohannes
553 3971 652 4037 XXII
687 3971 877 4037 [theobaldo
913 3979 988 4038 noto
1025 3971 1207 4037 Theobaldi
1243 3972 1323 4038 dicti
1358 3971 1511 4038 Rodelrin
1547 3969 1588 4036 de

252 4078 381 4145 Seveke
416 4077 540 4144 confert
575 4078 654 4143 eccl.
690 4077 723 4143 S.
759 4079 860 4144 llario
895 4078 1059 4161 Aquensis
1094 4077 1195 4144 Leod.
1232 4078 1316 4144 dioc.
1353 4078 1587 4160 canonicatum,

252 4184 448 4270 prebendam
472 4206 548 4250 vero
573 4184 676 4251 eidem
701 4191 854 4251 reservat.
1536 4193 1543 4208 '

358 4293 534 4358 Probitatis
559 4298 592 4357 et
614 4291 749 4357 aliarum
774 4293 952 4357 virtutum.
972 4340 978 4354 .
998 4343 1004 4358 .
1054 4293 1128 4357 Dat.
1154 4293 1248 4361 Avin.
1267 4293 1298 4356 II
1324 4293 1367 4357 kl.
1393 4291 1535 4359 octobris
1559 4313 1588 4357 1.

253 4397 504 4482 quintodecimo

359 4507 396 4570 In
425 4525 453 4570 e.
483 4528 524 4571 nr.
558 4506 668 4572 abbati
702 4506 886 4572 monasterii
913 4505 1073 4572 Rodensis
1106 4508 1171 4586 (vet
1194 4505 1363 4585 Rodensis)
1399 4513 1432 4572 et
1465 4507 1588 4572 cantori

251 4612 284 4678 S.
315 4612 480 4677 Adalberli
512 4613 671 4692 Aquensis
703 4612 805 4678 Leod.
839 4611 923 4677 dioc.
957 4633 998 4678 ac
1030 4613 1149 4678 Iacobo
1183 4611 1224 4678 de
1258 4613 1381 4679 Mutina
1414 4614 1586 4680 scolastico

252 4720 414 4786 Tullensis
438 4720 657 4785 ecclesiarum.

403 4827 476 4896 Rep.
497 4827 533 4882 97
552 4842 600 4880 ur.
622 4827 684 4881 770.
