3642 5509
283 415 336 471 534
786 414 856 470 1337
874 413 1047 470 November
1067 414 1092 468 6.

282 601 364 680 tura,
388 616 445 682 per
468 617 533 674 uos,
557 597 611 680 qui
635 594 770 662 eundem
794 595 1072 680 archiepiscopum
1096 593 1233 675 deuiis,
1259 613 1321 676 que
1344 593 1438 661 uobis
1460 599 1618 678 suggesta

284 704 370 769 circa
386 703 490 770 dictas
514 705 597 788 ligas
613 702 750 786 fuerant,
775 703 944 768 habuimus
967 703 1079 768 merito
1100 709 1298 784 excusatum,
1323 702 1478 768 licentiati
1502 703 1617 768 extite-

282 817 355 876 rant
378 831 417 878 ac
441 813 537 877 etiarn
563 811 716 896 expediti,
741 831 800 876 uec
824 810 943 876 decens
966 830 1026 876 nec
1049 808 1224 895 expediens
1243 808 1382 874 vidimus
1404 829 1460 875 eos
1482 811 1617 876 ulterius

283 918 478 1002 retinendos,
503 927 536 983 et
560 919 696 984 maxime
721 921 796 1001 quia
820 920 866 983 eis
890 918 1097 1003 imposuimus
1121 938 1178 1002 pro
1203 923 1294 1001 parte
1318 924 1427 982 nostra
1451 967 1459 981 .
1485 967 1492 981 .
1521 917 1617 982 Iulia·

283 1027 371 1092 censi
397 1028 506 1091 comiti
529 1025 762 1111 exponendum,
799 1024 885 1108 quod
920 1045 980 1090 nec
1014 1026 1075 1090 sibi
1110 1045 1171 1090 nec
1195 1023 1362 1089 Ludovico
1396 1025 1523 1109 prelato
1555 1044 1617 1090 nec

282 1133 481 1219 principibus
516 1155 554 1198 au
578 1134 622 1198 rei
646 1132 775 1218 publice
811 1133 949 1218 partium
985 1133 1110 1197 illarum
1146 1129 1341 1217 expediebat
1377 1130 1616 1213 quomodolibet

282 1241 431 1326 prosequi
456 1261 505 1322 ea,
541 1261 601 1323 que
636 1260 732 1326 super
755 1241 910 1325 predictis
945 1247 1086 1306 tractata
1121 1239 1189 1305 fore
1222 1239 1381 1320 dicuntur,
1417 1237 1475 1304 sed
1510 1241 1616 1325 potius

282 1349 409 1414 omniuo
433 1346 587 1414 desistere
620 1348 660 1412 ab
685 1346 817 1428 eisdem,
849 1349 966 1414 multas
998 1349 1139 1414 rationes
1172 1346 1320 1412 efficaces
1355 1347 1403 1412 eis
1435 1347 1617 1431 superbiis

282 1453 487 1539 assignando.
524 1453 610 1532 Quas
635 1455 774 1519 rationes
798 1461 830 1519 et
854 1455 919 1520 ulia
942 1475 999 1540 per
1023 1455 1115 1520 nobis
1139 1455 1200 1519 sibi
1217 1453 1365 1539 exposita
1388 1453 1421 1518 in
1445 1453 1508 1519 hac
1523 1463 1616 1538 parte

282 1561 379 1628 iidem
402 1561 511 1627 nuncii
535 1567 742 1645 susceperunt
767 1560 855 1626 dicto
889 1562 998 1626 comiti
1035 1561 1173 1626 fideliter
1207 1570 1239 1626 et
1263 1561 1410 1626 celeriter
1444 1561 1617 1626 referenda

282 1669 449 1737 credentes
483 1667 707 1751 verisimiliter,
744 1674 780 1732 ut
813 1667 973 1744 dixerunt,
1011 1669 1096 1752 qnod
1120 1689 1227 1735 comes
1261 1669 1340 1753 ipse,
1377 1669 1429 1751 qui
1465 1688 1617 1752 magnam

282 1782 474 1863 potestatem
491 1776 578 1841 circa
602 1774 662 1840 hec
686 1775 805 1841 habere
829 1775 957 1859 dicitur,
982 1778 1099 1842 uostris
1121 1776 1261 1841 consiliis
1284 1782 1317 1840 et
1341 1774 1617 1842 exhortationibus

282 1883 464 1952 huiusmodi
488 1884 672 1966 acquiescet
697 1933 703 1947 .
729 1933 737 1948 .
764 1932 771 1948 .

435 2009 508 2079 Ray.
529 2007 587 2062 132
604 2007 628 2078 Γ.
648 2007 770 2062 89‘—91
788 2023 835 2062 nr.
854 2011 909 2063 311
914 2025 927 2076 ‚·
954 2009 1007 2064 Ra.
1028 2008 1110 2062 1913.

389 2357 520 2424 2808.
546 2360 632 2423 1337
658 2359 844 2423 November
868 2361 899 2423 6.
936 2357 1101 2445 Aoipaoa.

389 2501 595 2567 Benedictus
612 2502 688 2565 XII
708 2502 815 2566 tribus
836 2503 1069 2568 causatoribus
1084 2503 1235 2577 maudut,
1253 2505 1414 2588 quatinus
1432 2503 1619 2568 Wiara'cum

283 2609 435 2674 abbatem
457 2609 654 2673 monasterii
678 2609 888 2674 Stabuleasie
911 2610 1095 2674 multorum
1119 2612 1300 2675 criminum
1323 2632 1418 2675 reum
1442 2612 1554 2687 adeat,
1578 2617 1618 2672 ut

282 2715 377 2801 iufra
401 2717 488 2781 duaa
511 2737 639 2782 meuses
656 2716 887 2801 personaliter
909 2717 946 2781 iu
963 2719 1059 2782 curia
1082 2725 1250 2803 appareat
1271 2721 1430 2804 facturus
1454 2725 1485 2783 et
1505 2739 1618 2802 recep-

283 2826 389 2906 turus,
414 2824 503 2909 quod
525 2825 660 2889 iusticia
683 2824 846 2889 suadebit.

390 2965 596 3050 [Benedictus
613 2966 689 3053 XII]
715 2966 959 3053 archiepiscopo
976 2967 1197 3034 Ebreduuensi
1221 2975 1254 3033 et
1273 2970 1426 3054 episcopo
1442 2967 1617 3034 Lcodiensi

283 3093 322 3139 ac
346 3073 457 3139 abbati
481 3075 664 3139 monasterii
689 3073 892 3140 Bellireditus
915 3074 1104 3142 Leodiensis
1128 3075 1277 3142 diocesis.

389 3181 524 3248 Moleste
553 3181 684 3247 ferimus
712 3183 926 3265 quorumlibet
1045 3183 1130 3249 Saue
1160 3181 1272 3248 dilecti
1299 3182 1356 3247 filii
1380 3181 1522 3249 Thomas
1545 3203 1616 3268 pre·

283 3295 393 3354 centor
428 3293 461 3354 et
497 3287 688 3354 Wilhelmus
723 3288 764 3353 de
799 3287 868 3354 One
904 3290 1054 3355 monachi
1090 3291 1274 3355 monasterii
1309 3289 1511 3356 Stabulensis
1544 3288 1616 3356 ord.

283 3394 316 3461 S.
334 3394 456 3460 Beued.
473 3394 573 3461 Leod.
591 3394 674 3460 dioc.
700 3414 808 3460 eorum
833 3397 961 3481 proprio
979 3403 1011 3461 et
1031 3395 1253 3481 procuratorio
1275 3397 1402 3462 nomine
1426 3397 1617 3463 dilectorum

283 3501 418 3568 liliorum
443 3552 450 3565 .
477 3551 483 3566 .
509 3499 624 3568 decani
649 3509 681 3568 et
705 3508 880 3567 conventus
913 3501 992 3568 dicti
1025 3503 1211 3570 monasterii
1240 3502 1365 3588 pridem
1394 3505 1426 3568 iu
1450 3511 1559 3569 nostra
1582 3511 1617 3569 et

282 3615 460 3674 nostmrum
490 3608 625 3674 fratrum
653 3610 816 3695 presentia
839 3611 871 3674 iu
897 3611 1087 3676 consistorio
1112 3611 1278 3676 constituti
1307 3611 1502 3678 denunciare
1526 3632 1617 3678 cura·

283 3723 366 3797 runt,
401 3715 485 3798 quod
509 3715 671 3783 Winrieus
704 3715 846 3782 eiusdem
879 3718 1064 3783 monasterii
1097 3719 1199 3784 abbas
1231 3738 1359 3784 sensum
1389 3717 1484 3785 datus
1512 3719 1545 3784 in
1568 3740 1616 3785 re·

283 3824 418 3908 probum
441 3844 504 3889 uon
528 3829 680 3906 tanquam
705 3825 821 3909 hospes
844 3823 1035 3906 redhostis,
1060 3845 1122 3890 non
1138 3831 1175 3889 ut
1190 3823 1337 3893 domiuus
1353 3824 1410 3891 sed
1427 3832 1616 3912 tyrampnus

284 3953 356 3999 cum
380 3931 503 4016 ingenti
530 3931 735 3997 multitudine
768 3931 928 3997 hominurn
961 3940 1155 3998 armatorum
1185 3933 1326 4016 equitum
1351 3939 1384 4000 et
1407 3933 1550 4018 peditum
1574 3934 1617 4001 de

284 4037 420 4104 diversis
443 4038 587 4122 partibus
611 4037 814 4103 collectorum
839 4039 943 4124 ipsum
968 4047 1044 4104 tunc
1067 4041 1273 4123 sequenuium
1298 4060 1397 4124 eques
1413 4049 1554 4108 armatus
1571 4041 1615 4106 ad

283 4145 412 4213 modum
437 4145 511 4210 laici
535 4143 682 4230 deposito
706 4144 816 4211 habitu
840 4146 981 4230 regulari
1004 4165 1126 4229 suoque
1143 4147 1260 4212 vexillo
1279 4148 1441 4233 explicato
1458 4158 1491 4214 et
1507 4157 1616 4215 erecto

285 4253 328 4320 ad
361 4252 471 4319 villam
505 4252 727 4318 Stabulensem
763 4252 803 4318 ad
840 4255 1068 4319 monasterium
1104 4255 1208 4340 ipsum
1242 4261 1452 4340 spectantem,
1488 4258 1520 4321 in
1551 4277 1616 4339 qua

284 4359 370 4426 idem
404 4361 627 4425 monasterium
661 4361 755 4425 situm
789 4359 910 4443 existit,
946 4360 1103 4426 hostiliter
1135 4363 1273 4428 accessit
1301 4362 1419 4445 voleus,
1453 4369 1489 4427 ut
1511 4365 1616 4448 prima

285 4464 574 4548 fecundabatur,
608 4486 665 4551 per
698 4467 882 4533 violentiam
916 4477 1107 4550 extorquere
1141 4469 1182 4533 ab
1215 4467 1395 4535 bominibus
1423 4467 1511 4534 dicte
1538 4470 1615 4535 rille

285 4595 381 4641 unam
404 4572 538 4655 talliam,
562 4593 656 4656 quam
673 4575 720 4640 eis
738 4575 854 4642 iniuste
877 4574 1074 4660 imposuerat
1098 4581 1210 4640 contra
1231 4575 1494 4641 consuetudinem
1510 4577 1615 4662 patrie

286 4687 319 4749 et
340 4682 525 4747 monasterii
549 4680 709 4767 prelibati.
757 4681 822 4748 Sed
853 4680 933 4748 dicti
963 4681 1108 4748 homines
1131 4682 1192 4748 hoc
1216 4702 1256 4748 ex
1280 4683 1393 4748 auditu
1417 4684 1556 4767 prescito
1579 4703 1615 4750 se

287 4788 329 4855 ad
353 4788 511 4875 prefatum
534 4790 758 4855 monasterium
778 4790 896 4856 eteius
919 4789 1081 4855 fortalicia
1104 4788 1298 4856 reduxerunt
1322 4789 1463 4856 eiusdem
1488 4792 1617 4860 abbatis
