3642 5509
283 421 336 479 418
836 423 905 480 1334
924 421 1010 495 April
1029 422 1073 480 20.

390 603 515 672 2198.
542 604 628 668 1334
651 602 754 689 April
776 605 830 669 20.
853 603 1019 691 Avipaon.

388 748 558 832 [lohannes
582 744 692 829 XXII]
717 747 851 812 Alberto
876 749 1029 832 episcopo
1054 749 1250 816 Pataviensi.

388 856 481 921 Licet
504 873 600 938 super
623 853 832 920 translatione
856 852 897 918 de
921 862 964 935 te,
993 855 1103 938 trater,
1129 856 1171 921 ad
1206 857 1426 938 Maguntinam
1451 859 1621 924 ecclesiam

281 964 378 1030 etde
480 961 619 1026 Henrico
648 959 893 1046 archiepiscopo
918 961 1109 1045 Magantino
1133 963 1176 1029 ad
1203 971 1292 1030 tuam
1321 965 1547 1033 Pataviensem
1571 987 1621 1032 ec-

281 1072 410 1137 clesiam
444 1067 596 1134 facienda
628 1067 725 1132 fuerit
758 1066 974 1134 diversimode
1008 1070 1187 1136 laboratum
1194 1122 1203 1154 ,
1242 1074 1390 1155 nequivit
1423 1081 1530 1138 tamen
1564 1075 1617 1140 via

279 1185 436 1265 oportuna
459 1195 554 1262 super
578 1175 639 1241 boc
666 1175 810 1260 reperiri,
844 1178 1014 1261 presertim
1041 1179 1203 1260 quianon
1228 1181 1452 1246 consuevimus
1474 1180 1615 1267 prelatos

278 1283 298 1353 a
321 1285 494 1352 maioribus
518 1280 730 1366 dignitatibus
759 1282 801 1348 ad
830 1284 969 1350 minores
999 1285 1060 1350 nisi
1090 1284 1132 1351 de
1160 1287 1302 1371 ipsorum
1326 1288 1494 1353 voluntate
1518 1294 1618 1352 trans-

277 1395 362 1460 ferre
386 1399 418 1458 et
435 1441 442 1456 .
462 1439 468 1456 .
487 1389 602 1456 nobilis
627 1390 675 1454 vir
700 1389 859 1455 Robertus
884 1411 992 1457 comes
1017 1390 1058 1457 de
1082 1392 1324 1461 Wernenburob
1348 1414 1484 1479 presens
1507 1394 1540 1459 in
1555 1394 1619 1460 Ro-

279 1523 374 1569 mana
398 1499 487 1565 curia
509 1505 541 1562 et
566 1495 606 1561 ad
634 1505 774 1561 nostram
802 1499 998 1581 presenciam
1026 1508 1182 1566 evocatus
1210 1510 1344 1584 asserat,
1369 1501 1454 1585 qnod
1478 1523 1499 1567 a
1521 1502 1620 1568 fratre

277 1629 334 1675 suo
368 1605 513 1692 predicto
554 1603 673 1668 nullam
708 1603 870 1669 licentiam
903 1612 961 1670 aut
992 1605 1179 1672 mandatum
1213 1607 1370 1674 babuerat
1398 1629 1494 1693 snper
1517 1615 1618 1674 trans-

276 1718 396 1781 latione
428 1711 590 1798 predicta3
631 1717 664 1776 et
700 1712 934 1795 subsequenter
960 1712 1186 1780 nichilominus
1210 1716 1334 1782 litteras
1358 1715 1438 1780 dicti
1462 1715 1618 1802 archiepi-

277 1824 367 1908 scopi
390 1819 569 1904 recepimus
593 1817 803 1895 continentes,
832 1819 918 1901 quod
936 1818 1021 1885 idem
1045 1820 1257 1904 translationi,
1284 1842 1355 1887 cum
1378 1825 1410 1888 in
1428 1825 1616 1909 episcopatu

277 1939 332 1997 tuo
356 1935 487 2015 propter
510 1945 614 1992 mores
637 1925 782 1992 diversos
798 1948 818 1992 a
833 1946 892 1992 sua
916 1928 1023 2012 patria
1046 1927 1176 1994 minime
1199 1937 1313 2014 posset
1329 1930 1494 2014 proficere,
1518 1930 1619 1995 nulla-

276 2045 369 2104 tenus
393 2035 596 2102 consentiret.
644 2031 752 2112 Quare
779 2040 835 2099 tua
863 2054 923 2101 nos
951 2035 1072 2101 habeat
1100 2055 1197 2122 super
1225 2037 1288 2104 hoc
1311 2037 1495 2104 fraternitas
1518 2058 1617 2103 excu-

276 2152 374 2211 satos.
421 2142 500 2208 Dat.
524 2140 591 2206 XIl
615 2139 660 2206 kl.
684 2139 762 2205 maii
787 2161 817 2205 a.
842 2139 1097 2209 decimooctavo.

424 2267 497 2336 Rep.
517 2266 570 2319 117
587 2265 611 2335 s.
632 2264 688 2318 124
706 2278 754 2318 ur.
774 2265 859 2328 1311,·
889 2265 1003 2336 Prepcr
1019 2267 1080 2320 636
1086 2289 1097 2332 ,·
1117 2267 1170 2322 Ba.
1189 2269 1273 2323 1651.

382 2582 505 2650 aluo.
533 2585 620 2649 1334
643 2584 783 2650 Matre.
807 2582 1002 2670 (Aoiqaoo.)

383 2726 544 2793 lohannes
567 2726 665 2790 XXII
699 2726 828 2808 Hugoni
860 2727 1060 2792 Tricastrino
1092 2733 1125 2793 et
1158 2727 1292 2794 lobanni
1321 2729 1514 2797 Massiliensi
1547 2731 1614 2815 epi·

274 2837 381 2921 scopis
414 2834 592 2920 apostolice
624 2832 710 2900 sedis
743 2835 868 2900 nunciis
902 2835 1187 2919 interrogantibus,
1221 2835 1299 2918 quid
1332 2858 1430 2922 agere
1463 2836 1613 2918 debeant,

275 2963 346 3008 cum
371 2962 477 3007 comes
494 2940 647 3007 Flsndrie
663 2950 696 3006 et
721 2941 787 3006 dux
803 2942 978 3007 Brabantie
995 2941 1161 3008 discordes
1184 2946 1404 3026 remanserint,
1428 2944 1612 3030 respondet,

274 3059 309 3115 ut
342 3055 556 3133 exequantur,
593 3048 678 3131 quod
715 3069 787 3114 cum
819 3049 961 3135 Philippi
996 3051 1081 3133 regis
1116 3050 1253 3116 Francie
1286 3052 1419 3118 consilio
1453 3059 1486 3117 et
1519 3053 1613 3117 ben'e-

274 3157 395 3242 placito
419 3159 452 3222 in
475 3156 537 3223 hac
561 3165 652 3242 parte
676 3157 785 3222 utilius
809 3157 1032 3240 cognoverint.
1072 3157 1106 3223 Si
1124 3179 1200 3223 vero
1216 3157 1356 3224 viderint
1379 3181 1500 3225 moram
1520 3181 1610 3226 suam

275 3265 383 3330 utilem
407 3265 440 3330 in
464 3265 526 3330 illis
550 3265 696 3350 partibus
720 3264 849 3330 minime
874 3266 1023 3346 existere,
1048 3265 1183 3330 redeant
1206 3265 1249 3331 ad
1273 3268 1404 3332 curiam.

380 3372 513 3437 Litteris
537 3371 747 3437 fraternitatis
772 3379 879 3438 vestre
907 3421 915 3436 .
940 3423 947 3436 .
974 3421 981 3436 .
1040 3373 1116 3437 Dat.
1143 3374 1190 3436 lll
1219 3373 1292 3440 idus
1319 3374 1394 3438 maii
1419 3396 1446 3439 a.
1472 3373 1611 3440 decimo·

273 3488 400 3546 octavo

433 3605 505 3674 Req.
526 3602 619 3672 1171'.
641 3602 708 3657 206‘
726 3619 774 3657 ar.
796 3605 880 3659 1046.

378 3959 508 4026 2200.
540 3963 626 4026 1334
649 3963 723 4027 Mai
746 3964 800 4026 21.
825 3960 992 4049 Aoipaoa.

378 4104 537 4170 lohannes
560 4105 659 4170 XXII
683 4105 812 4170 Ericum
837 4107 1023 4191 episcopum
1049 4106 1322 4172 Hildesemenssm
1346 4107 1607 4191 hortaturffqua·

271 4213 356 4278 tinus
389 4211 545 4296 procedat
574 4212 615 4278 ad
646 4212 898 4299 publicationem
929 4221 962 4279 et
990 4215 1213 4280 executionem
1242 4234 1447 4300 processuum
1471 4236 1492 4281 a
1521 4234 1607 4301 papa

270 4318 391 4385 dudum
424 4327 536 4386 contra
569 4319 768 4387 Ludovicum
803 4321 844 4386 de
877 4322 1017 4387 Bavaria
1055 4322 1187 4404 eiusque
1224 4342 1380 4405 sequaces
1411 4321 1604 4398 habitorum,

270 4428 363 4510 eique
393 4429 534 4510 nunciat,
569 4428 655 4511 quod
685 4448 781 4514 super
811 4429 926 4494 eadem
956 4448 991 4493 re
1021 4428 1202 4494 Coloniensi
1227 4429 1414 4512 Magantino
1438 4428 1605 4494 Bremensi

269 4541 302 4599 et
327 4532 598 4618 Msgdeburgensi
621 4534 875 4621 archiepiscopis
899 4556 956 4620 per
980 4536 1061 4600 alias
1084 4537 1198 4601 scribit
1220 4537 1355 4603 litteras.

376 4641 599 4708 Fraternitatis
623 4649 677 4707 tue
700 4641 890 4708 litteras...
939 4641 1014 4707 Dat.
1039 4642 1106 4707 XII
1130 4642 1175 4708 lxl.
1199 4644 1276 4708 iunii
1303 4664 1332 4708 a.
1359 4644 1482 4709 XVlll.

430 4813 501 4885 ch.
525 4816 579 4868 117
595 4814 620 4884 f.
640 4813 699 4868 224
717 4830 765 4868 ov.
785 4815 869 4869 1133.
