3642 5509
251 409 304 476 366
740 378 814 475 1330Ι
829 405 1007 489 September
1024 407 1069 474 21.

251 602 365 668 sistere
399 600 547 685 vigilanti
571 598 679 666 studio
714 599 879 665 curaretis.
945 600 995 665 De
1030 599 1123 664 nobis
1159 605 1280 682 autem,
1317 615 1411 682 quam
1448 593 1586 683 benigne

252 727 411 793 quamque
441 707 663 774 favorabiliter
689 728 767 792 erga
790 712 878 772 tuam
906 705 1179 790 magnificentiam
1203 727 1260 773 nos
1284 705 1498 790 babuerimus,
1532 707 1585 772 ob·

253 817 414 898 livionem,
438 814 680 899 ingratitudinis
703 821 847 896 matrem,
877 834 941 878 non
966 811 1125 880 credimus
1149 812 1190 878 de
1213 814 1366 880 memoria
1389 815 1479 898 regia
1503 813 1587 878 dele-

253 924 347 990 visse.
395 922 522 988 Scimus
551 928 668 1003 autem,
698 920 783 1004 quod
813 921 896 985 inter
924 920 1004 986 alios
1033 919 1143 984 mundi
1167 921 1329 1006 principes
1351 921 1500 1006 precibus
1523 921 1586 985 tuis

253 1030 392 1112 benigne
425 1030 645 1094 consuevimus
678 1027 898 1094 exaudicionis
931 1028 1059 1092 ianuam
1094 1029 1230 1113 aperire.
1278 1026 1394 1093 Adbuc
1416 1048 1480 1094 non
1503 1027 1586 1094 suffi-

254 1138 355 1202 cimus
378 1135 540 1217 admirari,
565 1134 735 1219 quomodo,
759 1134 804 1199 lili
827 1134 1004 1217 carissime,
1028 1135 1075 1200 sic
1100 1135 1187 1200 farne
1211 1140 1266 1200 tue
1289 1134 1424 1201 effectus
1447 1135 1492 1201 sis
1515 1154 1585 1218 pro-

253 1243 357 1327 digus,
381 1249 417 1307 ut
440 1241 558 1307 homini
582 1241 624 1307 de
648 1242 783 1307 diversis
809 1241 973 1306 heresibus
998 1241 1132 1306 notoriis
1156 1241 1285 1326 publice
1309 1240 1521 1308 condemnato
1537 1239 1585 1308 sic

253 1358 285 1416 te
310 1351 413 1436 possis
440 1350 598 1415 fautorem
623 1347 792 1414 ostendere
819 1355 987 1431 statusque
1011 1349 1058 1414 sui
1088 1347 1217 1432 reprobi
1242 1355 1274 1414 et
1297 1348 1442 1414 damnati
1470 1350 1587 1434 spretis

253 1457 405 1544 periculis
429 1463 461 1522 et
485 1457 575 1542 penis
599 1457 706 1537 variis,
731 1456 846 1538 quibus
870 1455 1050 1540 periculose
1074 1456 1206 1520 nimium
1230 1462 1263 1522 te
1286 1456 1433 1538 involvis,
1457 1455 1586 1541 publice

253 1573 286 1631 te
309 1564 443 1631 exhibes
466 1570 690 1648 promotorem.
738 1563 817 1645 Hoc,
842 1561 886 1626 tili
911 1561 1083 1638 carissime,
1108 1582 1165 1648 pro
1190 1569 1280 1628 tanto
1304 1569 1379 1628 ante
1402 1569 1457 1628 tue
1481 1563 1585 1649 provi·

252 1673 366 1739 dencic
399 1672 510 1738 oculos
543 1671 723 1736 curavimus
755 1689 884 1754 ponere,
919 1687 959 1734 ne
987 1669 1091 1750 nobis,
1126 1669 1179 1751 qui
1210 1673 1265 1735 tue
1294 1689 1402 1735 curam
1432 1669 1586 1736 habemus

253 1782 367 1854 anime,
392 1779 551 1846 silentium
576 1776 620 1842 ad
644 1776 772 1862 culpam
796 1777 827 1841 in
851 1775 999 1843 districto
1024 1777 1173 1842 examine
1197 1776 1305 1842 valeat
1327 1776 1490 1862 imputari,
1513 1797 1586 1842 nec·

252 1908 316 1954 non
339 1894 372 1952 et
402 1885 477 1970 quia
509 1885 644 1951 intensis
675 1882 845 1950 desideriis
877 1883 1080 1965 affectamus,
1114 1895 1150 1949 ut
1182 1883 1252 1950 vias
1285 1889 1357 1950 tuas
1390 1883 1586 1968 periculosas

253 1992 460 2059 considerans
483 1991 525 2057 ad
549 1992 651 2056 instar
673 1990 832 2074 prophete
855 1989 964 2056 dicere
988 1989 1125 2056 debeas:
1163 1989 1312 2075 Cogitavi
1337 1991 1407 2058 vias
1429 2010 1528 2067 meas,
1552 1996 1586 2055 et

253 2101 396 2166 converti
428 2099 529 2186 pedes
566 2117 654 2164 meos
686 2099 719 2162 in
752 2099 936 2163 testimonia
968 2104 1038 2163 tua.
1094 2098 1211 2164 Procul
1243 2097 1341 2164 dubio
1373 2097 1585 2183 periculosum

253 2208 378 2273 intrasti
407 2207 545 2290 devium,
579 2227 600 2272 a
627 2225 690 2288 quo
719 2205 780 2270 nisi
813 2205 970 2289 resipiens
1001 2205 1044 2271 ad
1067 2206 1151 2271 viam
1175 2211 1207 2272 te
1235 2205 1401 2272 reduxeris
1428 2205 1585 2287 veritatis,

253 2313 295 2379 ad
320 2321 454 2380 mortem
478 2320 510 2380 et
534 2332 633 2399 penas
656 2319 784 2378 eternas
807 2312 901 2378 inferi
924 2318 957 2379 te
982 2311 1130 2378 deducet.
1167 2312 1318 2396 Attende,
1342 2311 1387 2379 fili
1411 2312 1586 2394 carissime,

254 2420 350 2504 quod,
374 2421 450 2486 licet
475 2420 644 2485 humanum
673 2421 716 2486 sit
739 2439 886 2506 peccare,
917 2439 1126 2505 perseverare
1150 2420 1314 2486 tamenin
1338 2417 1467 2486 malicia
1490 2418 1587 2484 debet

253 2527 449 2594 diabolicum
472 2529 623 2613 reputari.
657 2527 731 2595 Noli
749 2547 837 2612 ergo,
863 2546 1047 2610 quesumus,
1072 2527 1208 2594 bominis
1232 2525 1453 2593 condicionem
1470 2545 1586 2592 exuere

254 2634 510 2717 diabolicamque
535 2634 662 2711 vestire,
686 2633 773 2718 qnod
789 2635 902 2720 procul
919 2633 1017 2699 dubio
1042 2634 1152 2716 facies,
1177 2633 1205 2701 si
1221 2634 1254 2699 in
1270 2635 1372 2720 ceptis
1396 2632 1585 2718 improvide,

253 2740 338 2823 qnod
368 2741 463 2824 absit,
497 2747 530 2806 te
557 2741 730 2824 contigerit
758 2739 944 2825 perdurare.
992 2741 1032 2805 Et
1056 2743 1082 2806 si
1107 2747 1149 2824 te,
1183 2740 1227 2806 lili
1259 2741 1434 2822 carissime,
1468 2739 1500 2805 in
1529 2739 1586 2804 tali

254 2847 349 2913 devio
373 2847 568 2932 perdurante
597 2855 710 2914 sancta
739 2856 840 2914 mater
863 2849 1003 2914 ecclesia
1027 2846 1259 2932 supersedeatl
1284 2847 1391 2930 quoad
1419 2846 1585 2932 dispensa·

253 2955 361 3021 ciones
385 2960 418 3020 et
441 2955 504 3022 alia
529 2955 561 3020 in
585 2962 617 3020 te
640 2975 715 3020 suas
738 2955 866 3020 effluere
889 2955 1029 3038 gracias,
1061 2976 1123 3022 non
1147 2956 1281 3038 mireris,
1306 2955 1467 3038 quianon
1492 2954 1586 3020 decet

252 3081 324 3127 eam
349 3063 381 3126 in
404 3062 461 3127 tali
485 3068 573 3129 statu
597 3063 876 3148 perseverantibus
899 3064 1037 3147 gracias,
1069 3083 1127 3147 per
1149 3082 1229 3146 quas
1253 3063 1286 3128 iu
1310 3082 1348 3128 eo
1372 3061 1490 3127 firmari
1513 3080 1582 3147 per-

253 3171 389 3235 tinacius
409 3169 550 3251 valeant,
574 3170 716 3253 elargiri.
763 3169 828 3235 Sed
853 3189 942 3252 cura,
967 3169 1010 3234 fili
1027 3171 1202 3252 carissime,
1227 3189 1407 3252 quesumus,
1432 3167 1585 3234 exhibere

253 3284 286 3342 te
309 3278 369 3344 sibi
395 3277 547 3343 devotum
571 3277 680 3360 lilium,
714 3285 747 3342 et
775 3277 887 3362 procul
916 3276 1014 3342 dubio
1043 3277 1113 3364 ipsa
1145 3295 1179 3342 se
1203 3277 1260 3342 tibi
1285 3276 1371 3360 piam
1396 3281 1530 3341 matrem
1554 3280 1585 3340 et

254 3384 442 3450 benevolam
466 3403 537 3450 cum
562 3385 646 3450 omni
671 3382 927 3470 promptitudine
951 3404 1014 3448 non
1035 3383 1164 3449 differet
1187 3382 1350 3449 exhibere.
1382 3383 1458 3448 Dat.
1474 3382 1524 3447 XI
1539 3381 1584 3446 kl.

253 3492 395 3559 octobris
417 3513 447 3557 a.
471 3490 719 3574 decimoquinto.

415 3617 488 3685 Rep.
502 3613 599 3684 1161'.
619 3614 666 3668 72¹
683 3630 731 3668 ar.
751 3614 1002 3682 335,·Ra.1386,·
1023 3614 1190 3686 Raynaldi,
1209 3616 1288 3670 Aac.
1308 3615 1375 3670 eccl.
1394 3615 1444 3669 ad.
1463 3630 1491 3668 a.
1512 3615 1586 3668 1330

414 3710 432 3770 ἕ
449 3706 571 3759 34-38,

361 3963 600 4033 19481330
622 3962 815 4052 September
837 3967 891 4031 26.
928 3965 1119 4054 (Aoipnon.)

358 4111 526 4174 Iohannes
550 4110 659 4173 XXII
689 4110 835 4175 Ioboaai
865 4112 939 4196 repc'
963 4111 1100 4176 Boemc'c
1130 4110 1244 4176 scribit
1267 4109 1308 4175 de
1336 4127 1403 4174 aon
1432 4127 1586 4174 concesso

253 4217 502 4303 dispensatione
524 4237 628 4301 super
651 4219 865 4282 matrimonio
888 4219 978 4283 inter
1000 4219 1090 4303 regis
1111 4218 1221 4303 filiam
1245 4223 1275 4282 et
1292 4217 1446 4283 Ottoncm
1469 4217 1586 4282 dacem

254 4323 392 4389 Austra'e
415 4323 642 4389 contradendo
666 4344 804 4408 eumque
828 4324 927 4389 valde
950 4325 1121 4408 vituperat
1145 4325 1183 4388 ob
1211 4345 1261 4402 eu,
1289 4344 1351 4407 que
1374 4325 1411 4388 ia
1432 4306 1586 4408 fauore-m

253 4432 386 4497 Bucari
409 4438 521 4517 eperat
544 4452 620 4496 cum
644 4429 727 4496 duce
747 4432 909 4516 predicto.

361 4555 533 4640 [lohannes
555 4554 666 4640 XXII]
692 4554 797 4620 eidem
822 4554 981 4640 [Iohanni]
1006 4557 1074 4642 regi
1100 4555 1264 4640 [Bnemiel.

361 4665 398 4728 ln
421 4663 535 4729 litteris
558 4663 657 4746 regiis
680 4663 772 4729 nobis
795 4682 852 4748 per
875 4664 1063 4747 magistrum
1087 4664 1126 4730 d.
1143 4663 1267 4730 Pichon
1291 4663 1440 4730 nuncium
1463 4661 1586 4747 regium

361 4808 392 4872 a)
410 4804 593 4878 supercedat
611 4819 667 4860 ms.
