3642 5509
756 449 825 505 1335
844 447 963 506 Jannar
983 447 1025 505 10.
1497 451 1550 507 485

217 633 443 700 constitutione
458 684 465 699 .
479 685 487 700 .
502 685 508 698 .
523 655 724 719 nequaquam
742 635 945 704 obstantibus
965 635 1201 701 matrimonium
1217 635 1343 701 insimul
1361 635 1549 701 contrahere

216 742 358 827 illudque
383 745 478 810 ctiam
503 750 647 829 tempore
670 743 711 809 ad
737 743 799 809 hoc
821 765 842 808 a
865 744 1041 809 canonibus
1064 743 1236 809 interdicto
1264 743 1461 809 solennizare
1488 792 1548 808 ...

215 851 366 918 valeretis
496 853 588 918 nonis
617 852 752 917 ianuarii
781 852 926 937 proxime
961 852 1121 936 preteritis
1157 859 1232 916 autc
1268 851 1482 918 coronationis
1517 857 1549 917 ct

215 960 450 1027 benedictionis
473 967 580 1027 nostre
611 961 755 1028 solennia
868 958 1016 1026 duximus
1048 958 1297 1046 dIspcnsandum
1431 959 1548 1024 Verum

214 1088 255 1133 nc
278 1069 337 1135 sub
361 1089 399 1135 eo
424 1076 583 1154 pretextu,
609 1069 695 1154 quod
718 1077 884 1154 presentes
907 1069 1015 1135 litters
1039 1069 1188 1134 confecto
1212 1088 1275 1133 nou
1299 1074 1373 1134 sunt
1394 1067 1452 1132 sub
1470 1066 1549 1132 data

214 1174 293 1242 dicti
320 1176 396 1260 dici,
421 1177 573 1243 videlicet
595 1180 687 1244 nonis
710 1179 846 1243 ianuarii
870 1179 1016 1263 proxime
1039 1175 1299 1263 precedentestl)
1316 1177 1387 1260 ipsa
1417 1196 1548 1240 corona-

214 1284 310 1349 tionis
339 1291 371 1349 et
398 1284 632 1350 benedictionis
665 1293 773 1351 nostre
805 1285 960 1361 solennia,
994 1291 1069 1350 autc
1103 1303 1165 1366 que
1196 1285 1228 1348 iu
1258 1283 1420 1348 Romanos
1452 1283 1547 1348 electi

214 1391 383 1476 pontifices
406 1413 470 1457 non
493 1398 727 1459 consueverunt
743 1394 953 1458 communiter
977 1394 1104 1476 Integra
1121 1391 1209 1458 bulla
1225 1392 1282 1472 uti,
1307 1389 1439 1473 aliquod
1455 1390 1548 1456 vobis

215 1498 507 1584 ...preindicium
531 1507 711 1584 generetur,
738 1550 796 1565 ...
825 1499 1037 1582 decernimus,
1069 1498 1154 1581 quod
1178 1497 1359 1564 huiusmodi
1383 1497 1547 1583 dispensa·

213 1607 309 1673 tionis
336 1609 442 1691 gratia
466 1629 485 1672 a
509 1607 655 1692 predicta
684 1607 747 1690 die,
781 1607 937 1673 videlieet
961 1608 1053 1672 nouis
1077 1607 1224 1683 ianuarii,
1254 1606 1350 1672 robur
1373 1604 1475 1670 solide
1498 1604 1547 1669 fir-

213 1714 334 1780 mitatis
357 1715 572 1780 obtineat...
620 1716 695 1779 Dat.
720 1715 814 1780 Avin.
840 1715 868 1781 V
892 1713 965 1782 idus
989 1713 1128 1779 ianuarii
1151 1735 1181 1779 a.
1206 1712 1320 1798 primo.

372 1823 444 1890 Ray.
465 1821 522 1875 120
541 1837 588 1875 ar.
609 1823 680 1886 743,·
706 1822 757 1876 Ra
778 1823 862 1875 1685.

316 2027 438 2092 2219.
476 2028 563 2092 1335
584 2028 723 2093 Jaaaar
748 2028 799 2091 10.
836 2025 1001 2113 Avipnon.

320 2169 513 2236 Benedictus
537 2171 603 2235 XII
636 2169 784 2236 Conrado
809 2177 884 2234 nato
909 2167 1088 2234 Everhardi
1118 2167 1246 2234 sculteti
1271 2167 1312 2233 de
1336 2167 1543 2254 Scuppclleu-

211 2278 309 2344 berch
335 2279 458 2345 confert
483 2280 619 2347 ecclesie
645 2278 821 2344 Bunnensis
846 2277 957 2343 (tolon.
982 2276 1065 2342 dioc.
1092 2277 1325 2360 canonicatum,
1349 2275 1545 2361 prebendam

213 2406 288 2451 vcro
313 2386 417 2452 eidem
441 2394 594 2453 reservat.

320 2494 485 2560 Attributa
509 2495 567 2560 tibi
592 2494 731 2559 merita.
750 2542 783 2557 ..
810 2493 883 2557 Dat.
911 2492 1004 2557 Avin.
1028 2492 1095 2556 llll
1119 2491 1192 2558 idus
1215 2492 1351 2557 ianuarii
1376 2513 1406 2556 a.
1432 2493 1544 2577 prImo.

320 2603 355 2666 ln
380 2623 407 2667 e.
425 2625 465 2667 rn.
491 2604 642 2687 epIscopo
661 2600 817 2666 Verdensi
841 2607 873 2665 et
897 2598 1153 2665 Licbcfcldensis
1177 2606 1209 2663 et
1230 2599 1262 2664 S.
1281 2597 1410 2665 Andree
1434 2599 1544 2665 Colon.

213 2709 291 2776 eccl.
317 2708 458 2776 decanis.

360 2818 433 2886 Bao.
454 2817 509 2871 119
526 2832 574 2869 nr.
593 2817 661 2880 aaa·
684 2818 734 2872 Ra.
756 2817 840 2871 1690.

319 3056 451 3124 2220.
485 3061 571 3125 1335
595 3061 734 3126 Janaar
761 3059 811 3123 10.
841 3056 1006 3144 Aoipaoa.

319 3201 513 3268 Benedictus
529 3203 595 3267 Xll
619 3203 802 3268 Hermanno
827 3200 915 3267 dicto
933 3201 1038 3267 Faber
1062 3199 1103 3266 de
1126 3201 1263 3268 Xanctis
1287 3201 1545 3268 consideratione

211 3307 363 3374 Anibaldi
400 3311 542 3395 episcopi
567 3310 740 3376 Tusculani
777 3331 835 3395 pro
871 3329 909 3376 eo
944 3315 1152 3394 procuratore
1185 3328 1242 3374 suo
1276 3311 1309 3374 iu
1342 3311 1545 3395 prepositura

211 3417 290 3482 eccl.
316 3417 559 3484 Darentriensis
583 3419 724 3484 Traiect.
750 3417 834 3484 dioc.
859 3417 1073 3504 supplicantis
1097 3418 1223 3483 confert
1246 3419 1326 3484 eccl.
1351 3418 1545 3483 XancteusIs

211 3523 320 3590 Colon.
346 3524 430 3590 dioc.
455 3527 689 3608 canonicatum,
719 3525 917 3610 prebendam
949 3546 1026 3591 vero
1055 3545 1095 3591 ae
1124 3525 1379 3611 supplementum
1403 3545 1459 3590 seu
1484 3524 1543 3591 fer·

211 3633 316 3698 culum
345 3631 449 3698 eidern
481 3640 634 3715 reservat,
669 3654 732 3700 non
767 3633 916 3700 obstante
944 3633 1030 3717 quod
1055 3633 1166 3716 vigore
1190 3633 1367 3698 litterarum
1392 3633 1544 3698 Iohannis

211 3739 309 3804 XXII
333 3741 365 3804 in
390 3741 469 3806 eccl.
494 3740 687 3806 Slesvieensi
717 3742 941 3806 canonicatum
971 3740 1030 3806 sub
1059 3742 1286 3825 expectatione
1314 3740 1477 3825 prebende
1505 3762 1543 3808 ac

211 3845 378 3930 dignitatis
402 3867 457 3913 scu
482 3857 670 3933 personatus
692 3848 743 3913 vel
767 3848 864 3913 officii
888 3848 1012 3913 obtinet
1029 3854 1061 3912 et
1078 3848 1266 3914 beneficium
1291 3847 1543 3914 ecclesiasticum

210 3956 279 4020 sine
303 3975 379 4021 cura
403 3955 445 4021 ad
471 3955 674 4022 collationem
700 3957 854 4041 prepositi
879 3955 959 4020 eccl.
979 3956 1012 4021 S.
1031 3955 1363 4024 SalvatorisTraicct.
1382 3963 1542 4041 expectat.

316 4061 505 4148 llultiplicia
530 4071 583 4130 tue
607 4065 797 4129 merita...
824 4063 898 4127 Dat.
915 4063 1012 4127 Avin.
1030 4063 1097 4128 IIII
1121 4061 1194 4127 idus
1218 4063 1353 4128 ianuarii
1378 4085 1408 4128 a.
1430 4064 1541 4149 prirno.

314 4171 352 4234 ln
375 4191 403 4236 e.
430 4191 469 4233 nr.
504 4171 656 4256 epIscopo
680 4169 837 4236 Verdensi
867 4179 899 4236 et
930 4169 1053 4235 decano
1078 4169 1292 4235 Wischeleusi
1316 4192 1356 4236 ae
1378 4172 1543 4257 preposito

211 4275 242 4340 S.
267 4276 354 4341 Petri
379 4276 420 4342 de
444 4277 598 4343 Menzano
624 4277 732 4344 Colon.
757 4284 789 4343 et
814 4277 961 4343 Asteusis
984 4276 1068 4342 dioc.
1093 4276 1312 4342 ecelesiarum.

358 4384 430 4452 Bep.
451 4384 505 4437 119
523 4399 570 4437 ar.
592 4387 645 4438 164
655 4405 664 4448 ,·
693 4385 744 4439 Ra.
766 4386 849 4438 1682.

316 4587 435 4653 2221.
463 4591 714 4656 1335100000
741 4592 790 4654 10.
816 4589 981 4677 11019000.

314 4730 508 4797 Benedictus
533 4732 599 4797 XII
632 4731 770 4798 Iordano
804 4731 891 4798 dicto
926 4734 967 4798 de
1001 4731 1153 4799 Isendike
1183 4733 1224 4798 de
1247 4733 1392 4799 Wcsalia
1425 4734 1542 4800 clerico

209 4837 319 4903 Calon.
351 4837 434 4903 dioc.
465 4839 723 4906 consideratione
747 4840 899 4907 Anibaldi
929 4842 1072 4927 episcopi
1098 4840 1272 4906 Tusculani
1301 4863 1358 4928 pro
1383 4863 1420 4908 eo
1450 4842 1542 4909 lauri-
