3642 5509
787 423 858 479 1332
876 422 949 479 Juni
970 421 1011 477 17.

329 664 470 731 *2123
498 665 583 728 1332
608 665 694 730 Jam'
720 665 771 728 17.
798 661 964 746 Aoipuon.

329 809 490 875 Iohannes
526 809 625 874 XXII
661 808 772 873 abbati
808 805 993 871 monasterii
1030 801 1212 868 Rodensisa
1247 798 1436 865 Leodieusis
1473 797 1556 862 dioe.

222 916 364 992 mandat,
401 918 550 1001 quatinus
583 937 623 982 ea
656 936 717 999 que
751 915 793 980 de
828 915 921 980 bouis
956 913 1092 979 aerlesie
1128 911 1164 975 B.
1189 911 1289 975 Maris
1314 907 1472 991 Aquensis
1501 925 1558 991 per

222 1026 445 1091 eoncessiones
477 1045 535 1110 per
568 1023 742 1108 eapitulam
776 1023 906 1104 eiusque
939 1020 1185 1106 predecessores
1215 1019 1319 1083 faetus
1348 1017 1486 1081 alienata
1511 1013 1555 1076 in-

221 1133 346 1198 venerit
379 1133 493 1198 illicite
517 1134 567 1198 vel
596 1131 752 1198 distracta
781 1129 820 1194 ad
853 1131 901 1195 ius
925 1137 958 1194 et
981 1128 1209 1214 proprietatem
1244 1123 1384 1190 eiusdem
1421 1120 1557 1187 ecelesia

222 1240 365 1325 legitime
389 1261 541 1308 revoeare
565 1245 724 1326 proeuret.

329 1348 380 1414 Ad
404 1348 603 1415 audientiam
633 1354 774 1414 nostram
802 1347 950 1431 pervenit
981 1396 986 1409 .
1018 1393 1024 1406 .
1056 1392 1063 1408 .
1111 1343 1186 1408 Dat.
1212 1342 1306 1407 Avin.
1332 1341 1393 1406 XV
1418 1340 1461 1405 kl.
1487 1339 1556 1404 iulii

221 1477 300 1543 pn.
319 1479 348 1522 a.
374 1455 605 1524 sextodecimo.

384 1580 434 1636 Or.
454 1581 577 1636 membr.
597 1595 666 1635 eum
684 1579 808 1648 plumbo
827 1577 918 1648 pared.
966 1576 1030 1632 Sub
1046 1575 1131 1646 plica
1151 1576 1192 1632 ad
1211 1573 1350 1630 eiulatu:
1376 1557 1473 1636 lsde
1490 1555 1556 1628 Vi-a.

382 1671 421 1725 Im
440 1669 523 1738 plica
542 1670 584 1724 ad
603 1669 718 1723 deusta:
738 1667 906 1738 ciprianus.
936 1667 973 1720 In
986 1667 1095 1722 dorso:
1115 1665 1201 1720 With.
1223 1665 1261 1720 de
1281 1665 1369 1736 Reys.
1382 1694 1413 1702 -
1434 1663 1557 1720 Dtlssel-

382 1761 465 1832 dors.
483 1759 571 1814 Arete.
590 1773 652 1830 rep.
673 1755 885 1827 Mamm-Stist
903 1757 1025 1814 Aeeten
1044 1771 1092 1809 nr.
1113 1756 1176 1814 162.

325 2060 574 2128 *21241332
598 2062 685 2128 Jum?
708 2064 760 2128 17.
789 2058 955 2147 Avipnou.

328 2207 487 2272 lohannes
500 2205 599 2271 XXII
623 2206 734 2271 abbati
757 2205 942 2270 monasterii
967 2205 990 2270 S
1015 2203 1154 2269 Cornelii
1178 2202 1325 2270 ludensis
1342 2203 1454 2269 (loton.
1472 2203 1556 2270 diee.

220 2313 363 2395 mandat,
388 2315 538 2396 quatinus
568 2333 617 2395 ea,
649 2332 710 2395 qne
739 2312 780 2377 de
809 2313 901 2379 bonis
930 2312 1067 2377 eeelesie
1091 2312 1128 2376 B.
1146 2313 1246 2376 ltlarie
1270 2311 1430 2393 Aquensis
1453 2308 1555 2377 Leod.

221 2420 305 2487 dioe.
330 2441 388 2507 per
412 2421 636 2486 eoncessiones
660 2441 680 2485 a
703 2418 846 2504 capitulo
872 2418 1015 2485 eiusdem
1041 2417 1177 2485 eoelesie
1201 2419 1307 2484 laetos
1338 2418 1480 2483 alienata
1507 2418 1555 2482 in·

221 2529 345 2594 venerit
369 2529 480 2593 illieite
504 2527 554 2593 vel
579 2527 746 2609 distracta,
780 2525 822 2591 ad
857 2527 905 2592 ius
937 2534 969 2592 et
998 2526 1228 2612 proprietatem
1254 2526 1389 2591 ecclesie
1414 2525 1557 2592 eiusdem

222 2637 364 2720 legitime
388 2655 542 2700 revocare
566 2641 726 2720 procuret.

329 2742 380 2807 Ad
410 2741 608 2807 audientiam
638 2748 780 2807 nostram
804 2741 953 2826 pervenit
982 2791 989 2806 .
1019 2789 1026 2804 .
1057 2791 1064 2806 .
1112 2741 1188 2807 Dat.
1213 2740 1308 2806 Avin.
1333 2739 1395 2805 XV
1419 2741 1463 2805 kl.
1489 2739 1557 2806 iulii

221 2872 252 2937 p.
270 2871 300 2916 n.
318 2871 347 2916 a.
372 2848 603 2916 sextodecimo.

374 2974 423 3028 Or.
448 2972 571 3027 membr.
591 2988 660 3026 euna
678 2972 803 3040 plumbo
818 2973 912 3041 pand.
951 2971 1014 3027 Suo
1029 2970 1114 3041 plica
1134 2971 1176 3026 ad
1195 2969 1329 3026 siuistm:
1350 2956 1410 3026 Εἰ
1423 2972 1460 3026 de
1475 2957 1556 3026 We.

371 3063 409 3116 Im
426 3059 509 3130 plica
537 3062 580 3115 ad
606 3061 723 3116 desim:
756 3059 925 3129 ciprianus.
962 3062 999 3114 In
1028 3062 1139 3116 dorso:
1169 3060 1337 3114 Berualdus
1357 3061 1395 3115 de
1414 3060 1502 3130 Reys.
1524 3089 1555 3100 -

370 3151 566 3221 Dltseeldorf.
586 3149 675 3205 Arete.
694 3166 756 3219 rep.
777 3147 988 3220 Marion-Stin
1006 3167 1043 3205 zu
1062 3150 1183 3206 Aeeten
1202 3167 1250 3203 ur.
1271 3153 1332 3204 160.

327 3439 448 3507 2125.
474 3443 561 3505 1332
588 3442 676 3507 Jaai
700 3443 750 3505 18.
780 3438 945 3526 Aoipuom.

328 3582 488 3648 Iohannes
511 3583 610 3648 XXII
646 3583 844 3667 Engelberto
868 3582 909 3649 de
935 3584 1067 3650 llarelra
1101 3585 1224 3650 confert
1253 3584 1331 3650 seel.
1363 3583 1462 3649 Leod.
1488 3604 1558 3667 pre·

220 3691 395 3775 posituram
419 3696 589 3756 vasantem
612 3711 670 3775 per
693 3692 925 3776 promotionem
943 3699 974 3756 et
991 3693 1262 3758 eonseerationem
1277 3691 1430 3756 Walrami
1455 3691 1556 3756 arehi-

220 3798 364 3883 episcopi
389 3796 599 3879 coloniensis,
633 3796 836 3882 dispositioni
870 3800 1049 3882 apostoliea
1082 3798 1169 3864 sedis
1202 3819 1242 3864 er
1275 3819 1313 3863 eo
1347 3803 1555 3879 reservatam,

220 3905 306 3988 quod
340 3925 427 3991 papa
467 3904 521 3969 diu
562 3911 637 3969 aute
673 3906 876 3970 vaeationem
913 3905 1094 3971 huiusmodi
1131 3924 1240 3970 omnes
1276 3904 1452 3989 dignitates
1487 3925 1556 3990 per·

218 4020 349 4078 senatus
373 4019 405 4078 et
429 4012 535 4077 officia
559 4020 731 4095 ceteraque
756 4013 912 4078 benefieia
935 4013 1164 4094 ecelesiastica,
1190 4032 1250 4094 que
1267 4033 1324 4097 per
1341 4013 1556 4098 promotiones

219 4139 488 4201 quorumcumque
523 4119 719 4205 prelatorum
755 4140 812 4204 per
847 4141 966 4205 papam
1003 4120 1043 4185 ad
1078 4121 1280 4205 episcopales
1314 4128 1346 4185 et
1376 4121 1556 4204 superiores

219 4223 395 4306 dignitates
427 4233 504 4291 tune
538 4240 754 4312 promotorum
789 4234 822 4292 et
856 4229 986 4292 inantea
1019 4226 1305 4312 promovendorum
1331 4236 1363 4292 et
1391 4247 1556 4294 eonsecra-

219 4331 315 4396 tionis
347 4352 461 4397 munus
494 4353 551 4418 per
582 4354 701 4419 papam
733 4354 788 4400 seu
819 4335 888 4400 eius
918 4337 1111 4401 auctoritate
1141 4335 1318 4420 impensum
1344 4335 1465 4401 eisdem
1490 4336 1555 4401 ubi·

219 4457 355 4520 eumque
380 4458 499 4505 vacare
523 4443 735 4524 contingeret,
760 4440 964 4527 dispositioni
988 4463 1044 4507 sue
1067 4443 1252 4526 specialiter
1274 4452 1466 4507 reservarat.

324 4545 486 4614 Nobilitas
510 4549 648 4630 generis,
673 4568 794 4613 morum
820 4548 917 4615 decor
944 4599 951 4614 .
982 4599 988 4613 .
1020 4598 1028 4614 .
1075 4549 1148 4614 Dat.
1173 4550 1265 4616 Avin.
1291 4549 1391 4616 Xllll
1416 4549 1461 4614 kl.
1486 4549 1554 4616 iulii

217 4675 246 4720 a.
270 4653 500 4720 sextodecimo.

325 4835 355 4902 a)
378 4835 615 4906 Herzoyenroda.
