3642 5509
684 450 755 507 1327
773 448 943 507 December
961 448 1004 506 29.
1474 448 1526 503 109

294 619 418 685 137⁰.
444 622 813 686 rationemors.
842 620 1007 707 Aoipnon.

300 746 468 811 Iohannes
482 747 592 811 XXII
610 746 859 831 archiepiscopo
878 744 1068 813 Coloniensi
1090 750 1242 831 mandat,
1267 750 1427 833 quatinus
1450 770 1526 813 enm

192 854 390 919 Hermanno
423 854 465 919 de
487 853 620 919 Hetden
652 860 684 918 et
713 853 868 919 Bentrice
900 855 941 919 de
969 854 1188 941 Sneltenberp
1220 856 1391 941 dispenset
1424 876 1527 941 snper

191 961 431 1046 impedimento
454 962 674 1026 matrimonii.

297 1065 469 1150 [lohannes
492 1066 604 1151 XXll]
627 1065 872 1153 archiepiscopo
895 1067 1086 1134 Coloniensi.

299 1175 430 1240 Intenta
453 1173 566 1239 salutis
589 1174 740 1259 operibus
753 1223 760 1238 .
775 1223 783 1239 .
798 1223 805 1238 .
819 1173 975 1240 Exhibita
998 1173 1155 1258 siquidem
1179 1176 1272 1243 nobis
1287 1197 1346 1262 pro
1368 1184 1460 1263 parte
1474 1226 1481 1242 .
1497 1227 1504 1243 .
1520 1227 1527 1243 .

192 1282 368 1347 Hermanni
393 1280 553 1347 domicelli
578 1282 645 1346 nati
659 1330 666 1345 .
681 1332 688 1345 .
702 1280 894 1347 Theoderici
920 1280 999 1347 dieti
1023 1280 1065 1347 de
1087 1282 1233 1349 Heldeuc
1257 1290 1309 1349 et.
1326 1333 1333 1348 .
1348 1333 1356 1348 .
1370 1285 1527 1351 Beatricis

193 1387 365 1454 domicello
388 1394 464 1454 nate
478 1438 485 1453 .
500 1437 508 1453 .
523 1388 698 1454 Franconis
722 1386 763 1454 de
779 1387 992 1473 Suellenberg
1014 1388 1149 1454 militurn
1174 1396 1228 1455 tue
1251 1389 1390 1457 diocesis
1414 1391 1527 1476 petitio

193 1496 390 1578 continebat,
426 1494 512 1579 quod
545 1494 607 1580 ipsi
640 1494 682 1560 ad
715 1494 903 1561 firmandam
937 1503 1123 1580 perpetuans
1159 1517 1272 1582 pacem
1297 1504 1330 1562 ct
1353 1498 1527 1563 amicitiam

192 1604 276 1668 inter
308 1610 459 1688 parentes
482 1610 516 1668 et
540 1604 795 1687 consanguineos
822 1604 987 1686 utriusque
1017 1604 1156 1688 ipsorum
1182 1603 1368 1671 desiderant
1390 1604 1528 1671 inricenr

193 1709 472 1776 matrimonialiter
495 1709 655 1793 copulari3
689 1708 747 1774 sed
772 1710 847 1791 qnia
870 1707 977 1775 dietus
1001 1709 1204 1777 Hermaudus
1220 1713 1254 1792 (l)
1272 1711 1353 1777 alias
1377 1713 1529 1795 coguovit

194 1817 369 1883 carnaliter
402 1815 574 1899 quamdam
606 1816 770 1881 mulierem
803 1815 908 1882 eidem
935 1816 1073 1881 Beatrici
1106 1818 1138 1881 in
1167 1824 1280 1900 quarto
1304 1818 1528 1901 consanguini-

194 1925 271 1990 tatis
293 1922 398 2009 gradu
422 1924 621 2003 attinentem,
646 1922 887 2008 propterquod
911 1923 1092 1989 huiusmodi
1117 1922 1310 1990 desiderium
1334 1946 1397 1989 non
1419 1924 1529 1990 valent

195 2030 358 2096 deducere
381 2028 423 2095 ad
447 2029 607 2113 effectum,
632 2037 665 2095 et
688 2029 785 2095 valde
806 2030 985 2115 periculose
1020 2029 1197 2095 huiusmodi
1226 2032 1318 2117 pacis
1344 2031 1529 2097 reformatio

195 2136 379 2222 impeditur.
411 2136 517 2215 Quare
541 2157 600 2221 pro
623 2144 716 2223 parte
740 2135 898 2205 dictorum
922 2138 1097 2202 Hermanni
1121 2144 1153 2203 et
1171 2138 1327 2203 Beatricis
1351 2138 1413 2203 fuit
1436 2136 1529 2204 nobis

195 2245 358 2311 humiliter
379 2244 605 2330 supplicatum,
629 2252 665 2309 ut
681 2264 752 2309 cnm
777 2243 957 2311 huiusmodi
982 2245 1102 2310 facturn
1126 2251 1201 2310 ante
1217 2244 1376 2311 occultum
1401 2245 1529 2311 omnino

195 2354 360 2435 existeret,
396 2359 429 2417 et
456 2351 483 2418 si
517 2350 698 2418 huiusmodi
730 2352 913 2417 coniunctio
946 2352 1028 2417 inter
1061 2352 1148 2437 ipsos
1180 2373 1242 2416 non
1275 2338 1375 2435 lieret,
1412 2373 1530 2436 magna

195 2467 323 2544 strages
346 2466 379 2525 et
402 2458 557 2525 dissentio
581 2460 664 2524 inter
692 2457 798 2525 dictos
826 2465 978 2544 parentes
1001 2465 1033 2523 et
1057 2460 1312 2542 consanguineos
1335 2458 1435 2544 possit
1458 2479 1530 2543 gra·

195 2567 279 2631 viler
302 2566 449 2645 suboriri,
483 2564 653 2650 providere
681 2566 727 2632 eis
754 2586 850 2651 super
873 2565 935 2631 hoc
959 2563 1000 2630 de
1023 2572 1180 2651 oportune
1204 2564 1453 2651 dispensationis
1478 2566 1529 2631 be-

196 2673 311 2739 neflcio
335 2672 584 2740 misericorditer
607 2671 823 2758 dignaremur.
869 2673 938 2740 Nos
961 2672 1061 2755 igitur
1083 2723 1090 2736 .
1114 2722 1122 2737 .
1147 2722 1154 2738 .
1176 2672 1371 2738 fraternitati
1400 2677 1528 2738 tue...

195 2780 395 2858 mandamus,
432 2782 592 2864 quatinus,
628 2778 655 2846 si
679 2786 729 2846 est
752 2780 808 2861 ita,
844 2800 917 2845 cum
951 2778 1072 2845 eisdem
1097 2780 1280 2846 Hermanno
1309 2785 1342 2845 et
1370 2780 1528 2863 Beatrice,

197 2888 283 2972 quod
306 2886 537 2973 impedimento
561 2886 742 2953 huiusmodi
765 2906 967 2970 nequaquam
991 2887 1139 2953 obstante
1162 2888 1286 2972 possint
1309 2888 1446 2953 invicem
1467 2908 1531 2952 ma·

196 2996 380 3061 trimonium
403 2995 504 3060 libere
527 2993 717 3061 contrahere
740 3001 773 3059 et
796 2995 829 3059 in
852 3013 890 3059 eo
988 3012 1163 3078 remanere,
1186 2994 1380 3060 auctoritate
1403 3000 1531 3078 aposto·

196 3103 261 3169 lica
284 3102 473 3189 dispensare
496 3120 658 3187 procures.
705 3101 781 3167 Dat.
804 3102 900 3167 Arin.
916 3102 984 3167 1111
1001 3100 1045 3167 kl.
1070 3100 1206 3167 ianuarii
1230 3122 1259 3167 a.
1284 3099 1484 3167 duodecimo.

351 3226 422 3297 aeq.
441 3228 480 3281 ss
496 3224 521 3296 f.
540 3224 578 3281 91
594 3239 643 3279 nr.
662 3224 749 3279 sees.

306 3499 422 3568 13⁷1.
456 3503 542 3567 1327
567 3496 1016 3587 December29.11vipnon.

304 3643 465 3711 Iohannes
489 3642 588 3709 XXII
621 3643 754 3710 Alberto
785 3650 861 3709 nato
885 3644 1015 3709 Henrici
1046 3643 1087 3709 de
1110 3640 1416 3727 Langenboltbnsen
1446 3662 1532 3729 pres-

197 3754 303 3820 bitero
327 3750 438 3818 (tolon.
463 3750 548 3817 dioc.
582 3756 726 3817 reservat
759 3750 947 3817 beneficium
981 3750 1234 3816 ecclesiasticum
1269 3770 1341 3816 cnm
1374 3771 1451 3816 eura
1480 3752 1531 3817 vel

197 3862 268 3928 sinc
303 3880 381 3926 eura
416 3866 601 3925 consuetum
630 3858 671 3923 ab
700 3858 775 3923 olim
808 3858 925 3923 clerico
958 3857 1155 3923 secularibus
1177 3857 1347 3940 assignari,
1381 3864 1532 3942 spectans

199 3967 410 4033 communiter
433 3965 485 4031 vel
518 3964 645 4031 divisim
680 3962 722 4029 ad
756 3963 999 4049 dispositionem
1033 3963 1197 4029 abbatisse
1227 3970 1259 4028 et
1288 3963 1420 4049 capituli
1444 3984 1532 4031 seen·

199 4075 277 4142 laris
311 4074 372 4141 SS.
401 4072 559 4140 Undecinr
595 4072 715 4137 milium
752 4071 910 4155 virginum
936 4070 1059 4152 (tolon,
1095 4069 1185 4137 euius
1220 4069 1349 4153 quidem
1384 4071 1530 4137 beneficii

199 4183 335 4262 fruetus,
368 4181 396 4247 si
419 4188 575 4257 curatum,
609 4178 734 4262 viginti,
767 4176 794 4243 si
819 4198 895 4242 vero
919 4178 987 4242 sine
1011 4197 1088 4243 cura
1111 4176 1218 4259 luerit,
1243 4175 1427 4260 quindecim
1450 4197 1530 4244 mar·

200 4290 334 4356 charum
357 4289 484 4372 argenti
506 4308 533 4353 s.
550 4294 574 4352 t.
590 4285 623 4351 d.
646 4286 786 4352 valorem
810 4305 948 4351 annuum
971 4305 1034 4350 nou
1059 4283 1228 4351 excedant.
1510 4274 1513 4283 ’

308 4394 360 4461 Ad
393 4394 517 4462 illorum
550 4394 796 4479 provisionem.
823 4441 863 4458 ..
929 4392 1005 4458 Dat.
1035 4392 1128 4459 Arin.
1159 4392 1226 4457 IlII
1259 4390 1304 4457 kl.
1337 4389 1472 4457 ianuarii
1501 4412 1530 4457 a.

200 4502 401 4572 duodecimo.

308 4612 346 4676 ln
370 4631 398 4676 e.
415 4631 457 4675 m.
480 4610 515 4676 S.
531 4608 659 4675 Martini
684 4616 717 4674 et
740 4606 774 4673 S.
783 4605 990 4672 Pantaleonis
1014 4607 1274 4672 monasteriorum
1299 4606 1409 4672 Gelon.
1434 4606 1531 4673 abba·

201 4722 287 4787 tibus
309 4738 350 4785 ac
373 4718 543 4785 Ambrosio
567 4715 608 4782 de
631 4714 829 4801 Lamayrola
851 4712 1006 4780 canonico
1032 4713 1273 4780 Mediolanensi.

362 4824 434 4896 Rep.
454 4826 492 4878 86
510 4824 535 4897 f.
555 4822 623 4878 228¹
642 4838 689 4876 nr.
709 4823 790 4876 1595.
