3642 5509
748 462 817 518 1329
836 461 956 518 Januar
973 461 1019 518 28.
1494 461 1547 517 20⁶

214 642 402 707 canouIcum
427 641 647 726 Maguntinum
680 661 721 708 ex
754 649 846 728 parte
870 642 1001 707 Henrici
1026 641 1119 707 electi
1145 642 1324 725 Magantini
1352 642 1547 727 postulatum

214 751 311 813 mittit
334 768 392 833 per
415 750 631 815 Hermaunum
657 748 698 815 de
715 749 858 815 llunreal
882 755 915 814 et
940 749 1112 839 Henricum
1136 747 1256 814 dictum
1280 748 1321 814 de
1347 749 1546 835 Dollindorp,

212 855 419 938 mandatque,
444 863 602 939 quatenus
625 855 657 922 id
684 857 822 922 Henrico
847 855 992 941 predIcto
1015 856 1183 939 assignare
1206 863 1239 920 et
1260 856 1301 921 ab
1326 855 1438 921 codem
1462 877 1547 941 pape

213 970 247 1028 et
279 963 416 1029 ecclesie
451 963 595 1029 Romane
630 963 757 1029 nomine
792 962 958 1028 fidelitatis
991 962 1119 1028 solitum
1154 964 1363 1028 luramentum
1402 965 1547 1048 recipere

214 1078 336 1136 curent.

321 1176 400 1242 Cum
424 1177 565 1263 palleum
588 1178 739 1261 insigne.
765 1225 773 1242 .
799 1225 807 1242 .
854 1179 929 1242 Dat.
955 1177 1051 1242 Avin.
1075 1177 1108 1241 X
1131 1176 1176 1242 kl.
1201 1177 1356 1243 februarii
1380 1199 1409 1242 a.
1434 1179 1547 1244 tercio-

213 1282 350 1349 decimo.

377 1408 449 1477 neq.
468 1410 506 1463 89
523 1407 547 1478 f.
567 1407 625 1462 262
641 1423 689 1462 nr.
709 1409 766 1461 681
773 1423 785 1474 ,·
805 1407 856 1463 Ita.
877 1407 962 1461 1123.

221 1751 225 1760 .
320 1678 443 1744 loca.
470 1680 557 1744 1329
580 1681 720 1745 Jurraar
742 1682 796 1745 23.
822 1678 988 1766 Auiprroa.

320 1819 481 1886 Iohannes
510 1821 608 1886 XXII
643 1821 782 1888 Henrico
815 1823 919 1888 electo
952 1823 1140 1906 Magantino
1173 1821 1323 1888 concedit
1355 1822 1546 1889 facultatem

212 1933 280 1993 tarn
314 1948 371 2013 pro
404 1928 469 1993 suis
501 1929 693 1994 necessariis
726 1927 875 2014 expensis
903 1948 999 2011 quam
1027 1929 1166 1996 ecclesie
1189 1929 1376 2014 Magantine
1400 1931 1491 1995 bonis
1515 1936 1548 1995 et

213 2033 336 2101 iuribus
368 2032 599 2119 recuperandis
622 2041 655 2100 ct
679 2035 800 2100 utiliter
827 2034 1054 2120 promovendis
1082 2037 1221 2120 negotiis
1249 2034 1459 2102 contrahendi
1482 2056 1547 2102 mu·

213 2147 302 2206 tuum
324 2161 425 2223 usque
448 2141 490 2206 ad
514 2161 669 2207 summam
694 2143 834 2225 quinque
857 2141 978 2206 milium
1001 2141 1202 2209 florenorum.

321 2247 399 2313 (lum
424 2249 507 2313 sicut
531 2268 571 2314 ex
595 2243 687 2332 parte
710 2254 767 2313 tua
795 2295 854 2312 ...
909 2249 984 2313 Dat.
1008 2248 1103 2314 Avin.
1127 2249 1160 2313 X
1184 2249 1229 2314 kl.
1253 2249 1407 2315 februarii
1430 2270 1460 2314 a.
1486 2256 1547 2314 ter·

214 2353 398 2421 tiodecimo.

373 2478 446 2549 Bcp.
466 2476 544 2547 892⁶.
566 2477 633 2533 270⁴
655 2493 703 2532 nr.
724 2478 786 2533 701,

320 2755 445 2823 1604.
471 2757 558 2821 1329
581 2758 721 2823 Jaauar
742 2759 797 2822 24.
825 2755 991 2845 Aoipaoo.

320 2897 481 2965 Iohannes
504 2899 604 2965 XXII
632 2898 810 2968 extendens
833 2902 1082 2968 reservationem
1106 2922 1190 2968 anno
1214 2902 1402 2989 precedenti
1425 2905 1546 2972 tactam

214 3003 326 3094 (Gonf.
350 3026 403 3071 ar.
428 3007 529 3088 1435)
562 3005 604 3072 de
635 3027 719 3074 novo
753 3013 896 3074 reservat
929 3028 1056 3074 camere
1090 3010 1268 3094 apostolice
1299 3011 1423 3079 tructus
1455 3015 1548 3080 unlus

213 3113 289 3178 anni
317 3113 456 3179 omnium
483 3112 708 3179 beneficiorum
744 3113 1036 3181 ecclesiasticorum
1072 3135 1144 3182 cum
1176 3135 1255 3183 cura
1281 3118 1333 3183 vel
1365 3120 1435 3184 sinc
1458 3139 1545 3204 cura,

214 3219 311 3285 etiam
345 3217 538 3303 dignitatum
570 3226 797 3304 personatuum
821 3227 854 3286 et
882 3219 1059 3287 officiorum
1092 3222 1381 3289 ecclesiasticorum
1413 3245 1547 3308 quorum

214 3325 303 3409 libet,
332 3332 551 3410 exemptarum
581 3331 614 3390 et
642 3346 704 3392 non
729 3333 960 3412 exemptarum,
996 3347 1059 3411 que
1082 3348 1140 3412 per
1163 3336 1264 3396 totum
1288 3351 1405 3396 annum
1428 3352 1458 3398 a.
1483 3331 1546 3399 XV

212 3430 258 3496 kl.
293 3431 400 3498 martii
433 3433 579 3517 proximo
612 3432 711 3499 futuri
751 3454 852 3518 usque
881 3432 925 3500 ad
960 3455 1057 3501 unum
1091 3457 1209 3503 annum
1244 3445 1363 3504 extunc
1397 3438 1546 3505 continue

212 3539 443 3625 completurum
477 3539 563 3625 apud
596 3540 706 3607 sedem
739 3542 949 3627 apostolicam
978 3543 1029 3611 rol
1058 3543 1134 3609 alibi
1164 3564 1205 3611 ex
1233 3545 1376 3628 generali
1401 3546 1452 3612 vel
1474 3565 1546 3632 spe·

212 3646 287 3713 ciali
322 3646 540 3713 reservatione
578 3654 634 3712 aut
669 3648 750 3715 alias
789 3648 831 3715 ad
867 3669 958 3716 suam
996 3648 1239 3735 dispositionem
1276 3652 1457 3738 spectantia
1492 3674 1546 3719 va·

212 3774 288 3820 care
319 3753 501 3838 contigerit,
546 3754 693 3821 ecclesiis
737 3754 977 3822 cathedralibus
1018 3764 1052 3823 et
1092 3758 1232 3825 abbatiis
1271 3759 1472 3843 regularibus
1507 3781 1547 3827 ac

211 3859 389 3945 beneficiis,
418 3879 481 3944 que
504 3859 591 3926 dicto
615 3881 699 3928 anno
723 3882 764 3928 ex
788 3882 886 3930 causa
909 3864 1154 3949 permutationis
1181 3867 1353 3950 vacabunt,
1377 3865 1547 3932 dumtaxat

212 3969 370 4054 exceptis.

320 4073 372 4141 Ad
397 4074 536 4141 futuram
560 4075 607 4142 rei
628 4077 823 4143 memoriam.
849 4077 1002 4145 (trevium
1019 4084 1052 4144 et
1067 4077 1318 4165 importabilium
1333 4099 1546 4166 expensarum

321 4183 398 4248 Dat.
422 4181 518 4249 Avia.
543 4182 640 4249 VHII
662 4183 709 4253 kl.
734 4183 886 4249 februarIi
910 4205 940 4251 a.
965 4185 1197 4253 tertiodecimo.

374 4313 446 4384 Bep.
468 4316 520 4368 115
538 4327 586 4383 pa.
605 4314 625 4367 I
639 4313 663 4384 f.
684 4313 731 4369 79¹
749 4329 797 4369 nr.
817 4317 881 4370 474.

318 4575 439 4643 1606.
465 4579 552 4642 1329
575 4579 714 4644 Joaaur
736 4581 790 4646 24.
815 4577 983 4668 Auipnoa.

321 4717 492 4804 [lohannes
515 4719 627 4805 XXII]
650 4719 809 4788 Willclmo
834 4721 942 4789 comiti
966 4723 1148 4790 Iuliocensi.

319 4826 437 4912 Ingens
453 4834 486 4893 et
501 4828 628 4894 sincera
644 4825 774 4894 devotio
789 4879 795 4893 .
812 4877 842 4895 ..
866 4828 953 4896 Sane
976 4830 1090 4915 petitio
1114 4837 1169 4896 tua
1192 4833 1285 4901 uobis
1308 4834 1453 4902 exhibita
1468 4854 1544 4904 con-
