3642 5509
222 415 276 472 262
744 415 815 474 1329
839 412 1016 488 September
1036 413 1060 471 2.

223 597 308 683 quod
334 597 553 664 Theodericus
583 599 613 662 in
645 598 677 662 S.
708 597 836 662 Andron
860 598 971 663 Gelon.
1006 619 1045 663 ae
1077 599 1108 662 in
1143 597 1303 664 Bonnensi
1329 605 1361 664 et
1385 596 1561 664 Zestirensi

224 707 449 793 (Zeflicense‘l)
473 705 584 771 Coloe.
602 705 685 771 dioc.
716 705 863 772 eeclesiis
887 706 1097 772 canonicatus
1121 711 1154 770 et
1177 704 1359 790 prebendas
1383 705 1505 771 obtinet
1528 714 1561 772 et

224 813 310 898 quod
334 813 557 878 canonicatum
582 812 615 877 in
639 813 717 878 ecel.
743 813 931 878 monasterii
948 814 985 878 B.
1002 813 1104 879 Maria
1127 813 1160 878 10
1178 812 1340 899 Capitolio
1357 812 1469 879 Colon.
1491 813 1560 879 ord.

224 922 257 988 S.
275 919 443 987 Benedicti
467 920 525 986 sub
549 921 774 1005 expectatione
798 919 962 1006 prebende
985 920 1115 986 solitum
1141 920 1269 986 clericis
1292 919 1490 987 secularibus
1513 941 1561 987 as-

224 1030 345 1112 signari
368 1049 408 1094 ac
431 1027 619 1095 beneficium
643 1027 896 1094 ecclesiasticum
928 1039 1000 1094 cum
1031 1048 1108 1094 cura
1132 1027 1183 1094 vel
1206 1029 1275 1093 sinc
1300 1047 1377 1093 0000
1400 1027 1443 1092 01
1467 1028 1560 1094 colla·

224 1138 343 1203 tionem
366 1136 529 1202 abbatisse
554 1143 586 1201 et
610 1142 785 1202 conventus
809 1135 888 1200 dieti
912 1134 1097 1202 monasterii
1122 1135 1332 1202 communiter
1356 1136 1408 1200 vel
1432 1134 1558 1201 divisim

224 1252 385 1331 spectans,
415 1241 1127 1310 01100001100000001011001001000010
1161 1243 1325 1309 canonicis
1358 1243 1392 1307 in
1422 1241 1561 1309 ecelesia

226 1353 306 1418 dicti
330 1351 513 1419 monasterii
538 1350 745 1437 prebendatis
769 1351 935 1434 debeatur,
959 1357 1112 1437 expectat
1133 1371 1172 1416 ac
1193 1349 1280 1435 quod
1303 1369 1399 1436 super
1422 1349 1562 1417 ecclesia

225 1461 259 1526 in
282 1460 471 1525 Bacharaco
495 1457 627 1524 Trever.
652 1457 736 1524 dice.
759 1459 877 1543 litigat.

332 1565 427 1633 Sedis
450 1565 628 1651 apostolice
652 1566 857 1650 providentia
885 1615 892 1632 .
923 1616 931 1631 .
961 1615 968 1631 .
1024 1566 1101 1632 Dat.
1125 1565 1221 1632 Avin.
1245 1565 1291 1631 kl.
1315 1565 1506 1651 septembris
1529 1586 1559 1632 0.

227 1673 458 1740 tertiodecimo.

331 1781 369 1846 10
397 1800 424 1848 0.
453 1801 494 1845 0.
529 1783 694 1866 000000110
724 1781 757 1847 S.
782 1781 929 1847 Severini
958 1779 1068 1847 colon.
1102 1786 1135 1846 et
1166 1780 1337 1847 scolastico
1370 1781 1404 1848 S.
1429 1780 1560 1848 Andree

225 1888 468 1954 wormatiensis
500 1908 539 1953 ac
571 1888 741 1954 Ambrosio
775 1887 815 1954 de
845 1887 1041 1974 Lamayrola
1074 1889 1229 1954 canonice
1262 1886 1433 1954 Mediolan.
1459 1887 1560 1954 eccle·

226 2016 354 2062 ararum.

373 2123 446 2192 Ray.
466 2122 544 2193 921⁰.
565 2123 626 2179 128
645 2137 691 2177 nr.
712 2123 797 2177 3159.

332 2391 453 2459 1758.
481 2396 568 2460 1329
593 2395 786 2481 September
810 2398 841 2460 2.
875 2393 1041 2481 Acipnoo.

333 2539 501 2605 Iohannes
527 2539 635 2604 XXII
661 2538 809 2624 10001100
832 2541 1060 2624 1010100011αο
1078 2540 1332 2626 porripcntibas
1357 2561 1479 2605 aranas
1502 2541 1560 2604 ad·

225 2645 363 2712 intrices
386 2648 432 2712 nd
455 2649 773 2713 consummationem
797 2648 932 2713 ecclesie
957 2649 1169 2713 Xancteasis.

327 2770 497 2855 [Iohannes
524 2771 635 2856 XXII]
669 2771 826 2838 universis
851 2771 970 2838 Christi
1000 2770 1148 2838 fidelibus
1178 2779 1343 2858 presentes
1366 2771 1491 2840 litteras
1514 2773 1560 2837 in·

225 2879 395 2963 spectaris.

332 2985 471 3070 Dignum
496 2992 529 3052 01
553 2988 746 3053 0000001000
769 3035 776 3051 .
796 3036 828 3051 ..
858 2985 945 3052 Sane
968 2986 1079 3054 dilecti
1103 2986 1159 3052 lilii
1189 3034 1221 3052 ..
1252 2986 1395 3053 decanus
1418 2993 1451 3052 01
1474 2988 1560 3071 0001-

224 3090 323 3156 10100
348 3094 483 3160 ecclesie
507 3094 701 3160 Xanetensis
725 3093 835 3159 Gelon.
865 3092 949 3159 dice.
979 3114 1038 3160 sna
1065 3095 1158 3159 nobis
1181 3093 1301 3160 devota
1324 3095 1560 3179 supplicatione

224 3206 449 3284 monstrarunt,
480 3200 565 3285 qnod
595 3201 723 3286 prefata
754 3221 862 3266 eorum
896 3201 1034 3268 ecclesia
1064 3201 1236 3267 casualiter
1259 3202 1322 3267 fuit
1345 3201 1463 3267 abolim
1487 3221 1559 3266 cnm

224 3307 332 3372 multis
364 3308 513 3392 pretiosis
546 3309 740 3374 ornamentis
773 3308 862 3374 libris
890 3314 924 3373 et
953 3308 1047 3373 rebus
1070 3309 1143 3374 aliis
1167 3307 1210 3373 ad
1234 3309 1353 3374 cultum
1377 3308 1479 3374 divini
1503 3329 1556 3373 no-

223 3414 316 3479 minis
349 3413 511 3501 dcputatis
543 3435 668 3482 necnon
702 3415 878 3501 privilegiis
912 3414 1056 3499 pluribus
1086 3417 1118 3480 in
1143 3414 1232 3482 dieta
1255 3416 1394 3483 00010010
1417 3415 1556 3482 existen·

224 3519 310 3586 tibus
333 3527 545 3600 concremata,
575 3533 607 3588 et
631 3521 717 3605 quod
740 3523 802 3607 ipsi
827 3521 963 3587 eandem
988 3522 1160 3589 ecclesiam
1185 3521 1227 3587 de
1249 3542 1333 3588 novo
1356 3521 1559 3607 postmodnm

224 3626 507 3694 fundamentaliter
535 3628 722 3695 reedificare
746 3651 785 3694 ae
809 3630 950 3694 construi
974 3628 1084 3694 facere
1113 3630 1302 3714 inceperunt
1325 3636 1358 3694 et
1381 3631 1414 3693 in
1437 3628 1560 3695 reedifi-

225 3737 353 3800 catione
377 3742 409 3800 et
433 3738 668 3802 constructione
693 3735 874 3802 huiusmodi
898 3736 1073 3802 secundnm
1100 3737 1271 3803 facultates
1295 3738 1435 3822 ipsorum
1458 3758 1479 3801 a
1493 3737 1560 3822 pln-

224 3841 312 3907 ribus
336 3843 427 3908 annis
451 3844 532 3909 citra
556 3851 604 3909 est
627 3863 686 3929 pro
713 3863 832 3926 magna
856 3850 949 3928 00010
973 3864 1171 3928 processum,
1206 3843 1354 3926 quodque
1378 3864 1458 3928 opus
1481 3842 1560 3908 illnd

226 3947 308 4014 adeo
343 3955 561 4034 sumptuosum
598 3951 718 4033 existit,
755 3949 840 4033 quod
877 3948 920 4016 ad
956 3951 1230 4017 consumationem
1262 3953 1372 4037 ipsius,
1408 3952 1469 4017 nisi
1505 3972 1561 4036 per

226 4061 383 4140 oportuna
406 4055 545 4122 fidelium
574 4057 729 4141 suffragia
757 4057 966 4123 subveniatur
995 4056 1129 4130 eisdem,
1154 4059 1281 4143 proprie
1304 4059 1365 4124 sibi
1394 4079 1457 4124 nen
1480 4057 1562 4124 suffi-

227 4164 314 4228 ciunt
337 4162 518 4230 facultates.
563 4165 631 4232 Nos
654 4165 803 4248 igitur..
823 4165 1091 4231 ‚universitatem
1109 4172 1247 4230 vestram
1270 4185 1421 4249 rogamus
1437 4173 1470 4230 et
1490 4164 1559 4229 hor-

227 4277 330 4335 tamur
353 4271 386 4335 in
410 4269 538 4338 domino
561 4273 593 4336 10
622 4271 838 4338 remissionem
864 4272 956 4338 vobis
987 4272 1205 4356 peccaminum
1233 4273 1448 4356 iniungentes,
1485 4292 1559 4355 qua·

227 4377 312 4443 tinus
344 4376 548 4444 attendentes
581 4377 726 4463 provide,
764 4377 849 4462 quod
883 4379 967 4443 inter
995 4378 1184 4445 holocausta
1210 4380 1361 4444 virtutum
1390 4378 1469 4444 illud
1499 4378 1560 4444 deo

226 4485 459 4569 acceptabilius
481 4484 638 4569 redditur,
669 4485 754 4569 qnod
779 4485 820 4552 de
843 4485 1043 4571 pinguedine
1066 4486 1212 4552 caritatis
1236 4486 1379 4569 offertur,
1404 4486 1445 4551 de
1469 4486 1561 4553 bonis

228 4613 247 4656 a
272 4590 332 4656 deo
356 4593 447 4658 vobis
470 4593 596 4660 collatis
627 4593 723 4661 dictis
755 4593 878 4659 decano
903 4595 1100 4678 0100011010
1125 4592 1347 4677 0100011000
1372 4593 1561 4659 elemosinas

228 4704 261 4764 et
283 4705 378 4781 grata
402 4699 545 4766 caritatis
569 4700 711 4766 subsidia
736 4702 886 4784 erogetis,
912 4708 946 4766 ut
970 4721 1028 4786 per
1050 4700 1293 4766 subventionem
1319 4707 1457 4767 vestram
1482 4720 1561 4785 opus

228 4804 306 4870 illud
340 4806 447 4873 valcat
480 4807 618 4874 feliciter
650 4811 829 4874 consumari
858 4857 864 4872 .
893 4858 899 4872 .
928 4857 935 4871 .
982 4808 1051 4876 Nos
1081 4807 1166 4873 enim
1190 4807 1231 4873 de
1255 4809 1483 4893 omnipotentis
1506 4807 1560 4874 dei
