3642 5509
316 424 370 495 388
830 431 901 493 1330
920 424 1091 494 December
1111 432 1157 492 ts.

287 594 292 603 ’
422 618 546 686 1999.
573 620 866 684 1999919919
891 621 943 684 19.
980 617 1142 705 199119.

424 761 584 827 19199999
600 761 702 826 XXII
724 761 865 826 Henrico
889 760 931 826 de
947 759 1049 826 Cervo
1074 760 1199 828 confert
1222 762 1358 828 ecclesie
1382 761 1566 828 monasterii
1589 782 1655 827 rno-

315 870 447 936 nialium
472 870 505 935 S.
528 868 629 934 Marie
653 868 685 932 in
709 866 870 953 Capitolio
894 867 1005 933 Color.
1030 867 1099 933 ord.
1124 867 1157 934 S.
1182 867 1302 933 Bened.
1327 871 1561 952 canonicatum,
1585 890 1655 955 919-

316 975 456 1043 bendam
486 996 562 1042 vero
597 995 693 1042 unam
728 973 770 1040 de
797 975 971 1041 maioribus
1000 976 1032 1039 in
1056 974 1145 1040 dicta
1169 975 1247 1040 9991.
1272 974 1375 1041 eidem
1400 982 1554 1058 reservat,
1589 997 1654 1041 non

317 1085 467 1150 obstante
490 1080 577 1166 quod
600 1083 633 1148 in
656 1082 736 1148 9991.
760 1081 914 1148 8119119
938 1080 980 1148 ad
1004 1081 1124 1165 gradus
1142 1080 1253 1148 Colon.
1279 1084 1503 1149 canonicatum
1527 1090 1560 1148 91
1583 1103 1653 1167 919-

316 1189 454 1258 bendam
479 1209 519 1255 99
551 1190 672 1255 curiam
701 1189 734 1254 in
756 1188 958 1275 Poppilstorl
982 1188 1093 1255 Calon.
1118 1187 1203 1257 dioc.
1237 1196 1269 1255 et
1292 1189 1527 1275 parrochialem
1551 1191 1653 1255 eccle·

315 1300 397 1366 siam
419 1297 453 1363 S.
479 1297 609 1363 Martini
633 1296 744 1363 Oolon.
777 1297 902 1363 obtinet
935 1302 967 1362 et
999 1316 1096 1382 snper
1128 1296 1293 1383 prebenda
1317 1297 1452 1364 ecclesie
1476 1298 1654 1364 Bunnensis

317 1404 405 1472 dicte
429 1404 513 1471 dioc.
539 1404 656 1489 litigat.

425 1513 499 1579 Vite
522 1533 561 1579 99
585 1533 706 1579 morum
732 1511 903 1579 honestas.
921 1560 929 1576 .
949 1560 956 1577 .
981 1513 1058 1578 Dat.
1075 1513 1170 1578 Avin.
1186 1513 1249 1579 XV
1266 1513 1311 1580 kl.
1327 1514 1464 1580 ianuarii
1480 1535 1509 1579 a.
1527 1514 1653 1597 quinto-

316 1619 452 1687 decimo.

423 1728 461 1793 19
484 1747 513 1793 9.
536 1748 577 1792 m.
613 1727 776 1813 preposito
805 1726 840 1792 S.
867 1725 1014 1793 Severini
1044 1732 1077 1792 91
1105 1725 1229 1792 decano
1256 1727 1290 1794 S.
1316 1727 1446 1811 Georgii
1472 1726 1582 1794 Gelon.
1612 1747 1653 1793 99

317 1836 471 1920 magistro
507 1835 643 1905 Nicolao
679 1832 720 1900 de
754 1833 882 1899 Fractis
923 1833 1079 1900 canonico
1114 1834 1318 1900 Patracensis
1357 1835 1436 1902 9991.
1473 1835 1651 1900 litterarum

315 1940 565 2027 apostolicarum
589 1940 772 2007 correctori.

474 2066 548 2136 1199.
568 2064 647 2133 981.
668 2064 781 2119 191111.
802 2064 867 2118 407.

419 2336 548 2403 20110.
580 2339 668 2404 1330
689 2337 873 2404 December·
896 2337 951 2402 29.
976 2335 1141 2423 Avipaoa.

423 2482 592 2548 1911991199
605 2483 715 2546 XXII
734 2482 842 2546 tribas
866 2481 1271 2557 999991911119991999191,
1296 2480 1652 2566 999119991911919199

314 2590 527 2656 (1911199199
550 2592 729 2677 conseruat
746 2592 1004 2675 preposituram
1028 2589 1287 2654 11999919ήὶ19
1311 2587 1427 2674 Eiflla.

420 2737 720 2823 [19199999111111]
737 2738 771 2805 S.
784 2738 913 2803 Martini
935 2736 1235 2803 918.Ρ9919199919
1253 2737 1363 2804 Colca.
1385 2735 1650 2803 monasteriorum

311 2847 484 2913 abbatibus
506 2867 546 2913 ac
569 2845 724 2930 magistro
749 2845 869 2911 Iacobo
892 2843 935 2910 de
958 2844 1082 2910 Matina
1105 2845 1277 2912 scolastico
1308 2845 1387 2910 9991.
1412 2844 1573 2910 Tullensis
1597 2864 1650 2909 99-

311 2953 439 3039 9911999
463 2958 583 3021 999119.

418 3060 579 3130 Nobilitas
594 3063 730 3146 generis,
749 3057 816 3125 1119
832 3080 871 3125 99
888 3080 1010 3126 morum
1028 3060 1181 3126 honestas
1197 3059 1325 3142 aliaque
1341 3057 1517 3125 laudabilia
1532 3059 1650 3125 merita

311 3167 492 3254 probitatis,
516 3188 612 3253 super
636 3167 751 3252 quibus
775 3165 861 3252 apud
885 3187 945 3232 nos
968 3165 1105 3232 dilectus
1129 3165 1212 3231 tilius
1233 3165 1419 3233 Ludoricus
1442 3164 1484 3231 de
1500 3163 1650 3230 Vianden

310 3277 485 3343 canonicus
508 3275 646 3342 99919919
670 3273 888 3340 Traiectensis
913 3271 1075 3358 fidedigno
1100 3272 1340 3338 commendatur
1363 3273 1555 3355 testimonio,
1588 3291 1649 3338 nos

311 3382 475 3465 inducunt,
499 3389 535 3447 ut
557 3381 620 3447 sibi
636 3379 809 3445 reddamur
831 3380 865 3445 in
881 3379 1084 3446 exhibicione
1100 3381 1211 3463 gracie
1226 3379 1384 3447 liberales.
1424 3379 1510 3446 8999
1525 3377 1648 3464 9911919

311 3511 368 3577 919
401 3496 494 3575 99119
524 3485 666 3553 eiusdem
700 3486 869 3553 Ludowioi
897 3487 991 3552 nobis
1021 3487 1166 3553 exhibita
1197 3486 1392 3569 continebat,
1429 3485 1515 3570 quod
1544 3505 1648 3571 nuper

311 3597 513 3683 prepositura
535 3593 672 3660 ecclesie
695 3593 881 3661 Monasterii
915 3594 947 3658 in
971 3592 1079 3678 Eydia
1103 3592 1212 3659 Oolon.
1246 3593 1329 3660 dioc.
1363 3595 1432 3660 sine
1465 3613 1541 3659 cura
1573 3601 1649 3678 post

309 3703 430 3769 obitum
454 3699 614 3784 quondam
639 3698 796 3765 Everardi
820 3698 861 3765 de
885 3700 1059 3784 Toneborg
1082 3700 1156 3765 olim
1187 3701 1287 3784 ipsius
1315 3701 1450 3768 ecclesie
1479 3701 1646 3785 prepositi,

309 3810 364 3893 qui
388 3815 532 3893 tempore
555 3805 605 3872 sui
629 3806 735 3873 obitus
759 3810 889 3889 verus2)
915 3806 1058 3872 eiusdem
1083 3806 1218 3872 ecclesie
1242 3808 1423 3892 prepositus
1443 3805 1647 3888 credebatur,

312 3921 450 3983 vacante
474 3913 585 3980 dilecti
609 3913 666 3978 filii
690 3915 945 3999 capitulum...
992 3913 1189 3979 Walramnm
1223 3913 1264 3980 de
1293 3914 1417 3980 luliaco
1450 3914 1648 3999 prepositum

310 4023 448 4089 ecclesie
472 4019 662 4087 Leodiensis
696 4021 898 4105 capellanum
930 4027 1073 4086 nostrum
1107 4020 1139 4085 in
1173 4022 1394 4107 prepositum.
1412 4070 1420 4087 .
1438 4069 1445 4084 .
1463 4021 1646 4106 elegerunt,

307 4128 457 4214 quodque
481 4148 521 4193 ex
545 4147 595 4209 99,
620 4125 706 4210 qnod
731 4126 820 4193 dicta
835 4129 1038 4212 prepositura
1061 4148 1125 4193 non
1148 4147 1205 4213 per
1221 4128 1321 4213 ipsius
1338 4127 1495 4194 Everardi
1511 4128 1645 4212 obitum,

306 4234 365 4304 sed
389 4256 446 4321 per
469 4235 728 4300 constitutionem
754 4241 907 4317 nostram,
932 4254 993 4317 que
1016 4235 1146 4320 incipit:
1176 4235 1389 4312 Execrabilis,
1413 4255 1472 4320 pro
1496 4255 1534 4301 99
1559 4233 1648 4318 quod

308 4343 378 4429 ipse
400 4340 585 4408 Everardus
618 4343 852 4426 preposituram
876 4341 980 4427 ipsam
1004 4361 1068 4406 una
1092 4361 1162 4407 9919
1197 4341 1385 4424 quibusdam
1419 4341 1492 4408 aliis
1524 4343 1647 4409 curatis

306 4449 471 4516 beneficiis
500 4449 622 4532 absque
650 4446 896 4533 dispensacione
920 4448 1065 4531 legitima
1098 4467 1198 4531 usque
1231 4447 1273 4515 ad
1298 4454 1423 4535 tempus
1455 4451 1504 4515 991
1538 4449 1647 4514 obitus

306 4555 419 4639 tenuit,
453 4575 571 4622 199919
604 4555 765 4639 999911191,
801 4575 862 4621 999
898 4555 1023 4620 curavit
1058 4555 1208 4621 electioni
1241 4554 1422 4622 huiusmodi
1451 4557 1643 4622 consentire.

306 4665 374 4734 Nos
396 4663 495 4747 igitur
513 4711 520 4727 .
539 4712 547 4728 .
566 4710 573 4727 .
591 4661 778 4729 discretioni
794 4669 901 4729 199119
919 4711 926 4726 .
944 4709 951 4724 .
972 4711 978 4726 .
997 4661 1194 4747 mandamus,
1219 4664 1369 4746 quatinus
1387 4713 1394 4729 .
1413 4713 1420 4729 .
1438 4712 1445 4728 .
1463 4663 1647 4749 predictam

405 4822 437 4892 a)
455 4837 557 4878 merus
576 4820 611 4876 in
629 4819 772 4894 capistra.
