3642 5509
742 460 809 521 1827
829 460 960 522 October
979 458 1004 519 6.
1510 458 1544 523 ai

311 645 488 711 Probitatis
511 652 566 710 tue
590 645 703 711 merita
727 695 735 711 .
761 694 768 712 .
794 695 802 711 .
838 646 914 712 Dat.
943 646 1036 711 Avin.
1062 646 1095 712 11
1118 666 1219 713 nonas
1247 647 1386 712 octobris
1413 668 1442 713 a.
1467 645 1544 713 duo-

208 752 346 819 decimo.
1094 734 1098 742 ’

313 861 351 926 In
375 882 403 927 e.
420 882 461 930 m.
485 861 649 946 preposito
674 861 707 927 S.
725 861 826 926 Mario
842 859 884 926 ad
900 859 1022 945 gradus
1034 860 1145 927 Goion.
1169 867 1202 927 et
1226 860 1348 928 decano
1365 859 1406 927 de
1422 861 1545 927 Monte-

207 968 347 1034 faicouis
369 969 537 1035 Remensis
561 968 646 1034 dioc.
671 988 711 1034 ac
734 968 908 1035 Ambrosio
936 968 979 1035 de
1002 968 1185 1035 Mediolano
1214 970 1368 1035 canonico
1392 967 1545 1035 Mediola-

208 1077 316 1143 nensis
340 1076 559 1142 eeclesiarum.

374 1182 446 1253 Ray.
462 1184 501 1236 86
518 1182 543 1253 f.
562 1184 601 1237 38
618 1198 666 1237 ar.
687 1184 770 1237 1105.

313 1469 435 1535 1299.
476 1471 562 1536 1327
586 1471 725 1537 October
748 1474 781 1536 d.
817 1468 982 1557 Aoipnon.

316 1613 488 1698 [Iohannes
500 1612 611 1697 XXII]
636 1612 777 1678 Henrico
801 1612 889 1678 dicto
911 1612 953 1678 de
970 1612 1205 1697 Gemiuoponte
1228 1613 1384 1679 canonico
1408 1613 1544 1681 ecclesie

302 1741 342 1786 en
391 1770 398 1786 .

208 1722 302 1787 Bm
315 1741 509 1913 Msulftiplieia
532 1831 586 1891 tue
609 1823 725 1890 merita
751 1872 811 1889 ...
844 1824 924 1890 Cum
948 1824 1058 1907 itaque
1081 1844 1238 1910 nuper..
1265 1824 1405 1890 Hernico
1429 1822 1471 1890 de
1494 1825 1544 1890 Iu-

208 1936 293 2001 liaeo
316 1934 481 2020 preposito
506 1931 644 1999 ecclesie
664 1932 699 2000 S.
717 1931 819 1998 Marie
843 1931 885 1996 ad
908 1931 1030 2016 gradus
1054 1931 1253 1999 Coloniensis
1277 1930 1318 1997 de
1340 1932 1544 2018 prepositura

208 2044 310 2128 ipsius
334 2043 472 2108 ecclesie
496 2060 568 2106 cum
592 2040 784 2105 canonicatu
812 2046 844 2104 et
874 2038 1040 2124 prebenda
1063 2040 1124 2105 sibi
1149 2040 1282 2105 annexis
1306 2047 1381 2105 tunc
1404 2041 1545 2105 vacanti·

209 2149 269 2215 bus
286 2196 293 2211 .
313 2199 321 2215 .
339 2198 348 2213 .
364 2148 624 2215 mandaverimus
648 2146 809 2231 provideri
834 2153 866 2212 et
889 2167 948 2231 per
971 2146 1186 2231 provisionem
1210 2146 1392 2213 huiusmodi
1415 2148 1543 2213 canoni-

210 2267 300 2323 catus
324 2263 358 2323 et
380 2255 555 2342 prebenda,
580 2274 660 2338 quos
683 2242 769 2319 idem
794 2254 952 2320 Henricus
976 2261 1050 2319 ante
1075 2255 1287 2339 provisionem
1308 2252 1487 2339 predictam
1510 2253 1544 2319 in

210 2364 298 2430 diota
322 2363 459 2429 ecelesia
483 2363 660 2445 obtinebat,
694 2362 778 2427 sicut
801 2360 908 2426 adbuc
932 2362 1066 2445 obtinet,
1097 2362 1170 2445 sint,
1196 2382 1290 2444 quam
1314 2362 1450 2446 primum
1473 2361 1543 2446 ipse

209 2466 297 2537 dict'e
320 2471 569 2557 prepositure..
588 2470 846 2554 ,possessionem
870 2468 1040 2554 pacificam
1064 2476 1230 2535 assecutus
1254 2468 1362 2552 fuerit,
1387 2468 1542 2552 vacaturi,

210 2599 267 2645 nos
293 2628 354 2645 ...
380 2578 485 2644 dictos
507 2578 627 2662 primos
651 2577 874 2642 canonicatum
898 2582 932 2641 et
955 2574 1164 2662 prebendam,
1201 2596 1271 2641 cum
1295 2575 1367 2641 illos
1390 2574 1543 2660 premisso

209 2687 261 2753 vel
284 2686 350 2753 alio
374 2704 574 2769 quocumque
598 2681 692 2750 modo
716 2690 920 2768 preterquam
944 2702 1002 2768 per
1023 2682 1125 2768 ipsius
1139 2684 1272 2749 Henrici
1289 2684 1409 2748 obitum
1427 2701 1544 2748 vacare

210 2794 391 2877 contigerit,
417 2790 629 2859 conferendos
646 2791 704 2857 tibi
722 2840 730 2855 .
749 2840 756 2855 .
775 2839 783 2856 .
800 2810 1023 2864 reservamus.
1041 2839 1048 2855 .
1067 2840 1075 2857 .
1092 2790 1394 2856 nonobstantibus.
1413 2838 1420 2854 .
1438 2789 1544 2873 .quod

209 2902 242 2966 in
274 2901 412 2966 ecclesia
443 2900 603 2965 Buunensi
628 2898 827 2964 Coloniensis
859 2896 999 2964 diocesia
1033 2898 1255 2964 canonicatum
1286 2903 1319 2963 et
1347 2896 1544 2982 prebendam

210 3009 335 3075 obtines
358 3027 397 3073 ac
422 3007 611 3073 beneficium
635 3005 889 3073 ecclesiasticum
918 3027 990 3072 cum
1020 3025 1097 3071 cura
1121 3005 1172 3071 vel
1196 3007 1265 3072 sine
1293 3025 1370 3071 cura
1393 3012 1544 3091 spectans

209 3115 252 3182 ad
275 3115 480 3181 collationem
503 3115 555 3180 vel
587 3113 857 3199 presentationem
884 3162 892 3179 .
924 3162 931 3178 .
959 3163 966 3179 .
995 3114 1153 3179 cellararii
1178 3111 1265 3179 dicte
1289 3113 1467 3178 Buunensis
1491 3132 1543 3178 ec·

210 3224 306 3289 clesie
331 3223 505 3287 autoritate
528 3222 708 3307 apostolica
729 3221 872 3287 nosceris
895 3228 1095 3307 expectare.
1116 3270 1148 3287 ..
1196 3221 1271 3285 Dat.
1300 3220 1395 3285 Avin.
1423 3219 1455 3284 II
1480 3240 1543 3286 non

209 3331 351 3396 octobris
373 3350 403 3395 a.
428 3326 630 3395 duodecimo.

316 3438 355 3501 In
377 3456 406 3503 e.
435 3457 477 3502 m.
501 3434 535 3502 S.
556 3435 702 3502 Severini
727 3443 760 3500 et
783 3434 816 3501 S.
839 3434 939 3501 Marie
963 3436 1006 3501 ad
1029 3435 1148 3520 gradus
1171 3434 1282 3502 Goion.
1306 3436 1478 3521 prepositis
1501 3456 1542 3502 ac

209 3545 334 3612 decano
357 3544 392 3610 S.
409 3544 543 3628 Georgii
566 3542 676 3610 (tolon.
701 3544 921 3610 ecclesiarum.

371 3669 446 3739 Καρ.
465 3668 504 3723 86
520 3666 545 3737 f.
564 3667 612 3722 64²
629 3682 677 3722 or.
695 3668 776 3722 1176.

316 3932 442 4002 1800.
473 3934 559 4000 1327
582 3932 722 4001 October
744 3938 776 3999 6.
810 3930 951 4021 Aotpao.

316 4078 477 4146 Iohannes
493 4078 592 4143 XXII
616 4077 726 4145 Ottoui
751 4077 792 4143 de
808 4078 973 4144 Herberen
997 4074 1122 4144 confert
1139 4076 1218 4145 eccl.
1237 4078 1412 4147 Buunensis
1430 4075 1541 4146 Colon.

210 4184 294 4253 dioc.
325 4188 550 4253 canonicatum
584 4192 617 4251 et
648 4183 846 4271 prebendam
881 4197 1034 4252 vacantes
1066 4208 1124 4273 per
1155 4186 1277 4253 obitum
1311 4188 1397 4253 Petri
1423 4187 1543 4253 Iudicis

209 4294 375 4380 scriptoris
402 4294 539 4380 papalis,
575 4294 630 4377 qui
662 4292 782 4359 dudum
815 4302 909 4359 extra
941 4293 1119 4359 Romanam
1153 4296 1273 4361 curiam
1311 4294 1396 4361 diem
1430 4296 1545 4362 clausit

210 4408 401 4483 extremum,
436 4421 498 4465 non
534 4402 683 4467 obstante
719 4399 804 4483 quod
839 4400 924 4466 idem
950 4399 1026 4467 Otto
1050 4400 1283 4487 parrochialem
1312 4403 1482 4469 ecclesiam
1511 4405 1544 4469 in

210 4506 320 4593 Sygen
344 4528 385 4574 ac
408 4508 632 4574 canonicatum
656 4509 715 4574 sub
739 4507 966 4593 expectatione
993 4506 1157 4593 prebende
1180 4510 1212 4573 in
1237 4508 1316 4574 ecel.
1341 4509 1374 4575 S.
1399 4510 1541 4577 Castoris

210 4616 242 4680 in
266 4614 466 4682 Continentia
488 4615 666 4699 Magantia.
690 4621 723 4681 et
747 4614 878 4681 Trever.
903 4614 987 4682 dioc.
1020 4634 1062 4680 ex
1092 4613 1331 4700 dispensatione
1360 4618 1540 4703 apostolica

210 4723 333 4789 obtinet
356 4721 506 4808 quodque
529 4742 625 4808 super
648 4722 839 4788 canonicatu
861 4729 893 4788 et
914 4722 1078 4808 prebenda
1101 4723 1179 4789 eccl.
1193 4723 1432 4793 Wetsiariensis
1456 4724 1541 4791 dicte

211 4828 340 4897 Trever.
358 4828 443 4898 dioc.
460 4829 567 4915 litigat
591 4836 647 4896 aut
670 4829 754 4913 quod
779 4828 944 4896 defectum
967 4830 1122 4897 natalium
1146 4832 1267 4916 patitur
1281 4830 1323 4899 de
1345 4831 1541 4899 subdiacono

245 4970 303 5019 vac
319 4968 493 5025 mil.
1330 4956 1348 5013 6
