<?xml version="1.0" encoding="UTF-8"?>
<!DOCTYPE html PUBLIC "-//W3C//DTD XHTML 1.0 Transitional//EN"
    "http://www.w3.org/TR/xhtml1/DTD/xhtml1-transitional.dtd">
<html xmlns="http://www.w3.org/1999/xhtml" xml:lang="en" lang="en">
 <head>
  <title>
</title>
<meta http-equiv="Content-Type" content="text/html;charset=utf-8" />
  <meta name='ocr-system' content='tesseract 3.04.00' />
  <meta name='ocr-capabilities' content='ocr_page ocr_carea ocr_par ocr_line ocrx_word'/>
</head>
<body>
  <div class='ocr_page' id='page_1' title='image "./urkundenundrege00thimgoog_0191.png"; bbox 0 0 3642 5509; ppageno 0'>
   <div class='ocr_carea' id='block_1_1' title="bbox 262 432 1039 493">
    <p class='ocr_par' dir='ltr' id='par_1_1' title="bbox 262 432 1039 493">
     <span class='ocr_line' id='line_1_1' title="bbox 262 432 1039 493; baseline -0.003 0"><span class='ocrx_word' id='word_1_1' title='bbox 262 434 315 493; x_wconf 74' lang='lat'><strong><em>162</em></strong></span> <span class='ocrx_word' id='word_1_2' title='bbox 812 435 884 491; x_wconf 79' lang='lat' dir='ltr'><strong><em>lara</em></strong></span> <span class='ocrx_word' id='word_1_3' title='bbox 900 432 976 491; x_wconf 79' lang='lat' dir='ltr'><strong><em>duni</em></strong></span> <span class='ocrx_word' id='word_1_4' title='bbox 995 432 1039 491; x_wconf 82' lang='grc'><strong>110.</strong></span> 
     </span>
    </p>
   </div>
   <div class='ocr_carea' id='block_1_2' title="bbox 368 614 989 704">
    <p class='ocr_par' dir='ltr' id='par_1_2' title="bbox 368 614 989 704">
     <span class='ocr_line' id='line_1_2' title="bbox 368 614 989 704; baseline -0.006 -19"><span class='ocrx_word' id='word_1_5' title='bbox 368 617 485 685; x_wconf 76' lang='lat' dir='ltr'><strong><em>luel.</em></strong></span> <span class='ocrx_word' id='word_1_6' title='bbox 518 618 605 682; x_wconf 84' lang='lat'><em>1328</em></span> <span class='ocrx_word' id='word_1_7' title='bbox 628 617 716 684; x_wconf 85' lang='lat' dir='ltr'><strong><em>Juui</em></strong></span> <span class='ocrx_word' id='word_1_8' title='bbox 737 618 793 681; x_wconf 84' lang='lat'><strong><em>30.</em></strong></span> <span class='ocrx_word' id='word_1_9' title='bbox 823 614 989 704; x_wconf 76' lang='lat' dir='ltr'><strong><em>Auipoon.</em></strong></span> 
     </span>
    </p>
   </div>
   <div class='ocr_carea' id='block_1_3' title="bbox 263 759 1594 1060">
    <p class='ocr_par' dir='ltr' id='par_1_3' title="bbox 263 759 1594 1060">
     <span class='ocr_line' id='line_1_3' title="bbox 366 759 1593 845; baseline -0.002 -19"><span class='ocrx_word' id='word_1_10' title='bbox 366 761 536 827; x_wconf 82' lang='lat' dir='ltr'><strong><em>Iohannes</em></strong></span> <span class='ocrx_word' id='word_1_11' title='bbox 557 761 669 825; x_wconf 86' lang='lat' dir='ltr'><em>XXII</em></span> <span class='ocrx_word' id='word_1_12' title='bbox 696 761 805 825; x_wconf 81' lang='lat' dir='ltr'><strong><em>tribus</em></strong></span> <span class='ocrx_word' id='word_1_13' title='bbox 828 760 1060 825; x_wconf 72' lang='lat' dir='ltr'><strong><em>executoribus</em></strong></span> <span class='ocrx_word' id='word_1_14' title='bbox 1083 760 1235 841; x_wconf 84' lang='lat' dir='ltr'><strong><em>maudut,</em></strong></span> <span class='ocrx_word' id='word_1_15' title='bbox 1264 759 1425 845; x_wconf 74' lang='lat' dir='ltr'><strong><em>quatinus</em></strong></span> <span class='ocrx_word' id='word_1_16' title='bbox 1448 759 1593 825; x_wconf 84' lang='lat' dir='ltr'><strong><em>Heurico</em></strong></span> 
     </span>
     <span class='ocr_line' id='line_1_4' title="bbox 263 865 1594 955; baseline -0.004 -19"><span class='ocrx_word' id='word_1_17' title='bbox 263 871 304 936; x_wconf 85' lang='lat' dir='ltr'><strong><em>de</em></strong></span> <span class='ocrx_word' id='word_1_18' title='bbox 332 870 520 955; x_wconf 77' lang='lat' dir='ltr'><strong><em>Virneburp</em></strong></span> <span class='ocrx_word' id='word_1_19' title='bbox 553 868 688 949; x_wconf 84' lang='lat' dir='ltr'><strong><em>(denuo)</em></strong></span> <span class='ocrx_word' id='word_1_20' title='bbox 721 868 951 933; x_wconf 77' lang='lat' dir='ltr'><em>commendent</em></span> <span class='ocrx_word' id='word_1_21' title='bbox 978 867 1205 951; x_wconf 78' lang='lat' dir='ltr'><strong><em>possidendus</em></strong></span> <span class='ocrx_word' id='word_1_22' title='bbox 1229 868 1465 954; x_wconf 82' lang='lat' dir='ltr'><strong><em>propositurus</em></strong></span> <span class='ocrx_word' id='word_1_23' title='bbox 1488 865 1594 932; x_wconf 79' lang='lat' dir='ltr'><strong><em>Susa·</em></strong></span> 
     </span>
     <span class='ocr_line' id='line_1_5' title="bbox 263 972 1074 1060; baseline -0.005 -18"><span class='ocrx_word' id='word_1_24' title='bbox 263 979 401 1043; x_wconf 83' lang='lat' dir='ltr'><strong><em>tieusem</em></strong></span> <span class='ocrx_word' id='word_1_25' title='bbox 425 982 456 1041; x_wconf 87' lang='lat' dir='ltr'><strong><em>et</em></strong></span> <span class='ocrx_word' id='word_1_26' title='bbox 480 975 542 1042; x_wconf 77' lang='lat' dir='ltr'><strong><em>SS.</em></strong></span> <span class='ocrx_word' id='word_1_27' title='bbox 567 973 810 1060; x_wconf 65' lang='lat' dir='ltr'><strong><em>Apostolorum</em></strong></span> <span class='ocrx_word' id='word_1_28' title='bbox 835 972 1074 1041; x_wconf 80' lang='lat' dir='ltr'><strong><em>Oobouicrrsem.</em></strong></span> 
     </span>
    </p>
   </div>
   <div class='ocr_carea' id='block_1_4' title="bbox 262 1117 1597 2691">
    <p class='ocr_par' dir='ltr' id='par_1_4' title="bbox 262 1117 1594 1313">
     <span class='ocr_line' id='line_1_6' title="bbox 368 1117 1594 1204; baseline -0.002 -19"><span class='ocrx_word' id='word_1_29' title='bbox 368 1119 541 1204; x_wconf 89' lang='lat' dir='ltr'><strong><em>[Iohannes</em></strong></span> <span class='ocrx_word' id='word_1_30' title='bbox 557 1118 667 1203; x_wconf 88' lang='lat' dir='ltr'>XXII]</span> <span class='ocrx_word' id='word_1_31' title='bbox 692 1118 816 1185; x_wconf 78' lang='lat' dir='ltr'><strong><em>denam</em></strong></span> <span class='ocrx_word' id='word_1_32' title='bbox 840 1126 873 1185; x_wconf 89' lang='lat' dir='ltr'><strong><em>et</em></strong></span> <span class='ocrx_word' id='word_1_33' title='bbox 896 1118 1067 1186; x_wconf 87' lang='lat' dir='ltr'><strong><em>seblastieo</em></strong></span> <span class='ocrx_word' id='word_1_34' title='bbox 1090 1119 1125 1185; x_wconf 90' lang='lat' dir='ltr'><strong><em>S.</em></strong></span> <span class='ocrx_word' id='word_1_35' title='bbox 1143 1118 1278 1203; x_wconf 83' lang='lat' dir='ltr'>Georgii</span> <span class='ocrx_word' id='word_1_36' title='bbox 1295 1118 1405 1185; x_wconf 83' lang='lat' dir='ltr'><strong><em>colon.</em></strong></span> <span class='ocrx_word' id='word_1_37' title='bbox 1422 1138 1461 1188; x_wconf 88' lang='lat' dir='ltr'><strong><em>ac</em></strong></span> <span class='ocrx_word' id='word_1_38' title='bbox 1478 1117 1594 1185; x_wconf 87' lang='lat' dir='ltr'><strong><em>Busolo</em></strong></span> 
     </span>
     <span class='ocr_line' id='line_1_7' title="bbox 262 1226 1303 1313; baseline -0.001 -20"><span class='ocrx_word' id='word_1_39' title='bbox 262 1227 304 1293; x_wconf 89' lang='lat' dir='ltr'><strong><em>de</em></strong></span> <span class='ocrx_word' id='word_1_40' title='bbox 327 1228 445 1293; x_wconf 88' lang='lat' dir='ltr'><strong><em>Parma</em></strong></span> <span class='ocrx_word' id='word_1_41' title='bbox 468 1227 624 1293; x_wconf 88' lang='lat' dir='ltr'><strong><em>canonico</em></strong></span> <span class='ocrx_word' id='word_1_42' title='bbox 647 1226 863 1295; x_wconf 85' lang='lat' dir='ltr'><strong><em>Tornacensis</em></strong></span> <span class='ocrx_word' id='word_1_43' title='bbox 886 1227 966 1294; x_wconf 90' lang='lat' dir='ltr'><strong><em>eccl.</em></strong></span> <span class='ocrx_word' id='word_1_44' title='bbox 992 1227 1160 1313; x_wconf 88' lang='lat' dir='ltr'><strong><em>capellano</em></strong></span> <span class='ocrx_word' id='word_1_45' title='bbox 1184 1233 1303 1293; x_wconf 90' lang='lat' dir='ltr'><strong><em>nostro.</em></strong></span> 
     </span>
    </p>

    <p class='ocr_par' dir='ltr' id='par_1_5' title="bbox 262 1332 1597 2691">
     <span class='ocr_line' id='line_1_8' title="bbox 369 1332 1595 1418; baseline -0.003 -15"><span class='ocrx_word' id='word_1_46' title='bbox 369 1334 531 1403; x_wconf 82' lang='lat' dir='ltr'><strong><em>Nobilitas</em></strong></span> <span class='ocrx_word' id='word_1_47' title='bbox 552 1334 691 1418; x_wconf 88' lang='lat' dir='ltr'><strong><em>generis,</em></strong></span> <span class='ocrx_word' id='word_1_48' title='bbox 715 1354 837 1400; x_wconf 90' lang='lat' dir='ltr'><strong><em>morum</em></strong></span> <span class='ocrx_word' id='word_1_49' title='bbox 860 1333 960 1400; x_wconf 86' lang='lat' dir='ltr'><strong><em>decor</em></strong></span> <span class='ocrx_word' id='word_1_50' title='bbox 981 1384 988 1399; x_wconf 89' lang='lat'>.</span> <span class='ocrx_word' id='word_1_51' title='bbox 1007 1383 1040 1401; x_wconf 90' lang='lat'><strong><em>..</em></strong></span> <span class='ocrx_word' id='word_1_52' title='bbox 1082 1336 1168 1401; x_wconf 85' lang='lat' dir='ltr'><strong><em>Sane</em></strong></span> <span class='ocrx_word' id='word_1_53' title='bbox 1192 1334 1300 1401; x_wconf 88' lang='lat' dir='ltr'><strong><em>oblate</em></strong></span> <span class='ocrx_word' id='word_1_54' title='bbox 1323 1335 1415 1401; x_wconf 90' lang='lat' dir='ltr'><strong><em>nobis</em></strong></span> <span class='ocrx_word' id='word_1_55' title='bbox 1431 1381 1440 1398; x_wconf 89' lang='lat'><strong>.</strong></span> <span class='ocrx_word' id='word_1_56' title='bbox 1458 1381 1492 1399; x_wconf 90' lang='lat'><strong><em>..</em></strong></span> <span class='ocrx_word' id='word_1_57' title='bbox 1526 1332 1595 1414; x_wconf 77' lang='lat' dir='ltr'><strong><em>(Su-</em></strong></span> 
     </span>
     <span class='ocr_line' id='line_1_9' title="bbox 263 1439 1596 1529; baseline -0.004 -20"><span class='ocrx_word' id='word_1_58' title='bbox 263 1444 399 1529; x_wconf 77' lang='lat' dir='ltr'><strong><em>quentia</em></strong></span> <span class='ocrx_word' id='word_1_59' title='bbox 422 1443 521 1508; x_wconf 82' lang='lat' dir='ltr'><strong><em>utin</em></strong></span> <span class='ocrx_word' id='word_1_60' title='bbox 544 1443 705 1507; x_wconf 85' lang='lat' dir='ltr'><strong><em>ur.1500</em></strong></span> <span class='ocrx_word' id='word_1_61' title='bbox 727 1443 861 1528; x_wconf 71' lang='lat' dir='ltr'><strong><em>mouet)</em></strong></span> <span class='ocrx_word' id='word_1_62' title='bbox 885 1442 919 1507; x_wconf 92' lang='lat' dir='ltr'><strong><em>in</em></strong></span> <span class='ocrx_word' id='word_1_63' title='bbox 943 1442 1102 1525; x_wconf 85' lang='lat' dir='ltr'><strong><em>integrum</em></strong></span> <span class='ocrx_word' id='word_1_64' title='bbox 1125 1441 1387 1509; x_wconf 88' lang='lat' dir='ltr'><strong><em>restituimus...</em></strong></span> <span class='ocrx_word' id='word_1_65' title='bbox 1413 1442 1482 1510; x_wconf 89' lang='lat' dir='ltr'><strong><em>Nos</em></strong></span> <span class='ocrx_word' id='word_1_66' title='bbox 1498 1439 1596 1524; x_wconf 89' lang='lat' dir='ltr'><strong><em>igitur</em></strong></span> 
     </span>
     <span class='ocr_line' id='line_1_10' title="bbox 264 1548 1595 1634; baseline 0.001 -23"><span class='ocrx_word' id='word_1_67' title='bbox 264 1598 293 1613; x_wconf 90' lang='grc'><strong><em>..</em></strong></span> <span class='ocrx_word' id='word_1_68' title='bbox 309 1599 316 1615; x_wconf 95' lang='grc'><strong>.</strong></span> <span class='ocrx_word' id='word_1_69' title='bbox 330 1548 515 1616; x_wconf 79' lang='lat' dir='ltr'><strong><em>discretioni</em></strong></span> <span class='ocrx_word' id='word_1_70' title='bbox 540 1555 689 1617; x_wconf 85' lang='lat' dir='ltr'><strong><em>vestre..</em></strong></span> <span class='ocrx_word' id='word_1_71' title='bbox 704 1598 712 1614; x_wconf 91' lang='lat'><strong>.</strong></span> <span class='ocrx_word' id='word_1_72' title='bbox 731 1550 931 1632; x_wconf 87' lang='lat' dir='ltr'><strong><em>mandamus,</em></strong></span> <span class='ocrx_word' id='word_1_73' title='bbox 955 1550 1125 1631; x_wconf 88' lang='lat' dir='ltr'><strong><em>quatinus.</em></strong></span> <span class='ocrx_word' id='word_1_74' title='bbox 1140 1548 1171 1614; x_wconf 83' lang='lat'><strong><em>.⁸.</em></strong></span> <span class='ocrx_word' id='word_1_75' title='bbox 1191 1548 1354 1634; x_wconf 87' lang='lat' dir='ltr'><strong><em>predictas</em></strong></span> <span class='ocrx_word' id='word_1_76' title='bbox 1377 1548 1595 1634; x_wconf 86' lang='lat' dir='ltr'><strong><em>preposituras</em></strong></span> 
     </span>
     <span class='ocr_line' id='line_1_11' title="bbox 262 1654 1596 1742; baseline -0.004 -19"><span class='ocrx_word' id='word_1_77' title='bbox 262 1657 481 1724; x_wconf 90' lang='lat' dir='ltr'><strong><em>Susatiensem</em></strong></span> <span class='ocrx_word' id='word_1_78' title='bbox 505 1663 539 1722; x_wconf 89' lang='lat' dir='ltr'><strong><em>et</em></strong></span> <span class='ocrx_word' id='word_1_79' title='bbox 560 1657 621 1723; x_wconf 88' lang='lat' dir='ltr'><strong><em>SS.</em></strong></span> <span class='ocrx_word' id='word_1_80' title='bbox 646 1656 871 1742; x_wconf 81' lang='lat' dir='ltr'><strong><em>Apostolorum</em></strong></span> <span class='ocrx_word' id='word_1_81' title='bbox 975 1664 1129 1723; x_wconf 85' lang='lat' dir='ltr'><strong><em>vacantes</em></strong></span> <span class='ocrx_word' id='word_1_82' title='bbox 1232 1655 1336 1722; x_wconf 90' lang='lat' dir='ltr'><strong><em>eidem</em></strong></span> <span class='ocrx_word' id='word_1_83' title='bbox 1370 1656 1511 1722; x_wconf 90' lang='lat' dir='ltr'><strong><em>Henrieo</em></strong></span> <span class='ocrx_word' id='word_1_84' title='bbox 1543 1654 1596 1721; x_wconf 84' lang='lat' dir='ltr'><strong><em>vel</em></strong></span> 
     </span>
     <span class='ocr_line' id='line_1_12' title="bbox 264 1762 1597 1851; baseline -0.003 -21"><span class='ocrx_word' id='word_1_85' title='bbox 264 1766 462 1851; x_wconf 78' lang='lat' dir='ltr'><strong><em>procuratori</em></strong></span> <span class='ocrx_word' id='word_1_86' title='bbox 486 1784 544 1832; x_wconf 89' lang='lat' dir='ltr'><strong><em>suo</em></strong></span> <span class='ocrx_word' id='word_1_87' title='bbox 640 1785 699 1850; x_wconf 91' lang='lat' dir='ltr'><strong><em>per</em></strong></span> <span class='ocrx_word' id='word_1_88' title='bbox 722 1783 804 1847; x_wconf 89' lang='lat' dir='ltr'><strong><em>eum,</em></strong></span> <span class='ocrx_word' id='word_1_89' title='bbox 838 1762 945 1847; x_wconf 88' lang='lat' dir='ltr'><strong><em>quoad</em></strong></span> <span class='ocrx_word' id='word_1_90' title='bbox 976 1765 1103 1847; x_wconf 81' lang='lat' dir='ltr'><strong><em>vixerit,</em></strong></span> <span class='ocrx_word' id='word_1_91' title='bbox 1138 1762 1295 1830; x_wconf 87' lang='lat' dir='ltr'><strong><em>tenendas</em></strong></span> <span class='ocrx_word' id='word_1_92' title='bbox 1318 1769 1351 1829; x_wconf 91' lang='lat' dir='ltr'><strong><em>et</em></strong></span> <span class='ocrx_word' id='word_1_93' title='bbox 1374 1766 1469 1829; x_wconf 86' lang='lat' dir='ltr'><strong><em>etiam</em></strong></span> <span class='ocrx_word' id='word_1_94' title='bbox 1498 1762 1597 1848; x_wconf 86' lang='lat' dir='ltr'><strong><em>possi-</em></strong></span> 
     </span>
     <span class='ocr_line' id='line_1_13' title="bbox 263 1870 1595 1957; baseline -0.002 -20"><span class='ocrx_word' id='word_1_95' title='bbox 263 1870 387 1940; x_wconf 87' lang='lat' dir='ltr'><strong><em>dendas</em></strong></span> <span class='ocrx_word' id='word_1_96' title='bbox 411 1871 635 1938; x_wconf 90' lang='lat' dir='ltr'><strong><em>commendare</em></strong></span> <span class='ocrx_word' id='word_1_97' title='bbox 659 1874 786 1955; x_wconf 85' lang='lat' dir='ltr'><strong><em>curetis,</em></strong></span> <span class='ocrx_word' id='word_1_98' title='bbox 819 1870 1009 1939; x_wconf 79' lang='lat' dir='ltr'><strong><em>inducentes</em></strong></span> <span class='ocrx_word' id='word_1_99' title='bbox 1038 1891 1109 1938; x_wconf 91' lang='lat' dir='ltr'><strong><em>eum</em></strong></span> <span class='ocrx_word' id='word_1_100' title='bbox 1132 1871 1184 1937; x_wconf 90' lang='lat' dir='ltr'><strong><em>vel</em></strong></span> <span class='ocrx_word' id='word_1_101' title='bbox 1212 1871 1333 1937; x_wconf 90' lang='lat' dir='ltr'><strong><em>dictum</em></strong></span> <span class='ocrx_word' id='word_1_102' title='bbox 1358 1878 1595 1957; x_wconf 88' lang='lat' dir='ltr'><strong><em>procuratorem</em></strong></span> 
     </span>
     <span class='ocr_line' id='line_1_14' title="bbox 340 1978 1596 2065; baseline -0.004 -18.285"><span class='ocrx_word' id='word_1_103' title='bbox 340 1982 374 2045; x_wconf 90' lang='lat' dir='ltr'><strong><em>in</em></strong></span> <span class='ocrx_word' id='word_1_104' title='bbox 397 1979 595 2065; x_wconf 75' lang='lat' dir='ltr'><strong><em>corporalem</em></strong></span> <span class='ocrx_word' id='word_1_105' title='bbox 619 1979 853 2064; x_wconf 87' lang='lat' dir='ltr'><strong><em>possessionem</em></strong></span> <span class='ocrx_word' id='word_1_106' title='bbox 878 2028 931 2045; x_wconf 91' lang='lat'><strong><em>...</em></strong></span> <span class='ocrx_word' id='word_1_107' title='bbox 957 1999 1019 2045; x_wconf 91' lang='lat' dir='ltr'><strong><em>non</em></strong></span> <span class='ocrx_word' id='word_1_108' title='bbox 1043 1978 1244 2045; x_wconf 88' lang='lat' dir='ltr'><strong><em>obstantibus</em></strong></span> <span class='ocrx_word' id='word_1_109' title='bbox 1267 1978 1596 2061; x_wconf 88' lang='lat' dir='ltr'><strong><em>quibuscumque...</em></strong></span> 
     </span>
     <span class='ocr_line' id='line_1_15' title="bbox 264 2084 1597 2171; baseline -0.003 -18"><span class='ocrx_word' id='word_1_110' title='bbox 264 2106 320 2153; x_wconf 91' lang='lat' dir='ltr'><strong><em>seu</em></strong></span> <span class='ocrx_word' id='word_1_111' title='bbox 344 2086 430 2170; x_wconf 87' lang='lat' dir='ltr'><strong><em>quod</em></strong></span> <span class='ocrx_word' id='word_1_112' title='bbox 453 2084 540 2152; x_wconf 89' lang='lat' dir='ltr'><strong><em>idem</em></strong></span> <span class='ocrx_word' id='word_1_113' title='bbox 564 2086 723 2152; x_wconf 89' lang='lat' dir='ltr'><strong><em>Henricus</em></strong></span> <span class='ocrx_word' id='word_1_114' title='bbox 751 2087 785 2151; x_wconf 92' lang='lat' dir='ltr'><strong><em>in</em></strong></span> <span class='ocrx_word' id='word_1_115' title='bbox 814 2086 927 2152; x_wconf 88' lang='lat' dir='ltr'><strong><em>maiori</em></strong></span> <span class='ocrx_word' id='word_1_116' title='bbox 952 2093 984 2152; x_wconf 88' lang='lat' dir='ltr'><strong><em>et</em></strong></span> <span class='ocrx_word' id='word_1_117' title='bbox 1013 2087 1070 2153; x_wconf 89' lang='lat' dir='ltr'><strong><em>SS.</em></strong></span> <span class='ocrx_word' id='word_1_118' title='bbox 1093 2086 1319 2171; x_wconf 81' lang='lat' dir='ltr'><strong><em>Apostolorum</em></strong></span> <span class='ocrx_word' id='word_1_119' title='bbox 1343 2085 1541 2153; x_wconf 84' lang='lat' dir='ltr'><strong><em>Coloniensis</em></strong></span> <span class='ocrx_word' id='word_1_120' title='bbox 1565 2090 1597 2150; x_wconf 90' lang='lat' dir='ltr'><strong><em>et</em></strong></span> 
     </span>
     <span class='ocr_line' id='line_1_16' title="bbox 264 2192 1597 2277; baseline 0 -19"><span class='ocrx_word' id='word_1_121' title='bbox 264 2193 466 2277; x_wconf 83' lang='lat' dir='ltr'><strong><em>Treverensi,</em></strong></span> <span class='ocrx_word' id='word_1_122' title='bbox 490 2192 669 2259; x_wconf 89' lang='lat' dir='ltr'><strong><em>Susatieusi</em></strong></span> <span class='ocrx_word' id='word_1_123' title='bbox 693 2200 726 2259; x_wconf 92' lang='lat' dir='ltr'><strong><em>et</em></strong></span> <span class='ocrx_word' id='word_1_124' title='bbox 748 2195 911 2259; x_wconf 83' lang='lat' dir='ltr'><strong><em>Bonnensi</em></strong></span> <span class='ocrx_word' id='word_1_125' title='bbox 934 2192 1003 2259; x_wconf 81' lang='lat' dir='ltr'><strong><em>Col.</em></strong></span> <span class='ocrx_word' id='word_1_126' title='bbox 1032 2192 1117 2259; x_wconf 89' lang='lat' dir='ltr'><strong><em>dioc.</em></strong></span> <span class='ocrx_word' id='word_1_127' title='bbox 1142 2194 1288 2259; x_wconf 89' lang='lat' dir='ltr'><strong><em>eeclesiis</em></strong></span> <span class='ocrx_word' id='word_1_128' title='bbox 1311 2194 1519 2259; x_wconf 77' lang='lat' dir='ltr'><strong><em>canonicatus</em></strong></span> <span class='ocrx_word' id='word_1_129' title='bbox 1543 2192 1597 2258; x_wconf 92' lang='lat' dir='ltr'><strong><em>ob·</em></strong></span> 
     </span>
     <span class='ocr_line' id='line_1_17' title="bbox 264 2298 1596 2387; baseline -0.001 -22"><span class='ocrx_word' id='word_1_130' title='bbox 264 2299 346 2366; x_wconf 90' lang='lat' dir='ltr'><strong><em>tinet</em></strong></span> <span class='ocrx_word' id='word_1_131' title='bbox 369 2305 402 2366; x_wconf 91' lang='lat' dir='ltr'><strong><em>et</em></strong></span> <span class='ocrx_word' id='word_1_132' title='bbox 424 2300 607 2386; x_wconf 89' lang='lat' dir='ltr'><strong><em>prebendas</em></strong></span> <span class='ocrx_word' id='word_1_133' title='bbox 630 2320 670 2368; x_wconf 90' lang='lat' dir='ltr'><strong><em>ae</em></strong></span> <span class='ocrx_word' id='word_1_134' title='bbox 697 2300 793 2367; x_wconf 89' lang='lat' dir='ltr'><strong><em>hodie</em></strong></span> <span class='ocrx_word' id='word_1_135' title='bbox 821 2302 883 2368; x_wconf 90' lang='lat' dir='ltr'><strong><em>sibi</em></strong></span> <span class='ocrx_word' id='word_1_136' title='bbox 915 2300 956 2367; x_wconf 89' lang='lat' dir='ltr'><strong><em>de</em></strong></span> <span class='ocrx_word' id='word_1_137' title='bbox 986 2301 1188 2387; x_wconf 86' lang='lat' dir='ltr'><strong><em>prepositura</em></strong></span> <span class='ocrx_word' id='word_1_138' title='bbox 1212 2305 1324 2366; x_wconf 88' lang='lat' dir='ltr'><strong><em>curata</em></strong></span> <span class='ocrx_word' id='word_1_139' title='bbox 1346 2298 1490 2366; x_wconf 89' lang='lat' dir='ltr'><strong><em>eiusdem</em></strong></span> <span class='ocrx_word' id='word_1_140' title='bbox 1513 2299 1596 2365; x_wconf 90' lang='lat' dir='ltr'><strong><em>Bun·</em></strong></span> 
     </span>
     <span class='ocr_line' id='line_1_18' title="bbox 264 2406 1596 2495; baseline 0.001 -22"><span class='ocrx_word' id='word_1_141' title='bbox 264 2407 370 2473; x_wconf 89' lang='lat' dir='ltr'><strong><em>nensis</em></strong></span> <span class='ocrx_word' id='word_1_142' title='bbox 393 2407 530 2475; x_wconf 88' lang='lat' dir='ltr'><strong><em>ecclesie</em></strong></span> <span class='ocrx_word' id='word_1_143' title='bbox 555 2428 627 2474; x_wconf 89' lang='lat' dir='ltr'><strong><em>oum</em></strong></span> <span class='ocrx_word' id='word_1_144' title='bbox 650 2406 917 2475; x_wconf 83' lang='lat' dir='ltr'><strong><em>archidiaconatu</em></strong></span> <span class='ocrx_word' id='word_1_145' title='bbox 945 2407 1033 2474; x_wconf 90' lang='lat' dir='ltr'><strong><em>dicte</em></strong></span> <span class='ocrx_word' id='word_1_146' title='bbox 1061 2410 1262 2495; x_wconf 87' lang='lat' dir='ltr'><strong><em>prepositure</em></strong></span> <span class='ocrx_word' id='word_1_147' title='bbox 1285 2428 1410 2474; x_wconf 85' lang='lat' dir='ltr'><strong><em>annexo</em></strong></span> <span class='ocrx_word' id='word_1_148' title='bbox 1433 2427 1493 2493; x_wconf 92' lang='lat' dir='ltr'><strong><em>per</em></strong></span> <span class='ocrx_word' id='word_1_149' title='bbox 1514 2406 1596 2474; x_wconf 83' lang='lat' dir='ltr'><strong><em>abas</em></strong></span> 
     </span>
     <span class='ocr_line' id='line_1_19' title="bbox 262 2507 1597 2601; baseline 0 -22"><span class='ocrx_word' id='word_1_150' title='bbox 262 2521 388 2581; x_wconf 87' lang='lat' dir='ltr'><strong><em>nostras</em></strong></span> <span class='ocrx_word' id='word_1_151' title='bbox 411 2516 490 2581; x_wconf 82' lang='lat' dir='ltr'><strong><em>certi</em></strong></span> <span class='ocrx_word' id='word_1_152' title='bbox 514 2517 633 2582; x_wconf 87' lang='lat' dir='ltr'><strong><em>tenoris</em></strong></span> <span class='ocrx_word' id='word_1_153' title='bbox 656 2516 781 2583; x_wconf 88' lang='lat' dir='ltr'><strong><em>litteras</em></strong></span> <span class='ocrx_word' id='word_1_154' title='bbox 800 2507 1027 2583; x_wconf 71' lang='lat' dir='ltr'><strong><em>⁴mandavimus</em></strong></span> <span class='ocrx_word' id='word_1_155' title='bbox 1050 2513 1213 2601; x_wconf 87' lang='lat' dir='ltr'><strong><em>provideri</em></strong></span> <span class='ocrx_word' id='word_1_156' title='bbox 1234 2566 1241 2581; x_wconf 94' lang='lat'><strong><em>.</em></strong></span> <span class='ocrx_word' id='word_1_157' title='bbox 1261 2564 1296 2581; x_wconf 91' lang='lat'><strong><em>..</em></strong></span> <span class='ocrx_word' id='word_1_158' title='bbox 1344 2515 1420 2581; x_wconf 85' lang='lat' dir='ltr'><strong><em>Dat.</em></strong></span> <span class='ocrx_word' id='word_1_159' title='bbox 1444 2515 1538 2581; x_wconf 84' lang='lat' dir='ltr'><strong><em>Arin.</em></strong></span> <span class='ocrx_word' id='word_1_160' title='bbox 1564 2514 1597 2579; x_wconf 94' lang='lat' dir='ltr'><strong><em>II</em></strong></span> 
     </span>
     <span class='ocr_line' id='line_1_20' title="bbox 263 2622 684 2691; baseline 0.01 -4"><span class='ocrx_word' id='word_1_161' title='bbox 263 2622 310 2688; x_wconf 88' lang='lat' dir='ltr'><strong><em>kl.</em></strong></span> <span class='ocrx_word' id='word_1_162' title='bbox 335 2623 404 2688; x_wconf 91' lang='lat' dir='ltr'><strong><em>iulii</em></strong></span> <span class='ocrx_word' id='word_1_163' title='bbox 427 2644 457 2689; x_wconf 90' lang='lat' dir='ltr'><strong><em>a.</em></strong></span> <span class='ocrx_word' id='word_1_164' title='bbox 482 2622 684 2691; x_wconf 89' lang='lat' dir='ltr'><strong><em>duodecimo.</em></strong></span> 
     </span>
    </p>
   </div>
   <div class='ocr_carea' id='block_1_5' title="bbox 413 2743 842 2815">
    <p class='ocr_par' dir='ltr' id='par_1_6' title="bbox 413 2743 842 2815">
     <span class='ocr_line' id='line_1_21' title="bbox 413 2743 842 2815; baseline -0.002 -16"><span class='ocrx_word' id='word_1_165' title='bbox 413 2743 487 2815; x_wconf 69' lang='lat' dir='ltr'><strong><em>lieu.</em></strong></span> <span class='ocrx_word' id='word_1_166' title='bbox 506 2746 545 2799; x_wconf 85' lang='lat'><strong><em>88</em></strong></span> <span class='ocrx_word' id='word_1_167' title='bbox 561 2743 586 2814; x_wconf 77' lang='lat' dir='ltr'><strong><em>f.</em></strong></span> <span class='ocrx_word' id='word_1_168' title='bbox 605 2744 672 2800; x_wconf 72' lang='lat'><strong><em>130‘</em></strong></span> <span class='ocrx_word' id='word_1_169' title='bbox 689 2760 738 2799; x_wconf 85' lang='lat' dir='ltr'><strong><em>ur.</em></strong></span> <span class='ocrx_word' id='word_1_170' title='bbox 757 2744 842 2799; x_wconf 79' lang='lat'><strong><em>3332.</em></strong></span> 
     </span>
    </p>
   </div>
   <div class='ocr_carea' id='block_1_6' title="bbox 371 2952 983 3043">
    <p class='ocr_par' dir='ltr' id='par_1_7' title="bbox 371 2952 983 3043">
     <span class='ocr_line' id='line_1_22' title="bbox 371 2952 983 3043; baseline 0 -23"><span class='ocrx_word' id='word_1_171' title='bbox 371 2952 492 3020; x_wconf 69' lang='lat' dir='ltr'><strong><em>lube.</em></strong></span> <span class='ocrx_word' id='word_1_172' title='bbox 528 2956 615 3020; x_wconf 80' lang='lat'><em>1328</em></span> <span class='ocrx_word' id='word_1_173' title='bbox 637 2956 724 3022; x_wconf 84' lang='lat' dir='ltr'><strong><em>Juui</em></strong></span> <span class='ocrx_word' id='word_1_174' title='bbox 738 2957 794 3020; x_wconf 88' lang='lat'><strong><em>30.</em></strong></span> <span class='ocrx_word' id='word_1_175' title='bbox 817 2953 983 3043; x_wconf 78' lang='lat' dir='ltr'><strong><em>Aoipuon.</em></strong></span> 
     </span>
    </p>
   </div>
   <div class='ocr_carea' id='block_1_7' title="bbox 261 3096 1596 4682">
    <p class='ocr_par' dir='ltr' id='par_1_8' title="bbox 261 3096 1596 4682">
     <span class='ocr_line' id='line_1_23' title="bbox 369 3096 1595 3183; baseline -0.001 -21"><span class='ocrx_word' id='word_1_176' title='bbox 369 3097 531 3164; x_wconf 90' lang='lat' dir='ltr'><strong><em>Iohannes</em></strong></span> <span class='ocrx_word' id='word_1_177' title='bbox 546 3099 646 3164; x_wconf 88' lang='lat' dir='ltr'><strong><em>XXll</em></strong></span> <span class='ocrx_word' id='word_1_178' title='bbox 669 3097 793 3165; x_wconf 89' lang='lat' dir='ltr'><strong><em>decano</em></strong></span> <span class='ocrx_word' id='word_1_179' title='bbox 817 3104 849 3164; x_wconf 91' lang='lat' dir='ltr'><strong><em>et</em></strong></span> <span class='ocrx_word' id='word_1_180' title='bbox 872 3100 1044 3166; x_wconf 87' lang='lat' dir='ltr'><strong><em>scolastico</em></strong></span> <span class='ocrx_word' id='word_1_181' title='bbox 1068 3098 1101 3164; x_wconf 88' lang='lat' dir='ltr'><strong><em>S.</em></strong></span> <span class='ocrx_word' id='word_1_182' title='bbox 1127 3097 1259 3183; x_wconf 85' lang='lat' dir='ltr'><strong><em>Georgii</em></strong></span> <span class='ocrx_word' id='word_1_183' title='bbox 1283 3097 1391 3164; x_wconf 79' lang='lat' dir='ltr'><strong><em>Gelon.</em></strong></span> <span class='ocrx_word' id='word_1_184' title='bbox 1417 3118 1458 3164; x_wconf 89' lang='lat' dir='ltr'><strong><em>ac</em></strong></span> <span class='ocrx_word' id='word_1_185' title='bbox 1477 3096 1595 3163; x_wconf 90' lang='lat' dir='ltr'><strong><em>Busolo</em></strong></span> 
     </span>
     <span class='ocr_line' id='line_1_24' title="bbox 263 3203 1596 3291; baseline -0.001 -21"><span class='ocrx_word' id='word_1_186' title='bbox 263 3203 305 3270; x_wconf 91' lang='lat' dir='ltr'><strong><em>de</em></strong></span> <span class='ocrx_word' id='word_1_187' title='bbox 328 3205 446 3270; x_wconf 90' lang='lat' dir='ltr'><strong><em>Parma</em></strong></span> <span class='ocrx_word' id='word_1_188' title='bbox 479 3205 635 3272; x_wconf 90' lang='lat' dir='ltr'><strong><em>canonico</em></strong></span> <span class='ocrx_word' id='word_1_189' title='bbox 659 3206 874 3273; x_wconf 87' lang='lat' dir='ltr'><strong><em>Tornacensis</em></strong></span> <span class='ocrx_word' id='word_1_190' title='bbox 898 3206 977 3272; x_wconf 89' lang='lat' dir='ltr'><strong><em>eccl.</em></strong></span> <span class='ocrx_word' id='word_1_191' title='bbox 1012 3207 1180 3291; x_wconf 83' lang='lat' dir='ltr'><strong><em>capellano</em></strong></span> <span class='ocrx_word' id='word_1_192' title='bbox 1208 3206 1317 3291; x_wconf 86' lang='lat' dir='ltr'><strong><em>papali</em></strong></span> <span class='ocrx_word' id='word_1_193' title='bbox 1347 3203 1489 3289; x_wconf 88' lang='lat' dir='ltr'><strong><em>mandat,</em></strong></span> <span class='ocrx_word' id='word_1_194' title='bbox 1521 3224 1596 3287; x_wconf 86' lang='lat' dir='ltr'><strong><em>qua·</em></strong></span> 
     </span>
     <span class='ocr_line' id='line_1_25' title="bbox 266 3312 1596 3399; baseline 0 -22"><span class='ocrx_word' id='word_1_195' title='bbox 266 3312 351 3378; x_wconf 91' lang='lat' dir='ltr'><strong><em>tinus</em></strong></span> <span class='ocrx_word' id='word_1_196' title='bbox 374 3312 512 3379; x_wconf 91' lang='lat' dir='ltr'><strong><em>Iohanni</em></strong></span> <span class='ocrx_word' id='word_1_197' title='bbox 535 3312 622 3380; x_wconf 90' lang='lat' dir='ltr'><strong><em>dicto</em></strong></span> <span class='ocrx_word' id='word_1_198' title='bbox 646 3313 688 3378; x_wconf 89' lang='lat' dir='ltr'><strong><em>de</em></strong></span> <span class='ocrx_word' id='word_1_199' title='bbox 704 3314 818 3379; x_wconf 89' lang='lat' dir='ltr'><strong><em>Bunna</em></strong></span> <span class='ocrx_word' id='word_1_200' title='bbox 845 3314 1023 3399; x_wconf 87' lang='lat' dir='ltr'><strong><em>presbitero</em></strong></span> <span class='ocrx_word' id='word_1_201' title='bbox 1048 3312 1158 3379; x_wconf 81' lang='lat' dir='ltr'><strong><em>Calon.</em></strong></span> <span class='ocrx_word' id='word_1_202' title='bbox 1183 3312 1278 3397; x_wconf 74' lang='lat' dir='ltr'><strong><em>dioc,</em></strong></span> <span class='ocrx_word' id='word_1_203' title='bbox 1303 3312 1418 3379; x_wconf 86' lang='lat' dir='ltr'><strong><em>cumis</em></strong></span> <span class='ocrx_word' id='word_1_204' title='bbox 1441 3332 1500 3398; x_wconf 92' lang='lat' dir='ltr'><strong><em>pro</em></strong></span> <span class='ocrx_word' id='word_1_205' title='bbox 1524 3332 1596 3377; x_wconf 90' lang='lat' dir='ltr'><strong><em>eon-</em></strong></span> 
     </span>
     <span class='ocr_line' id='line_1_26' title="bbox 262 3418 1596 3507; baseline -0.001 -22"><span class='ocrx_word' id='word_1_206' title='bbox 262 3419 431 3486; x_wconf 86' lang='lat' dir='ltr'><strong><em>servandis</em></strong></span> <span class='ocrx_word' id='word_1_207' title='bbox 455 3421 546 3486; x_wconf 90' lang='lat' dir='ltr'><strong><em>bonis</em></strong></span> <span class='ocrx_word' id='word_1_208' title='bbox 574 3431 607 3487; x_wconf 92' lang='lat' dir='ltr'><strong><em>et</em></strong></span> <span class='ocrx_word' id='word_1_209' title='bbox 635 3420 768 3507; x_wconf 84' lang='lat' dir='ltr'><strong><em>iuribus,</em></strong></span> <span class='ocrx_word' id='word_1_210' title='bbox 799 3440 861 3505; x_wconf 89' lang='lat' dir='ltr'><strong><em>que</em></strong></span> <span class='ocrx_word' id='word_1_211' title='bbox 892 3421 1032 3487; x_wconf 86' lang='lat' dir='ltr'><strong><em>ecelesia</em></strong></span> <span class='ocrx_word' id='word_1_212' title='bbox 1055 3420 1253 3487; x_wconf 77' lang='lat' dir='ltr'><strong><em>coloniensis</em></strong></span> <span class='ocrx_word' id='word_1_213' title='bbox 1282 3421 1315 3485; x_wconf 92' lang='lat' dir='ltr'><strong><em>in</em></strong></span> <span class='ocrx_word' id='word_1_214' title='bbox 1343 3420 1414 3485; x_wconf 90' lang='lat' dir='ltr'><strong><em>loco</em></strong></span> <span class='ocrx_word' id='word_1_215' title='bbox 1438 3418 1596 3505; x_wconf 88' lang='lat' dir='ltr'><strong><em>Reysensi</em></strong></span> 
     </span>
     <span class='ocr_line' id='line_1_27' title="bbox 261 3526 1596 3613; baseline 0 -20"><span class='ocrx_word' id='word_1_216' title='bbox 261 3526 471 3611; x_wconf 87' lang='lat' dir='ltr'><strong><em>spiritualiter</em></strong></span> <span class='ocrx_word' id='word_1_217' title='bbox 499 3532 532 3594; x_wconf 92' lang='lat' dir='ltr'><strong><em>et</em></strong></span> <span class='ocrx_word' id='word_1_218' title='bbox 561 3528 780 3613; x_wconf 86' lang='lat' dir='ltr'><strong><em>temporaliter</em></strong></span> <span class='ocrx_word' id='word_1_219' title='bbox 807 3528 1052 3613; x_wconf 87' lang='lat' dir='ltr'><strong><em>archiepiscopo</em></strong></span> <span class='ocrx_word' id='word_1_220' title='bbox 1076 3527 1259 3594; x_wconf 82' lang='lat' dir='ltr'><strong><em>Coloniensi</em></strong></span> <span class='ocrx_word' id='word_1_221' title='bbox 1282 3526 1427 3593; x_wconf 90' lang='lat' dir='ltr'><strong><em>subiecto</em></strong></span> <span class='ocrx_word' id='word_1_222' title='bbox 1451 3526 1596 3593; x_wconf 86' lang='lat' dir='ltr'><strong><em>obtinere</em></strong></span> 
     </span>
     <span class='ocr_line' id='line_1_28' title="bbox 263 3631 1596 3721; baseline 0.002 -25"><span class='ocrx_word' id='word_1_223' title='bbox 263 3631 449 3714; x_wconf 88' lang='lat' dir='ltr'><strong><em>dinoscitur,</em></strong></span> <span class='ocrx_word' id='word_1_224' title='bbox 465 3633 636 3718; x_wconf 90' lang='lat' dir='ltr'><strong><em>plurimum</em></strong></span> <span class='ocrx_word' id='word_1_225' title='bbox 652 3653 687 3700; x_wconf 90' lang='lat' dir='ltr'><strong><em>se</em></strong></span> <span class='ocrx_word' id='word_1_226' title='bbox 703 3633 883 3700; x_wconf 85' lang='lat' dir='ltr'><strong><em>reddiderit</em></strong></span> <span class='ocrx_word' id='word_1_227' title='bbox 898 3642 1088 3721; x_wconf 90' lang='lat' dir='ltr'><strong><em>oportunum</em></strong></span> <span class='ocrx_word' id='word_1_228' title='bbox 1105 3654 1144 3701; x_wconf 91' lang='lat' dir='ltr'><strong><em>ac</em></strong></span> <span class='ocrx_word' id='word_1_229' title='bbox 1160 3642 1226 3700; x_wconf 88' lang='lat' dir='ltr'><strong><em>tam</em></strong></span> <span class='ocrx_word' id='word_1_230' title='bbox 1242 3633 1386 3701; x_wconf 87' lang='lat' dir='ltr'><strong><em>eiusdem</em></strong></span> <span class='ocrx_word' id='word_1_231' title='bbox 1398 3633 1596 3700; x_wconf 82' lang='lat' dir='ltr'><strong><em>Coloniensis</em></strong></span> 
     </span>
     <span class='ocr_line' id='line_1_29' title="bbox 264 3740 1596 3827; baseline 0.004 -23"><span class='ocrx_word' id='word_1_232' title='bbox 264 3759 361 3823; x_wconf 90' lang='lat' dir='ltr'><strong><em>quam</em></strong></span> <span class='ocrx_word' id='word_1_233' title='bbox 385 3740 587 3825; x_wconf 85' lang='lat' dir='ltr'><strong><em>prepositure</em></strong></span> <span class='ocrx_word' id='word_1_234' title='bbox 611 3740 785 3826; x_wconf 86' lang='lat' dir='ltr'><strong><em>Reysensis</em></strong></span> <span class='ocrx_word' id='word_1_235' title='bbox 808 3741 1017 3809; x_wconf 85' lang='lat' dir='ltr'><strong><em>eeclesiarum</em></strong></span> <span class='ocrx_word' id='word_1_236' title='bbox 1041 3749 1077 3808; x_wconf 90' lang='lat' dir='ltr'><strong><em>nt</em></strong></span> <span class='ocrx_word' id='word_1_237' title='bbox 1100 3742 1324 3825; x_wconf 87' lang='lat' dir='ltr'><strong><em>gubernatoris</em></strong></span> <span class='ocrx_word' id='word_1_238' title='bbox 1346 3741 1432 3808; x_wconf 85' lang='lat' dir='ltr'><strong><em>utilis</em></strong></span> <span class='ocrx_word' id='word_1_239' title='bbox 1455 3740 1596 3827; x_wconf 86' lang='lat' dir='ltr'><strong><em>presidio</em></strong></span> 
     </span>
     <span class='ocr_line' id='line_1_30' title="bbox 262 3845 1595 3935; baseline 0.003 -24"><span class='ocrx_word' id='word_1_240' title='bbox 262 3845 424 3931; x_wconf 82' lang='lat' dir='ltr'><strong><em>fulciatur,</em></strong></span> <span class='ocrx_word' id='word_1_241' title='bbox 459 3847 589 3913; x_wconf 84' lang='lat' dir='ltr'><strong><em>utilitati</em></strong></span> <span class='ocrx_word' id='word_1_242' title='bbox 619 3845 783 3933; x_wconf 85' lang='lat' dir='ltr'><strong><em>expediat,</em></strong></span> <span class='ocrx_word' id='word_1_243' title='bbox 817 3853 851 3913; x_wconf 93' lang='lat' dir='ltr'><strong><em>ut</em></strong></span> <span class='ocrx_word' id='word_1_244' title='bbox 881 3847 972 3915; x_wconf 87' lang='lat' dir='ltr'><strong><em>dieta</em></strong></span> <span class='ocrx_word' id='word_1_245' title='bbox 998 3848 1200 3935; x_wconf 86' lang='lat' dir='ltr'><strong><em>prepositura</em></strong></span> <span class='ocrx_word' id='word_1_246' title='bbox 1223 3849 1375 3915; x_wconf 80' lang='lat' dir='ltr'><strong><em>Iohannis</em></strong></span> <span class='ocrx_word' id='word_1_247' title='bbox 1404 3868 1479 3915; x_wconf 89' lang='lat' dir='ltr'><strong><em>cure</em></strong></span> <span class='ocrx_word' id='word_1_248' title='bbox 1513 3869 1595 3915; x_wconf 91' lang='lat' dir='ltr'><strong><em>com·</em></strong></span> 
     </span>
     <span class='ocr_line' id='line_1_31' title="bbox 262 3953 1595 4040; baseline 0.003 -21"><span class='ocrx_word' id='word_1_249' title='bbox 262 3954 418 4038; x_wconf 91' lang='lat' dir='ltr'><strong><em>mittatur,</em></strong></span> <span class='ocrx_word' id='word_1_250' title='bbox 445 3953 624 4040; x_wconf 89' lang='lat' dir='ltr'><strong><em>predictam</em></strong></span> <span class='ocrx_word' id='word_1_251' title='bbox 651 3956 886 4040; x_wconf 88' lang='lat' dir='ltr'><strong><em>preposituram</em></strong></span> <span class='ocrx_word' id='word_1_252' title='bbox 914 3954 955 4022; x_wconf 88' lang='lat' dir='ltr'><strong><em>de</em></strong></span> <span class='ocrx_word' id='word_1_253' title='bbox 983 3958 1051 4022; x_wconf 90' lang='lat' dir='ltr'><strong><em>iure</em></strong></span> <span class='ocrx_word' id='word_1_254' title='bbox 1074 3963 1253 4033; x_wconf 85' lang='lat' dir='ltr'><strong><em>vacantem,</em></strong></span> <span class='ocrx_word' id='word_1_255' title='bbox 1285 3957 1374 4023; x_wconf 86' lang='lat' dir='ltr'><strong><em>cuius</em></strong></span> <span class='ocrx_word' id='word_1_256' title='bbox 1402 3955 1547 4023; x_wconf 86' lang='lat' dir='ltr'><strong><em>redditus</em></strong></span> <span class='ocrx_word' id='word_1_257' title='bbox 1570 3977 1595 4023; x_wconf 89' lang='lat' dir='ltr'><strong><em>s.</em></strong></span> 
     </span>
     <span class='ocr_line' id='line_1_32' title="bbox 263 4059 1595 4149; baseline 0.004 -24"><span class='ocrx_word' id='word_1_258' title='bbox 263 4067 287 4126; x_wconf 90' lang='lat' dir='ltr'><strong><em>t.</em></strong></span> <span class='ocrx_word' id='word_1_259' title='bbox 304 4059 336 4125; x_wconf 93' lang='lat' dir='ltr'><strong><em>d.</em></strong></span> <span class='ocrx_word' id='word_1_260' title='bbox 360 4062 525 4145; x_wconf 89' lang='lat' dir='ltr'><strong><em>antiquam</em></strong></span> <span class='ocrx_word' id='word_1_261' title='bbox 555 4060 667 4127; x_wconf 87' lang='lat' dir='ltr'><strong><em>decem</em></strong></span> <span class='ocrx_word' id='word_1_262' title='bbox 696 4062 898 4129; x_wconf 89' lang='lat' dir='ltr'><strong><em>marcharum</em></strong></span> <span class='ocrx_word' id='word_1_263' title='bbox 926 4064 1053 4149; x_wconf 84' lang='lat' dir='ltr'><strong><em>argenti</em></strong></span> <span class='ocrx_word' id='word_1_264' title='bbox 1081 4064 1225 4131; x_wconf 79' lang='lat' dir='ltr'><strong><em>valorem</em></strong></span> <span class='ocrx_word' id='word_1_265' title='bbox 1251 4083 1390 4130; x_wconf 88' lang='lat' dir='ltr'><strong><em>aunuum</em></strong></span> <span class='ocrx_word' id='word_1_266' title='bbox 1414 4083 1478 4130; x_wconf 90' lang='lat' dir='ltr'><strong><em>uon</em></strong></span> <span class='ocrx_word' id='word_1_267' title='bbox 1502 4084 1595 4131; x_wconf 85' lang='lat' dir='ltr'><strong><em>exce·</em></strong></span> 
     </span>
     <span class='ocr_line' id='line_1_33' title="bbox 263 4167 1594 4255; baseline 0.003 -22"><span class='ocrx_word' id='word_1_268' title='bbox 263 4167 354 4253; x_wconf 91' lang='lat' dir='ltr'><strong><em>dunt,</em></strong></span> <span class='ocrx_word' id='word_1_269' title='bbox 386 4167 553 4252; x_wconf 89' lang='lat' dir='ltr'><strong><em>usquead</em></strong></span> <span class='ocrx_word' id='word_1_270' title='bbox 580 4169 758 4255; x_wconf 83' lang='lat' dir='ltr'><strong><em>apostolice</em></strong></span> <span class='ocrx_word' id='word_1_271' title='bbox 787 4169 875 4236; x_wconf 91' lang='lat' dir='ltr'><strong><em>sedis</em></strong></span> <span class='ocrx_word' id='word_1_272' title='bbox 904 4170 1140 4255; x_wconf 88' lang='lat' dir='ltr'><strong><em>heneplacitum</em></strong></span> <span class='ocrx_word' id='word_1_273' title='bbox 1171 4170 1392 4238; x_wconf 90' lang='lat' dir='ltr'><strong><em>commendent</em></strong></span> <span class='ocrx_word' id='word_1_274' title='bbox 1422 4170 1594 4238; x_wconf 89' lang='lat' dir='ltr'><strong><em>tenendam</em></strong></span> 
     </span>
     <span class='ocr_line' id='line_1_34' title="bbox 264 4276 1595 4362; baseline 0.004 -21"><span class='ocrx_word' id='word_1_275' title='bbox 264 4296 322 4362; x_wconf 90' lang='lat' dir='ltr'><strong><em>per</em></strong></span> <span class='ocrx_word' id='word_1_276' title='bbox 345 4295 416 4341; x_wconf 89' lang='lat' dir='ltr'><strong><em>eum</em></strong></span> <span class='ocrx_word' id='word_1_277' title='bbox 440 4283 474 4343; x_wconf 89' lang='lat' dir='ltr'><strong><em>ct</em></strong></span> <span class='ocrx_word' id='word_1_278' title='bbox 495 4276 749 4361; x_wconf 87' lang='lat' dir='ltr'><strong><em>gubernandam,</em></strong></span> <span class='ocrx_word' id='word_1_279' title='bbox 773 4280 1009 4344; x_wconf 88' lang='lat' dir='ltr'><strong><em>nonobstante</em></strong></span> <span class='ocrx_word' id='word_1_280' title='bbox 1033 4278 1118 4362; x_wconf 89' lang='lat' dir='ltr'><strong><em>quod</em></strong></span> <span class='ocrx_word' id='word_1_281' title='bbox 1143 4279 1246 4345; x_wconf 88' lang='lat' dir='ltr'><strong><em>eidem</em></strong></span> <span class='ocrx_word' id='word_1_282' title='bbox 1270 4278 1312 4345; x_wconf 92' lang='lat' dir='ltr'><strong><em>de</em></strong></span> <span class='ocrx_word' id='word_1_283' title='bbox 1331 4278 1492 4346; x_wconf 87' lang='lat' dir='ltr'><strong><em>decanatu</em></strong></span> <span class='ocrx_word' id='word_1_284' title='bbox 1516 4281 1595 4346; x_wconf 88' lang='lat' dir='ltr'><strong><em>eccl.</em></strong></span> 
     </span>
     <span class='ocr_line' id='line_1_35' title="bbox 263 4383 1595 4471; baseline 0.005 -24"><span class='ocrx_word' id='word_1_285' title='bbox 263 4383 452 4465; x_wconf 87' lang='lat' dir='ltr'><strong><em>Bunnensis,</em></strong></span> <span class='ocrx_word' id='word_1_286' title='bbox 486 4385 728 4451; x_wconf 88' lang='lat' dir='ltr'><strong><em>canonicatibus</em></strong></span> <span class='ocrx_word' id='word_1_287' title='bbox 762 4390 794 4451; x_wconf 92' lang='lat' dir='ltr'><strong><em>et</em></strong></span> <span class='ocrx_word' id='word_1_288' title='bbox 829 4384 1003 4470; x_wconf 91' lang='lat' dir='ltr'><strong><em>prebendis</em></strong></span> <span class='ocrx_word' id='word_1_289' title='bbox 1034 4406 1073 4452; x_wconf 88' lang='lat' dir='ltr'><strong><em>ae</em></strong></span> <span class='ocrx_word' id='word_1_290' title='bbox 1103 4386 1311 4453; x_wconf 86' lang='lat' dir='ltr'><strong><em>thesaurariis</em></strong></span> <span class='ocrx_word' id='word_1_291' title='bbox 1345 4407 1416 4453; x_wconf 88' lang='lat' dir='ltr'><strong><em>cum</em></strong></span> <span class='ocrx_word' id='word_1_292' title='bbox 1451 4389 1595 4471; x_wconf 85' lang='lat' dir='ltr'><strong><em>annexis,</em></strong></span> 
     </span>
     <span class='ocr_line' id='line_1_36' title="bbox 264 4489 1595 4581; baseline 0.005 -27"><span class='ocrx_word' id='word_1_293' title='bbox 264 4489 397 4566; x_wconf 85' lang='lat' dir='ltr'><strong><em>ferculo,</em></strong></span> <span class='ocrx_word' id='word_1_294' title='bbox 422 4489 537 4573; x_wconf 89' lang='lat' dir='ltr'><strong><em>officio,</em></strong></span> <span class='ocrx_word' id='word_1_295' title='bbox 562 4489 689 4557; x_wconf 90' lang='lat' dir='ltr'><strong><em>decima</em></strong></span> <span class='ocrx_word' id='word_1_296' title='bbox 711 4498 744 4558; x_wconf 89' lang='lat' dir='ltr'><strong><em>ct</em></strong></span> <span class='ocrx_word' id='word_1_297' title='bbox 768 4492 910 4559; x_wconf 87' lang='lat' dir='ltr'><strong><em>curtibus</em></strong></span> <span class='ocrx_word' id='word_1_298' title='bbox 932 4494 994 4559; x_wconf 87' lang='lat' dir='ltr'><strong><em>sub</em></strong></span> <span class='ocrx_word' id='word_1_299' title='bbox 1017 4514 1070 4559; x_wconf 82' lang='lat' dir='ltr'><strong><em>or.</em></strong></span> <span class='ocrx_word' id='word_1_300' title='bbox 1096 4496 1183 4559; x_wconf 75' lang='lat'><strong><em>1442</em></strong></span> <span class='ocrx_word' id='word_1_301' title='bbox 1207 4498 1410 4563; x_wconf 82' lang='lat' dir='ltr'><strong><em>enumeratis</em></strong></span> <span class='ocrx_word' id='word_1_302' title='bbox 1434 4516 1492 4581; x_wconf 90' lang='lat' dir='ltr'><strong><em>per</em></strong></span> <span class='ocrx_word' id='word_1_303' title='bbox 1514 4494 1595 4561; x_wconf 86' lang='lat' dir='ltr'><strong><em>alias</em></strong></span> 
     </span>
     <span class='ocr_line' id='line_1_37' title="bbox 264 4596 561 4682; baseline 0.003 -21"><span class='ocrx_word' id='word_1_304' title='bbox 264 4596 388 4664; x_wconf 88' lang='lat' dir='ltr'><strong><em>litteras</em></strong></span> <span class='ocrx_word' id='word_1_305' title='bbox 409 4596 561 4682; x_wconf 83' lang='lat' dir='ltr'><strong><em>prouidit.</em></strong></span> 
     </span>
    </p>
   </div>
   <div class='ocr_carea' id='block_1_8' title="bbox 371 4704 1595 4893">
    <p class='ocr_par' dir='ltr' id='par_1_9' title="bbox 371 4704 1595 4893">
     <span class='ocr_line' id='line_1_38' title="bbox 371 4704 1595 4791; baseline 0.005 -20"><span class='ocrx_word' id='word_1_306' title='bbox 371 4704 549 4771; x_wconf 88' lang='lat' dir='ltr'><strong><em>Probitatis</em></strong></span> <span class='ocrx_word' id='word_1_307' title='bbox 571 4707 686 4773; x_wconf 76' lang='lat' dir='ltr'><strong><em>menta</em></strong></span> <span class='ocrx_word' id='word_1_308' title='bbox 709 4707 823 4791; x_wconf 91' lang='lat' dir='ltr'><strong><em>quibus</em></strong></span> <span class='ocrx_word' id='word_1_309' title='bbox 837 4755 844 4772; x_wconf 91' lang='lat'><em>.</em></span> <span class='ocrx_word' id='word_1_310' title='bbox 859 4754 888 4773; x_wconf 90' lang='lat'><strong><em>..</em></strong></span> <span class='ocrx_word' id='word_1_311' title='bbox 915 4710 990 4776; x_wconf 89' lang='lat' dir='ltr'><strong><em>Dat.</em></strong></span> <span class='ocrx_word' id='word_1_312' title='bbox 1003 4709 1098 4776; x_wconf 79' lang='lat' dir='ltr'><strong><em>Aria</em></strong></span> <span class='ocrx_word' id='word_1_313' title='bbox 1122 4710 1156 4776; x_wconf 91' lang='lat' dir='ltr'><strong><em>II</em></strong></span> <span class='ocrx_word' id='word_1_314' title='bbox 1179 4709 1224 4776; x_wconf 83' lang='lat' dir='ltr'><strong><em>kl.</em></strong></span> <span class='ocrx_word' id='word_1_315' title='bbox 1247 4710 1316 4776; x_wconf 88' lang='lat' dir='ltr'><strong><em>iulii</em></strong></span> <span class='ocrx_word' id='word_1_316' title='bbox 1339 4731 1368 4778; x_wconf 88' lang='lat' dir='ltr'><strong><em>a.</em></strong></span> <span class='ocrx_word' id='word_1_317' title='bbox 1393 4709 1595 4778; x_wconf 90' lang='lat' dir='ltr'><strong><em>duodecimo.</em></strong></span> 
     </span>
     <span class='ocr_line' id='line_1_39' title="bbox 425 4819 824 4893; baseline 0.005 -18"><span class='ocrx_word' id='word_1_318' title='bbox 425 4819 498 4891; x_wconf 73' lang='lat' dir='ltr'><strong><em>ch.</em></strong></span> <span class='ocrx_word' id='word_1_319' title='bbox 518 4821 556 4874; x_wconf 84' lang='lat'><strong><em>88</em></strong></span> <span class='ocrx_word' id='word_1_320' title='bbox 572 4820 597 4893; x_wconf 74' lang='lat' dir='ltr'><strong><em>f.</em></strong></span> <span class='ocrx_word' id='word_1_321' title='bbox 615 4822 655 4875; x_wconf 89' lang='grc'><strong><em>80</em></strong></span> <span class='ocrx_word' id='word_1_322' title='bbox 671 4837 720 4877; x_wconf 82' lang='lat' dir='ltr'><strong><em>ur.</em></strong></span> <span class='ocrx_word' id='word_1_323' title='bbox 740 4820 824 4879; x_wconf 81' lang='lat'><strong><em>3215.</em></strong></span> 
     </span>
    </p>
   </div>
   <div class='ocr_carea' id='block_1_9' title="bbox 0 0 1828 5509">
    <p class='ocr_par' dir='ltr' id='par_1_10' title="bbox 0 0 1828 5509">
     <span class='ocr_line' id='line_1_40' title="bbox 0 0 1828 5509; baseline 0 0"><span class='ocrx_word' id='word_1_324' title='bbox 0 0 1828 5509; x_wconf 95' lang='lat' dir='ltr'><strong><em> </em></strong></span> 
     </span>
    </p>
   </div>
  </div>
 </body>
</html>
