3642 5509
725 462 793 519 1327
812 462 980 519 December
998 464 1023 518 8.
1498 464 1551 519 toa

322 639 503 707 Laudabile
527 644 753 725 testimonium,
778 641 863 725 quod
887 690 894 704 .
915 693 947 709 ..
995 644 1069 709 Dat.
1094 643 1190 708 Avin.
1204 644 1248 709 Vt
1273 642 1345 709 idus
1370 643 1551 710 decembris

215 768 247 812 a.
270 746 472 815 duodecimo.

322 856 360 920 ln
383 874 412 920 e.
436 877 478 921 m.
515 856 675 921 Tullensis
704 863 737 922 et
765 857 968 923 Susacicusis
995 858 1173 923 scolasticis
1198 877 1237 923 ac
1261 858 1384 923 cantori
1408 856 1550 923 eiusdem

214 960 417 1027 Susaciensis
439 961 551 1028 Gelon.
575 960 659 1028 dioc.
683 963 903 1030 ecclesiarum.

374 1090 448 1159 Καρ.
466 1091 505 1145 88
522 1089 548 1160 f.
568 1090 616 1145 281
635 1106 682 1145 ar.
702 1091 787 1147 3069.

321 1361 444 1427 leco.
471 1364 558 1428 1327
581 1362 765 1429 December
785 1366 817 1430 8.
847 1363 1013 1451 Astyaoa.

320 1485 492 1569 [lohannes
516 1486 628 1571 xxu]
662 1487 846 1553 Hermanno
875 1488 917 1553 de
941 1488 1058 1572 Bergle
1087 1488 1242 1553 canonico
1269 1488 1406 1553 ecclesie
1430 1489 1462 1552 in
1487 1489 1547 1555 ce-

211 1593 353 1678 risbcym
378 1593 488 1659 Golon.

318 1700 491 1765 Personam
526 1706 612 1766 tuam
648 1700 689 1766 de
721 1701 889 1767 honestate
907 1751 915 1767 .
933 1750 967 1767 ..
1014 1700 1101 1767 Sane
1133 1700 1249 1786 petitio
1279 1721 1338 1785 pro
1368 1706 1460 1786 parte
1490 1707 1547 1767 tua

210 1807 303 1873 nobis
326 1806 475 1872 exhibita
507 1806 704 1889 continebat,
737 1807 823 1891 quod
851 1809 926 1873 olim
959 1815 1065 1873 tecum
1102 1827 1197 1892 super
1227 1805 1353 1873 defectu
1378 1808 1545 1893 natalium,

210 1934 305 1997 quem
328 1914 450 2000 pateris
473 1913 643 1980 desoluto
666 1915 795 1998 genitus
815 1921 848 1980 et
864 1915 979 1997 soluta,
1005 1912 1089 1998 quod
1114 1934 1152 1979 eo
1177 1933 1238 1979 non
1263 1914 1412 1980 obstante
1435 1934 1546 1998 posses

209 2019 252 2085 ad
284 2040 396 2087 omncs
427 2020 556 2086 ordines
590 2022 769 2105 promoveri
803 2028 836 2087 et
869 2022 1124 2087 ecclesiasticum
1163 2020 1350 2086 beneficium
1389 2021 1545 2104 obtinere,

209 2128 307 2192 etiam
331 2129 357 2193 si
387 2148 496 2193 curam
526 2130 702 2194 animarum
726 2129 871 2210 haberet,
901 2129 962 2193 fuit
991 2129 1183 2194 auctoritate
1211 2127 1392 2212 apostolica
1420 2127 1545 2214 dispen-

209 2241 324 2317 satum,
355 2236 445 2301 cuius
469 2235 720 2319 dispensationis
744 2236 856 2315 vigore
880 2242 913 2300 te
937 2234 1046 2301 fecisti
1069 2232 1111 2299 ad
1136 2254 1246 2300 omnes
1269 2232 1398 2301 ordines
1421 2255 1544 2320 promo·

208 2342 275 2406 veri
300 2362 340 2406 ac
364 2342 587 2409 canonicatum
612 2348 645 2407 et
669 2340 865 2426 prebendam
901 2343 1038 2409 ecclesie
1068 2342 1101 2407 in
1130 2342 1321 2426 Gerisbeym
1346 2341 1544 2408 Coloniensis

208 2448 347 2514 diocesia
370 2448 461 2514 fuisti
485 2450 639 2514 canonice
662 2456 828 2515 assecutus
852 2456 884 2514 et
908 2448 1025 2515 deinde
1049 2447 1289 2534 dispensatione
1312 2448 1378 2514 alia
1400 2470 1463 2513 non
1487 2449 1542 2515 ob·

208 2561 297 2619 tenta
330 2554 564 2642 parrochialem
598 2555 769 2622 ecclesiam
802 2556 834 2620 in
868 2555 967 2621 Linse
991 2556 1197 2621 Treverensis
1225 2553 1364 2621 diocesis
1387 2555 1468 2621 alias
1492 2575 1543 2621 ca·

208 2664 321 2727 nonioe
353 2663 504 2747 recepisti
537 2662 690 2745 illumque
718 2682 783 2728 una
807 2681 878 2727 cum
902 2661 999 2727 dictis
1023 2662 1215 2727 canonicatu
1238 2668 1271 2727 et
1293 2661 1460 2747 prebenda
1483 2682 1541 2747 pcr

206 2770 407 2853 septennium
431 2769 483 2835 vel
507 2769 637 2835 circiter
660 2769 789 2835 tenuisti
813 2778 847 2834 at
863 2768 969 2835 adhuc
985 2777 1075 2835 tenes
1090 2821 1097 2836 .
1113 2820 1120 2836 .
1134 2819 1142 2834 .
1156 2769 1300 2838 fructus.
1316 2769 1540 2856 ..percipiens

207 2895 247 2940 ex
271 2874 402 2941 eisdem.
449 2876 556 2954 Quare
579 2896 637 2960 pro
663 2883 755 2960 parte
779 2883 834 2942 tua
858 2876 919 2941 luit
947 2877 1039 2942 nobis
1062 2874 1224 2942 humiliter
1247 2875 1538 2961 supplicatum...

207 2983 274 3049 Nos
297 2983 396 3067 igitur
420 3033 428 3049 .
448 3036 484 3053 ..
509 2990 542 3048 te
568 3031 629 3047 ...
654 2981 861 3049 babilitamus
889 2982 932 3047 ad
961 2983 1151 3049 beneficium
1175 2983 1227 3049 vel
1257 2982 1414 3049 beneficia
1437 2982 1540 3048 eccle·

205 3089 338 3156 siastica
362 3112 433 3156 cum
458 3110 535 3155 cura
558 3090 610 3155 vel
633 3090 702 3155 sine
732 3109 808 3155 cura
832 3089 1041 3155 obtinendum
1065 3089 1117 3156 vel
1141 3090 1238 3155 etiam
1262 3088 1438 3155 obtinenda
1462 3138 1470 3154 .
1496 3138 1503 3155 .
1530 3142 1538 3158 .

208 3196 281 3265 Dat.
306 3196 401 3262 Avin.
426 3197 470 3262 Vl
493 3196 566 3263 idus
590 3196 770 3263 decembris
794 3219 823 3263 a.
848 3196 1050 3263 duodecimo.

355 3320 427 3392 Bep.
446 3322 485 3376 88
500 3319 525 3390 f.
545 3320 583 3375 70
600 3334 648 3374 or.
666 3320 751 3375 3192.

308 3591 425 3659 lael.
456 3594 541 3659 1327
565 3593 749 3659 December
770 3595 803 3658 8.
827 3591 993 3679 Aoipaoa.

308 3733 468 3802 Iohannes
483 3735 583 3800 XXII
608 3735 750 3802 Amoldo
774 3733 816 3802 de
839 3736 971 3802 Dusenc
985 3744 1001 3776 ³
1026 3735 1180 3801 canonico
1201 3734 1440 3819 Osnaburgensi
1465 3756 1536 3801 con·

203 3842 276 3927 lert,
304 3849 435 3927 petente
459 3840 611 3908 Gotfrido
640 3844 792 3928 episcopo
816 3841 1068 3925 osnaburgensi,
1100 3849 1244 3907 reservat
1271 3842 1304 3907 in
1333 3841 1412 3908 cccl.
1437 3841 1536 3909 Osna-

203 3950 352 4034 burgensi
377 3949 569 4033 dignitatem
592 3950 645 4014 vel
679 3956 884 4034 personatum
918 3968 975 4014 seu
1008 3948 1146 4014 officium
1175 3968 1247 4014 cum
1281 3968 1358 4014 cura
1386 3948 1437 4014 vel
1466 3948 1536 4015 sine

202 4076 289 4138 cura,
313 4056 486 4121 dummodo
510 4054 700 4122 huiusmodo
724 4054 867 4139 dignitas
891 4055 924 4120 in
949 4054 1038 4121 dicta
1062 4054 1198 4121 ccclesia
1223 4061 1296 4139 post
1319 4053 1534 4142 episcopalem

202 4164 304 4229 maior
334 4183 397 4231 non
428 4161 558 4244 existat,
588 4164 824 4228 nonobstante
848 4162 934 4246 quod
958 4163 990 4227 in
1014 4161 1128 4229 eadem
1152 4162 1375 4228 canonicatum
1399 4162 1458 4228 sub
1482 4182 1534 4229 ex·

202 4269 386 4353 pectatione
418 4269 581 4354 prebende
614 4270 807 4335 auctoritate
839 4271 1018 4355 apostolica
1048 4276 1081 4336 et
1109 4270 1143 4334 in
1170 4269 1350 4353 Angarensi
1375 4269 1535 4337 Osnabur·

201 4377 309 4460 gensis
333 4374 414 4443 dioc.
440 4378 663 4443 canonicatum
687 4383 720 4443 et
743 4376 940 4463 prebendam
966 4376 1090 4443 obtinet
1113 4382 1145 4440 ct
1160 4378 1192 4440 in
1209 4376 1242 4441 S.
1260 4376 1405 4443 Severini
1422 4376 1532 4445 Golon.

201 4484 279 4549 eccl.
312 4483 371 4549 sub
401 4486 628 4569 expectatione
653 4483 816 4569 prebende
839 4491 873 4550 et
895 4484 1011 4550 ferculi
1034 4482 1065 4548 in
1090 4483 1278 4550 canonicum
1302 4490 1351 4550 est
1373 4491 1531 4571 receptus.

303 4590 480 4656 Probitatis
503 4597 556 4656 tue
580 4590 695 4656 merita
719 4640 727 4659 .
753 4640 760 4656 .
785 4640 793 4657 .
820 4591 894 4657 Dat.
922 4592 1014 4657 Ario.
1033 4590 1077 4656 Vl
1101 4590 1174 4657 idus
1197 4589 1377 4657 decembris
1399 4613 1429 4658 a.
1453 4592 1533 4660 duo·

200 4696 335 4764 decimo.

298 4838 330 4902 a)
349 4832 474 4892 Duaerw
492 4850 547 4892 ma
