3642 5509
764 463 834 527 1332
852 468 989 527 Februar
1008 467 1033 524 4.
1503 466 1556 527 435

222 647 365 717 vismodo
389 672 448 737 per
474 671 525 718 me
548 652 600 718 vel
630 652 725 718 alium
755 652 884 739 publice
908 653 959 718 vel
985 653 1109 718 occulte
1133 651 1285 718 auxilium
1314 654 1478 718 consilium
1504 653 1556 720 vel

221 760 365 826 favorem
394 780 454 826 nee
483 762 524 826 ab
557 760 641 843 aliis,
677 768 829 843 quantum
858 763 890 825 in
922 779 972 826 me
1006 762 1104 826 luerit
1137 769 1169 825 et
1201 759 1357 845 impedire
1391 761 1556 828 commode

221 875 346 952 potero,
360 867 430 933 dari
448 870 642 954 permittam.
667 868 722 934 Sic
741 888 791 933 me
807 867 887 934 deus
903 867 1036 933 adiuvet
1052 876 1085 933 et
1101 868 1160 933 hee
1177 876 1289 934 saneta
1306 868 1359 934 dei
1376 871 1545 954 evangelia

328 979 377 1041 De
402 977 689 1062 circumspectione
712 983 768 1042 tua
785 1027 791 1041 .
811 1026 844 1041 ..
877 977 953 1041 Dat.
979 976 1011 1041 ll
1035 996 1135 1042 nonas
1159 974 1310 1042 februarii
1335 999 1364 1043 a.
1382 978 1469 1043 XVI.

381 1102 453 1171 Ray.
473 1102 527 1155 116
544 1101 568 1170 f.
589 1100 658 1155 252‘
676 1116 724 1154 ar.
747 1102 835 1165 131&
855 1101 907 1155 Ra.
929 1103 1000 1156 1517
1018 1116 1048 1154 a.
1069 1104 1093 1154 1.

327 1367 457 1434 2099.
484 1370 571 1433 1332
594 1369 748 1434 Febraar
769 1370 801 1432 4.
827 1367 1020 1454 (Aviqnon.)

327 1509 487 1575 Iohannes
512 1509 612 1575 XXII
648 1508 820 1594 Radulpho
856 1508 897 1574 de
930 1509 1046 1594 Ruppc
1079 1510 1233 1575 canonico
1257 1510 1467 1595 Zamoriensi,
1504 1513 1554 1578 cui

220 1617 402 1699 committit,
436 1623 470 1680 ut
492 1638 512 1682 a
536 1617 688 1682 Walrano
722 1616 827 1682 electo
852 1617 963 1682 Colou.
989 1636 1072 1700 pape
1101 1623 1134 1680 et
1162 1617 1299 1684 ecclesie
1324 1618 1467 1684 Romane
1500 1640 1553 1684 uo·

220 1727 304 1791 miue
336 1725 481 1810 recipere
513 1722 679 1789 fidelitatis
712 1725 934 1806 iuramentum,
968 1722 1110 1806 mandat,
1146 1724 1294 1806 quatinus
1322 1723 1477 1792 adhibitis
1499 1725 1553 1793 ali·

220 1833 335 1915 quibus
359 1833 503 1916 personis
527 1832 661 1897 seeretis
684 1840 717 1896 et
743 1831 940 1896 notabilibus
965 1829 1101 1896 accedat
1126 1830 1167 1895 ad
1193 1831 1336 1896 Walrani
1360 1833 1553 1918 presentiam

219 1947 252 2004 et
275 1941 487 2021 iuramentum
510 1940 552 2005 ab
577 1937 691 2004 eodem
715 1939 862 2023 recipiat,
897 1938 1021 2004 faciens
1050 1936 1126 2003 inde
1149 1938 1279 2023 publiea
1303 1939 1416 2005 confici
1441 1941 1553 2007 instru-

219 2053 337 2129 menta,
374 2067 436 2131 que
471 2045 613 2112 eiusdem
649 2046 743 2112 electi
779 2045 885 2128 sigillo
922 2045 1044 2111 munita
1077 2065 1161 2131 pape
1195 2045 1335 2112 destinet
1367 2053 1492 2114 secrete
1522 2054 1554 2114 et

219 2153 368 2220 fideliter.

326 2261 405 2327 Cum
430 2262 487 2327 tibi
511 2282 570 2346 per
593 2262 673 2327 alias
810 2261 885 2325 Dat.
911 2261 943 2325 Il
967 2281 1068 2327 nonas
1093 2260 1244 2326 febroarii
1269 2283 1298 2326 a.
1323 2261 1552 2329 sextodecimo.

369 2388 440 2457 Ray.
463 2387 558 2456 nef.
579 2387 646 2442 259¹
664 2402 711 2440 ar.
732 2388 822 2451 1348;
843 2386 895 2440 Rz.
917 2387 995 2440 1517.

325 2651 449 2718 21⁰0.
476 2656 562 2718 1332
587 2655 741 2720 Febraar
762 2655 794 2718 5.
821 2651 987 2740 Avipnoa.

325 2796 497 2880 [Iohannes
521 2795 631 2880 XXll]
657 2796 816 2862 Willelmo
842 2795 952 2861 comiti
977 2795 1157 2862 luliacensi.

327 2904 405 2969 Cum
437 2904 613 2969 venerabili
647 2903 740 2968 fratri
773 2911 881 2968 nostro
915 2903 1054 2968 Henrico
1088 2903 1332 2989 archiepiscopo
1365 2905 1552 2988 Magantmo

219 3034 276 3098 per
304 3012 386 3077 alias
417 3017 543 3078 nostras
576 3011 754 3076 scribamus
781 3010 916 3091 litteras,
950 3015 985 3074 ut
1013 3012 1245 3095 possessionem
1277 3013 1477 3096 prepositure
1500 3032 1551 3078 ee·

219 3122 316 3187 elesie
342 3119 519 3184 Bnuuensis
544 3139 601 3202 por
624 3138 682 3183 nos
700 3168 707 3182 .
726 3168 733 3182 .
752 3118 907 3202 magistro
933 3117 1098 3183 Bernardo
1115 3118 1272 3202 Stephani
1298 3121 1421 3184 notario
1444 3127 1552 3186 nostro

218 3228 403 3313 specialiter
427 3225 469 3291 ad
497 3227 597 3311 ipsius
627 3225 863 3310 archiepiscopi
892 3224 1159 3309 supplicationem
1190 3225 1307 3291 collate
1330 3227 1390 3291 sibi
1414 3229 1446 3292 in
1471 3247 1552 3312 pace

218 3335 370 3416 dimittat,
394 3333 595 3399 nobilitatem
619 3341 707 3397 tuam
730 3352 881 3416 rogamus
904 3338 1038 3413 attente,
1063 3333 1146 3398 sieut
1170 3334 1266 3398 etiam
1291 3334 1349 3400 tibi
1374 3334 1496 3418 pridem
1520 3335 1552 3399 in

218 3449 327 3508 nostra
360 3440 533 3506 constituto
567 3439 730 3525 presentia
764 3438 884 3504 dixisse
908 3439 1087 3522 recolimuq
1118 3441 1266 3522 quatinus
1290 3438 1425 3506 eundem
1450 3441 1552 3507 archi·

218 3550 414 3634 episcopum,
438 3555 474 3613 ut
490 3549 608 3614 nostris
632 3547 792 3613 mandatis
815 3547 1002 3630 acquiescat
1018 3556 1051 3612 et
1067 3546 1353 3631 exhortationibus,
1378 3549 1552 3616 efficaciter

218 3656 370 3722 inducere
402 3655 534 3722 studeas
558 3662 590 3720 et
614 3655 875 3740 procuratoribus
908 3654 989 3721 dicti
1019 3657 1135 3720 notarii
1166 3656 1316 3722 assistere
1346 3707 1352 3721 .
1384 3705 1390 3721 .
1421 3705 1428 3722 .
1475 3659 1549 3723 Dat.

217 3785 318 3831 nonas
341 3764 494 3830 febroarii
518 3785 547 3827 a.
572 3762 801 3829 sextodecimo.

325 3873 360 3937 ln
385 3892 414 3937 e.
436 3893 477 3934 m.
503 3870 665 3935 Walramo
699 3870 802 3936 eleeto
827 3869 1009 3936 Coloniensi
1043 3871 1178 3936 sublatis
1210 3871 1273 3936 illis
1307 3871 1431 3938 verbis:
1468 3873 1551 3938 sicut

218 3980 314 4045 etiam
339 3979 397 4045 tibi
421 3976 545 4063 pridem
569 3979 602 4043 in
626 3985 735 4042 nostra
759 3979 933 4043 constituto
957 3979 1119 4062 presentia
1143 3977 1263 4043 dixisse
1288 3978 1467 4044 recolimus.

325 4087 361 4150 ln
386 4106 414 4151 6.
431 4108 472 4150 m.
499 4085 633 4151 Iohanni
658 4084 782 4151 decano
806 4085 885 4151 eccl.
911 4085 1090 4150 Bonnensis
1113 4085 1246 4150 sublatis
1270 4085 1366 4151 dietis
1389 4086 1505 4152 verbis.

377 4219 449 4286 neq.
469 4219 522 4270 116
540 4216 565 4284 f.
584 4217 639 4270 aer
658 4231 706 4269 nr.
727 4217 817 4281 raou-
838 4217 889 4270 ez.
910 4217 992 4272 1516.

324 4434 438 4548 2101.
470 4485 556 4547 1332
581 4483 734 4548 Februar
757 4485 789 4549 5.
818 4481 984 4569 Aviqaon.

325 4625 484 4690 lohannes
496 4624 596 4689 XXII
620 4625 783 4710 preposito
799 4626 832 4691 S.
846 4625 1016 4690 Kuniberti
1043 4631 1074 4689 ct
1098 4625 1130 4690 S.
1146 4625 1291 4690 Severini
1316 4646 1355 4692 ao
1371 4625 1404 4692 S.
1419 4623 1550 4710 Georgii

217 4732 349 4797 decanis
373 4731 581 4797 ecclesiarum
600 4731 710 4798 Colon.
735 4731 877 4813 mandat,
902 4733 1052 4814 quatinus
1076 4732 1251 4798 Iohannem
1276 4732 1316 4798 de
1333 4731 1550 4818 Langeudorp

216 4839 427 4924 presbiterum
445 4838 554 4903 Colon.
573 4837 656 4904 dioc.
683 4839 861 4924 cupientem
887 4839 958 4903 euni
983 4840 1101 4904 abbate
1126 4846 1158 4904 et
1183 4847 1342 4905 corruentu
1366 4841 1551 4907 monasterii
