3642 5509
754 451 822 507 1331
843 450 962 507 Januar
982 449 1006 506 1.
1479 451 1532 507 389

196 631 507 718 preposituram...
528 630 631 699 eidem
661 630 828 698 Ludovico
861 633 914 698 vel
944 633 1144 718 procuratori
1168 652 1249 698 suo.
1270 632 1467 698 ..conferre
1500 638 1533 697 et

197 743 363 824 assignare
380 741 498 806 curetis
515 789 523 805 .
543 789 551 804 .
570 788 577 804 .
594 740 875 805 nonobstantibus
892 739 1143 823 quibuscumque
1162 787 1169 803 .
1187 785 1194 801 .
1213 788 1220 804 .
1238 745 1294 805 aut
1318 738 1403 822 quod
1427 737 1532 806 dictus

196 846 381 914 ludovicus
403 847 436 911 in
461 847 662 913 Traiectensi
687 847 911 912 canonicatum
936 853 968 911 et
992 845 1188 932 prebendam
1218 853 1251 912 et
1280 847 1312 910 in
1336 848 1369 913 S.
1394 846 1531 912 Dionisii

196 953 385 1022 Leodiensis
408 955 618 1037 scolastriam,
655 973 716 1037 que
745 974 805 1020 nec
828 953 971 1038 dignitas
1005 973 1065 1020 nec
1088 960 1278 1040 personatus
1310 952 1368 1020 sed
1392 953 1531 1020 officinm

85 1147 94 1160 Ι
196 1064 267 1129 sine
292 1082 370 1127 cura
394 1061 515 1144 existit,
544 1081 584 1128 ac
607 1062 638 1126 in
663 1060 776 1127 eadem
801 1067 833 1127 et
865 1061 898 1126 iu
922 1061 1035 1128 maiori
1059 1061 1232 1127 Leodiensi
1256 1081 1295 1126 ac
1318 1060 1352 1127 S.
1377 1060 1531 1127 Gereonis

196 1170 306 1237 Colon.
342 1169 421 1236 eccl.
458 1170 666 1235 canonicatus
701 1169 759 1234 sub
800 1169 1028 1254 expectatione
1066 1167 1301 1254 prebendarum
1341 1168 1531 1234 auctoritate

195 1277 375 1364 apostolica
406 1278 547 1344 noscitur
581 1278 749 1343 obtinere.
770 1326 777 1342 .
796 1329 803 1343 .
821 1278 898 1343 Dat.
922 1275 1017 1344 Avin.
1041 1277 1091 1342 Ill
1114 1275 1160 1342 kl.
1193 1277 1329 1344 ianuarii
1353 1297 1382 1341 a.
1408 1276 1531 1360 quinto

196 1383 330 1451 decimo.

353 1509 427 1580 aeq.
446 1511 483 1564 85
501 1524 549 1563 nr.
568 1509 637 1564 624.

299 1778 423 1846 2⁰⁰1.
452 1782 539 1844 1331
562 1781 702 1846 Junuur
727 1782 756 1848 1.
780 1776 947 1865 Aoipnon.

302 1922 461 1988 Iohannes
476 1923 579 1988 XXII
602 1923 745 1989 Roberto
762 1922 803 1988 de
819 1923 929 1988 Tuitio
945 1923 1070 1988 confert
1086 1923 1165 1989 eccl.
1183 1923 1217 1990 S.
1234 1922 1334 1988 llarie
1350 1920 1393 1988 ud
1408 1920 1530 2006 gradus

195 2030 305 2097 Solon.
331 2031 566 2114 canonicatum,
591 2029 786 2116 prebendam
805 2049 880 2095 vero
904 2050 944 2094 ac
969 2028 1159 2114 dignitatem
1177 2030 1228 2095 vel
1252 2035 1456 2114 personatum
1472 2047 1529 2093 scu

194 2137 334 2203 officium
367 2157 437 2202 cum
473 2159 549 2202 cura
577 2137 628 2203 vel
657 2138 725 2203 sine
750 2157 826 2203 cura
855 2137 888 2202 in
912 2136 1026 2202 eadem
1052 2139 1080 2202 ei
1104 2143 1258 2220 reservat,
1294 2137 1528 2204 nonobstante

194 2243 280 2327 quod
304 2245 337 2308 in
361 2245 390 2312 N
393 2245 565 2311 oviomensi
601 2245 794 2310 auctoritate
826 2243 1007 2328 apostolica
1040 2244 1263 2310 canonicatum
1288 2243 1347 2309 sub
1378 2247 1528 2328 expecta·

194 2353 281 2416 tione
305 2351 469 2436 prebende
493 2358 526 2416 et
549 2353 581 2416 in
607 2351 640 2416 S.
666 2351 753 2416 Petri
777 2349 879 2416 Leod.
905 2351 1128 2416 canonicatum
1158 2357 1191 2416 et
1213 2349 1409 2436 prebendam
1432 2349 1527 2415 acin

193 2458 436 2525 Rumersboven
465 2458 543 2525 eccl.
574 2456 736 2542 quoddam
765 2459 868 2523 altare
897 2458 1022 2523 obtinet
1044 2478 1083 2523 ac
1107 2477 1202 2543 snper
1230 2456 1424 2543 parrochiali
1447 2456 1526 2522 ecel.

193 2563 235 2630 de
258 2566 439 2651 Rayrmunt
463 2564 563 2631 Leod.
589 2564 672 2633 dioc.
692 2615 699 2629 .
718 2615 724 2629 .
744 2614 751 2629 .
768 2565 885 2649 litigat.
934 2565 1056 2631 Tamen
1081 2565 1192 2650 vigere
1215 2564 1309 2631 buius
1332 2563 1435 2648 gratie
1459 2562 1527 2648 dig-

192 2672 325 2738 nitatem
349 2674 400 2740 rel
425 2679 631 2758 personatum
654 2692 711 2737 seu
734 2681 878 2737 curatum
903 2671 1041 2738 officium
1059 2677 1225 2739 assecutus
1241 2672 1369 2739 omnino
1386 2669 1527 2737 dimittat

192 2780 372 2865 predictam
396 2780 630 2867 parrochialem
655 2779 837 2846 ecclesiam.

299 2889 373 2954 Vite
406 2886 514 2970 decor,
549 2906 672 2952 morum
706 2885 857 2952 honestas
885 2935 893 2950 .
924 2938 932 2954 .
962 2939 969 2954 .
1029 2887 1104 2952 Dat.
1130 2885 1223 2954 Asin.
1257 2885 1304 2952 kl.
1332 2885 1470 2953 ianuarii
1494 2906 1525 2952 a.

191 2993 439 3077 quintodecimo.
1320 3077 1327 3094 ι

297 3102 335 3167 ln
359 3122 387 3168 c.
405 3123 446 3167 m.
471 3100 595 3168 decano
618 3101 653 3167 S.
670 3100 817 3168 Severini
842 3106 875 3166 et
897 3100 1062 3186 preposito
1086 3120 1126 3167 ac
1149 3099 1322 3168 scolastico
1343 3098 1376 3166 S.
1394 3099 1523 3166 Andree

191 3209 303 3275 Solon.
327 3209 549 3277 ecelesiarum.

341 3352 413 3422 ch.
435 3351 490 3407 100
507 3366 556 3407 nr.
575 3354 619 3407 94.

294 3667 428 3734 2⁰⁰2.
459 3673 545 3735 1331
569 3672 709 3737 Januur
732 3673 763 3734 2.
787 3667 981 3755 (Avipuon.)

297 3811 455 3877 lohannes
478 3811 579 3876 XXII
614 3813 713 3877 Petro
737 3811 826 3877 Petri
857 3810 945 3878 dicto
974 3810 1015 3879 de
1039 3813 1172 3879 Oolouia
1195 3813 1312 3879 clerico
1336 3814 1527 3881 Treverensi

188 3925 332 3985 reservat
364 3917 554 3984 beneficium
589 3919 845 3985 ecclesiasticum
881 3939 951 3985 cum
982 3940 1059 3986 cura
1083 3920 1133 3985 vel
1157 3921 1225 3986 sine
1250 3940 1327 3986 cura
1350 3920 1392 3986 ad
1420 3919 1525 4006 dispo-

187 4024 336 4090 sitionem
361 4024 478 4091 decani
503 4026 639 4092 ecclesie
664 4026 875 4094 Treverensis
903 4028 1080 4112 pertinens,
1114 4027 1205 4094 cuius
1236 4027 1368 4110 fructus,
1397 4029 1424 4094 si
1454 4049 1524 4094 cum

144 4157 152 4174 ·
188 4150 275 4212 cura,
300 4132 426 4215 viginti,
460 4134 589 4198 sivero
624 4133 693 4198 sine
717 4152 793 4198 eura
828 4133 933 4216 suerit,
970 4133 1150 4217 quindecim
1174 4133 1375 4200 marcharum
1399 4137 1526 4220 argenti

187 4237 363 4303 secundum
387 4241 584 4305 taxationem
609 4239 735 4305 decime
759 4240 900 4306 valorem
925 4260 1064 4305 annuum
1089 4261 1151 4306 uon
1175 4239 1348 4307 excedunt.

294 4345 485 4432 Multiplieia
508 4352 562 4412 tue
585 4347 699 4412 merita
730 4397 737 4412 .
768 4396 775 4412 .
807 4395 814 4412 .
870 4348 947 4413 Dat.
972 4347 1040 4413 llll
1063 4367 1164 4414 nonas
1186 4349 1321 4415 ianuarii
1345 4370 1375 4414 a.
1400 4351 1524 4433 quinto-

186 4451 323 4519 decimo.
1050 4453 1053 4460 '

293 4560 331 4625 ln
355 4580 383 4625 e.
408 4582 449 4626 m.
483 4560 729 4646 archiepiscopo
754 4562 946 4630 Treverensi
981 4569 1014 4628 et
1044 4560 1168 4627 decano
1198 4563 1231 4628 S.
1258 4562 1384 4629 Martini
1413 4565 1523 4631 Wcsa·

185 4667 296 4734 liensis
319 4668 452 4733 Trever.
477 4666 560 4733 dioc.
585 4688 625 4734 ac
648 4669 820 4735 scolastico
844 4668 954 4735 Colon.
980 4668 1201 4735 ecclesiarum.

336 4841 409 4909 Rey.
429 4839 468 4893 98
483 4838 508 4909 f.
529 4839 596 4894 387¹
614 4855 661 4895 nr.
682 4839 747 4894 909.
