<?xml version="1.0" encoding="UTF-8"?>
<!DOCTYPE html PUBLIC "-//W3C//DTD XHTML 1.0 Transitional//EN"
    "http://www.w3.org/TR/xhtml1/DTD/xhtml1-transitional.dtd">
<html xmlns="http://www.w3.org/1999/xhtml" xml:lang="en" lang="en">
 <head>
  <title>
</title>
<meta http-equiv="Content-Type" content="text/html;charset=utf-8" />
  <meta name='ocr-system' content='tesseract 3.04.00' />
  <meta name='ocr-capabilities' content='ocr_page ocr_carea ocr_par ocr_line ocrx_word'/>
</head>
<body>
  <div class='ocr_page' id='page_1' title='image "./urkundenundrege00thimgoog_0123.png"; bbox 0 0 3642 5509; ppageno 0'>
   <div class='ocr_carea' id='block_1_1' title="bbox 286 437 1117 505">
    <p class='ocr_par' dir='ltr' id='par_1_1' title="bbox 286 437 1117 505">
     <span class='ocr_line' id='line_1_1' title="bbox 286 437 1117 505; baseline 0.005 -4"><span class='ocrx_word' id='word_1_1' title='bbox 286 443 322 502; x_wconf 82' lang='lat'>94</span> <span class='ocrx_word' id='word_1_2' title='bbox 711 437 718 451; x_wconf 82' lang='lat'>&#39;</span> <span class='ocrx_word' id='word_1_3' title='bbox 794 449 863 505; x_wconf 77' lang='lat' dir='ltr'>leet</span> <span class='ocrx_word' id='word_1_4' title='bbox 881 446 1052 505; x_wconf 83' lang='lat' dir='ltr'>November</span> <span class='ocrx_word' id='word_1_5' title='bbox 1072 447 1117 505; x_wconf 76' lang='lat'>26.</span> 
     </span>
    </p>
   </div>
   <div class='ocr_carea' id='block_1_2' title="bbox 391 678 1115 766">
    <p class='ocr_par' dir='ltr' id='par_1_2' title="bbox 391 678 1115 766">
     <span class='ocr_line' id='line_1_2' title="bbox 391 678 1115 766; baseline 0.001 -22"><span class='ocrx_word' id='word_1_6' title='bbox 391 679 514 749; x_wconf 90' lang='grc'><strong>1333.</strong></span> <span class='ocrx_word' id='word_1_7' title='bbox 546 681 632 746; x_wconf 82' lang='grc'><strong>1327</strong></span> <span class='ocrx_word' id='word_1_8' title='bbox 656 681 843 745; x_wconf 82' lang='lat' dir='ltr'><strong><em>November</em></strong></span> <span class='ocrx_word' id='word_1_9' title='bbox 868 683 922 745; x_wconf 89' lang='lat'>26.</span> <span class='ocrx_word' id='word_1_10' title='bbox 948 678 1115 766; x_wconf 80' lang='lat' dir='ltr'>Acipeoe.</span> 
     </span>
    </p>
   </div>
   <div class='ocr_carea' id='block_1_3' title="bbox 284 820 1621 2281">
    <p class='ocr_par' dir='ltr' id='par_1_3' title="bbox 285 820 1621 1763">
     <span class='ocr_line' id='line_1_3' title="bbox 393 820 1621 889; baseline 0.002 -3"><span class='ocrx_word' id='word_1_11' title='bbox 393 820 553 888; x_wconf 86' lang='lat' dir='ltr'>Iohannes</span> <span class='ocrx_word' id='word_1_12' title='bbox 575 822 673 887; x_wconf 84' lang='lat' dir='ltr'>XXII</span> <span class='ocrx_word' id='word_1_13' title='bbox 707 822 891 889; x_wconf 82' lang='lat' dir='ltr'>Hermanno</span> <span class='ocrx_word' id='word_1_14' title='bbox 921 821 963 887; x_wconf 91' lang='lat' dir='ltr'>de</span> <span class='ocrx_word' id='word_1_15' title='bbox 987 822 1129 888; x_wconf 88' lang='lat' dir='ltr'>Monreal</span> <span class='ocrx_word' id='word_1_16' title='bbox 1159 824 1313 889; x_wconf 88' lang='lat' dir='ltr'>canonico</span> <span class='ocrx_word' id='word_1_17' title='bbox 1338 823 1417 889; x_wconf 90' lang='lat' dir='ltr'>eccl.</span> <span class='ocrx_word' id='word_1_18' title='bbox 1442 823 1621 889; x_wconf 88' lang='lat' dir='ltr'>Bunnensis</span> 
     </span>
     <span class='ocr_line' id='line_1_4' title="bbox 286 927 1621 1015; baseline 0.001 -21"><span class='ocrx_word' id='word_1_19' title='bbox 286 928 397 994; x_wconf 83' lang='lat' dir='ltr'>Colon.</span> <span class='ocrx_word' id='word_1_20' title='bbox 422 927 506 993; x_wconf 91' lang='lat' dir='ltr'>dioc.</span> <span class='ocrx_word' id='word_1_21' title='bbox 532 934 675 994; x_wconf 87' lang='lat' dir='ltr'>reservat</span> <span class='ocrx_word' id='word_1_22' title='bbox 698 929 731 993; x_wconf 93' lang='lat' dir='ltr'>in</span> <span class='ocrx_word' id='word_1_23' title='bbox 759 927 874 994; x_wconf 84' lang='lat' dir='ltr'>eadem</span> <span class='ocrx_word' id='word_1_24' title='bbox 903 929 983 995; x_wconf 85' lang='lat' dir='ltr'>eccl.</span> <span class='ocrx_word' id='word_1_25' title='bbox 1008 929 1247 1015; x_wconf 82' lang='lat' dir='ltr'>prestimonium</span> <span class='ocrx_word' id='word_1_26' title='bbox 1273 930 1324 995; x_wconf 90' lang='lat' dir='ltr'>vel</span> <span class='ocrx_word' id='word_1_27' title='bbox 1348 930 1463 995; x_wconf 88' lang='lat' dir='ltr'>curtim</span> <span class='ocrx_word' id='word_1_28' title='bbox 1486 949 1543 996; x_wconf 88' lang='lat' dir='ltr'>seu</span> <span class='ocrx_word' id='word_1_29' title='bbox 1567 929 1621 995; x_wconf 92' lang='lat' dir='ltr'>de-</span> 
     </span>
     <span class='ocr_line' id='line_1_5' title="bbox 286 1033 1620 1121; baseline 0.001 -22"><span class='ocrx_word' id='word_1_30' title='bbox 286 1035 401 1100; x_wconf 90' lang='lat' dir='ltr'>cimam</span> <span class='ocrx_word' id='word_1_31' title='bbox 431 1036 499 1100; x_wconf 90' lang='lat' dir='ltr'>sine</span> <span class='ocrx_word' id='word_1_32' title='bbox 529 1055 616 1117; x_wconf 92' lang='lat' dir='ltr'>cura,</span> <span class='ocrx_word' id='word_1_33' title='bbox 649 1033 867 1100; x_wconf 82' lang='lat' dir='ltr'><strong>obedientiam</strong></span> <span class='ocrx_word' id='word_1_34' title='bbox 891 1037 922 1100; x_wconf 95' lang='lat' dir='ltr'>in</span> <span class='ocrx_word' id='word_1_35' title='bbox 951 1036 1096 1121; x_wconf 87' lang='lat' dir='ltr'>partibus</span> <span class='ocrx_word' id='word_1_36' title='bbox 1119 1036 1182 1101; x_wconf 90' lang='lat' dir='ltr'>illis</span> <span class='ocrx_word' id='word_1_37' title='bbox 1206 1036 1381 1119; x_wconf 81' lang='lat' dir='ltr'>vulgariter</span> <span class='ocrx_word' id='word_1_38' title='bbox 1404 1044 1620 1121; x_wconf 87' lang='lat' dir='ltr'>nuncupatum</span> 
     </span>
     <span class='ocr_line' id='line_1_6' title="bbox 285 1142 1620 1229; baseline 0.001 -22"><span class='ocrx_word' id='word_1_39' title='bbox 285 1162 342 1207; x_wconf 91' lang='lat' dir='ltr'>seu</span> <span class='ocrx_word' id='word_1_40' title='bbox 366 1148 592 1227; x_wconf 75' lang='lat' dir='ltr'>nuncupatam,</span> <span class='ocrx_word' id='word_1_41' title='bbox 625 1149 811 1207; x_wconf 88' lang='lat' dir='ltr'>consuetum</span> <span class='ocrx_word' id='word_1_42' title='bbox 836 1143 888 1207; x_wconf 89' lang='lat' dir='ltr'>vel</span> <span class='ocrx_word' id='word_1_43' title='bbox 913 1149 1096 1208; x_wconf 88' lang='lat' dir='ltr'>consuetam</span> <span class='ocrx_word' id='word_1_44' title='bbox 1121 1144 1286 1208; x_wconf 88' lang='lat' dir='ltr'>canonicis</span> <span class='ocrx_word' id='word_1_45' title='bbox 1310 1142 1517 1229; x_wconf 89' lang='lat' dir='ltr'>prebendatis</span> <span class='ocrx_word' id='word_1_46' title='bbox 1540 1144 1620 1209; x_wconf 90' lang='lat' dir='ltr'>eccl.</span> 
     </span>
     <span class='ocr_line' id='line_1_7' title="bbox 286 1249 1620 1335; baseline 0.001 -22"><span class='ocrx_word' id='word_1_47' title='bbox 286 1249 465 1314; x_wconf 88' lang='lat' dir='ltr'>Bunnensis</span> <span class='ocrx_word' id='word_1_48' title='bbox 497 1249 555 1314; x_wconf 92' lang='lat' dir='ltr'>sub</span> <span class='ocrx_word' id='word_1_49' title='bbox 589 1258 678 1314; x_wconf 89' lang='lat' dir='ltr'>certa</span> <span class='ocrx_word' id='word_1_50' title='bbox 709 1251 863 1333; x_wconf 90' lang='lat' dir='ltr'>pensione</span> <span class='ocrx_word' id='word_1_51' title='bbox 886 1270 992 1315; x_wconf 91' lang='lat' dir='ltr'>annua</span> <span class='ocrx_word' id='word_1_52' title='bbox 1016 1250 1186 1335; x_wconf 87' lang='lat' dir='ltr'>assignari,</span> <span class='ocrx_word' id='word_1_53' title='bbox 1223 1271 1285 1316; x_wconf 91' lang='lat' dir='ltr'>non</span> <span class='ocrx_word' id='word_1_54' title='bbox 1310 1250 1510 1317; x_wconf 83' lang='lat' dir='ltr'>obstantibus</span> <span class='ocrx_word' id='word_1_55' title='bbox 1535 1249 1620 1334; x_wconf 87' lang='lat' dir='ltr'>quod</span> 
     </span>
     <span class='ocr_line' id='line_1_8' title="bbox 285 1353 1621 1441; baseline 0 -20"><span class='ocrx_word' id='word_1_56' title='bbox 285 1358 318 1421; x_wconf 92' lang='lat' dir='ltr'>in</span> <span class='ocrx_word' id='word_1_57' title='bbox 350 1353 497 1441; x_wconf 87' lang='lat' dir='ltr'>predicta</span> <span class='ocrx_word' id='word_1_58' title='bbox 520 1355 682 1421; x_wconf 88' lang='lat' dir='ltr'>Bunnensi</span> <span class='ocrx_word' id='word_1_59' title='bbox 716 1356 947 1422; x_wconf 81' lang='lat' dir='ltr'>thesaurariam</span> <span class='ocrx_word' id='word_1_60' title='bbox 972 1365 1004 1422; x_wconf 88' lang='lat' dir='ltr'>et</span> <span class='ocrx_word' id='word_1_61' title='bbox 1027 1358 1060 1423; x_wconf 84' lang='lat' dir='ltr'>S.</span> <span class='ocrx_word' id='word_1_62' title='bbox 1090 1357 1210 1422; x_wconf 82' lang='lat' dir='ltr'>Florini</span> <span class='ocrx_word' id='word_1_63' title='bbox 1234 1358 1266 1422; x_wconf 93' lang='lat' dir='ltr'>in</span> <span class='ocrx_word' id='word_1_64' title='bbox 1291 1356 1492 1423; x_wconf 82' lang='lat' dir='ltr'>Confluentis</span> <span class='ocrx_word' id='word_1_65' title='bbox 1521 1356 1621 1440; x_wconf 89' lang='lat' dir='ltr'>quod·</span> 
     </span>
     <span class='ocr_line' id='line_1_9' title="bbox 286 1462 1621 1550; baseline 0 -22"><span class='ocrx_word' id='word_1_66' title='bbox 286 1462 361 1529; x_wconf 90' lang='lat' dir='ltr'>dam</span> <span class='ocrx_word' id='word_1_67' title='bbox 385 1464 623 1550; x_wconf 86' lang='lat' dir='ltr'>prestimonium</span> <span class='ocrx_word' id='word_1_68' title='bbox 647 1484 687 1529; x_wconf 89' lang='lat' dir='ltr'>ae</span> <span class='ocrx_word' id='word_1_69' title='bbox 706 1464 741 1527; x_wconf 92' lang='lat' dir='ltr'>in</span> <span class='ocrx_word' id='word_1_70' title='bbox 763 1463 882 1529; x_wconf 88' lang='lat' dir='ltr'>eisdem</span> <span class='ocrx_word' id='word_1_71' title='bbox 908 1464 1069 1529; x_wconf 91' lang='lat' dir='ltr'>Bunnensi</span> <span class='ocrx_word' id='word_1_72' title='bbox 1094 1471 1126 1529; x_wconf 89' lang='lat' dir='ltr'>et</span> <span class='ocrx_word' id='word_1_73' title='bbox 1150 1463 1183 1529; x_wconf 91' lang='lat' dir='ltr'>S.</span> <span class='ocrx_word' id='word_1_74' title='bbox 1211 1464 1331 1529; x_wconf 83' lang='lat' dir='ltr'>Florini</span> <span class='ocrx_word' id='word_1_75' title='bbox 1357 1464 1564 1531; x_wconf 79' lang='lat' dir='ltr'>canonicatus</span> <span class='ocrx_word' id='word_1_76' title='bbox 1588 1470 1621 1529; x_wconf 89' lang='lat' dir='ltr'>et</span> 
     </span>
     <span class='ocr_line' id='line_1_10' title="bbox 286 1569 1620 1656; baseline 0 -21"><span class='ocrx_word' id='word_1_77' title='bbox 286 1569 466 1656; x_wconf 88' lang='lat' dir='ltr'>prebendas</span> <span class='ocrx_word' id='word_1_78' title='bbox 494 1577 527 1636; x_wconf 88' lang='lat' dir='ltr'>et</span> <span class='ocrx_word' id='word_1_79' title='bbox 554 1571 586 1636; x_wconf 94' lang='lat' dir='ltr'>in</span> <span class='ocrx_word' id='word_1_80' title='bbox 611 1571 645 1636; x_wconf 89' lang='lat' dir='ltr'>S.</span> <span class='ocrx_word' id='word_1_81' title='bbox 671 1570 814 1636; x_wconf 83' lang='lat' dir='ltr'>Castoris</span> <span class='ocrx_word' id='word_1_82' title='bbox 841 1570 883 1635; x_wconf 91' lang='lat' dir='ltr'>de</span> <span class='ocrx_word' id='word_1_83' title='bbox 907 1569 1109 1636; x_wconf 82' lang='lat' dir='ltr'>Confluentis</span> <span class='ocrx_word' id='word_1_84' title='bbox 1138 1573 1363 1637; x_wconf 87' lang='lat' dir='ltr'>canonicatum</span> <span class='ocrx_word' id='word_1_85' title='bbox 1386 1572 1445 1637; x_wconf 91' lang='lat' dir='ltr'>sub</span> <span class='ocrx_word' id='word_1_86' title='bbox 1470 1576 1620 1656; x_wconf 86' lang='lat' dir='ltr'>expecta·</span> 
     </span>
     <span class='ocr_line' id='line_1_11' title="bbox 285 1676 1136 1763; baseline 0 -20"><span class='ocrx_word' id='word_1_87' title='bbox 285 1679 372 1744; x_wconf 90' lang='lat' dir='ltr'>tione</span> <span class='ocrx_word' id='word_1_88' title='bbox 395 1676 558 1763; x_wconf 85' lang='lat' dir='ltr'>prebende</span> <span class='ocrx_word' id='word_1_89' title='bbox 581 1677 775 1744; x_wconf 86' lang='lat' dir='ltr'>auctoritate</span> <span class='ocrx_word' id='word_1_90' title='bbox 798 1678 977 1763; x_wconf 87' lang='lat' dir='ltr'>apostolica</span> <span class='ocrx_word' id='word_1_91' title='bbox 1001 1678 1136 1744; x_wconf 91' lang='lat' dir='ltr'>obtinet.</span> 
     </span>
    </p>

    <p class='ocr_par' dir='ltr' id='par_1_4' title="bbox 284 1785 1621 1959">
     <span class='ocr_line' id='line_1_12' title="bbox 390 1785 1621 1853; baseline 0.002 -4"><span class='ocrx_word' id='word_1_92' title='bbox 390 1785 566 1851; x_wconf 90' lang='lat' dir='ltr'>Probitatis</span> <span class='ocrx_word' id='word_1_93' title='bbox 593 1786 708 1851; x_wconf 84' lang='lat' dir='ltr'>merita</span> <span class='ocrx_word' id='word_1_94' title='bbox 731 1791 764 1851; x_wconf 87' lang='lat' dir='ltr'>et</span> <span class='ocrx_word' id='word_1_95' title='bbox 786 1786 940 1851; x_wconf 90' lang='lat' dir='ltr'>virtutum</span> <span class='ocrx_word' id='word_1_96' title='bbox 1080 1786 1155 1851; x_wconf 88' lang='lat' dir='ltr'>Dat.</span> <span class='ocrx_word' id='word_1_97' title='bbox 1181 1786 1275 1852; x_wconf 85' lang='lat' dir='ltr'>Avin.</span> <span class='ocrx_word' id='word_1_98' title='bbox 1301 1786 1347 1852; x_wconf 88' lang='lat' dir='ltr'>Vl</span> <span class='ocrx_word' id='word_1_99' title='bbox 1370 1785 1416 1851; x_wconf 83' lang='lat' dir='ltr'>kl.</span> <span class='ocrx_word' id='word_1_100' title='bbox 1441 1785 1621 1853; x_wconf 86' lang='lat' dir='ltr'>decembris</span> 
     </span>
     <span class='ocr_line' id='line_1_13' title="bbox 284 1891 541 1959; baseline -0.004 0"><span class='ocrx_word' id='word_1_101' title='bbox 284 1914 315 1959; x_wconf 86' lang='lat' dir='ltr'>a.</span> <span class='ocrx_word' id='word_1_102' title='bbox 340 1891 541 1959; x_wconf 91' lang='lat' dir='ltr'>duodecimo.</span> 
     </span>
    </p>

    <p class='ocr_par' dir='ltr' id='par_1_5' title="bbox 284 1999 1618 2281">
     <span class='ocr_line' id='line_1_14' title="bbox 391 1999 1618 2068; baseline 0.002 -5"><span class='ocrx_word' id='word_1_103' title='bbox 391 2000 428 2064; x_wconf 92' lang='lat' dir='ltr'>ln</span> <span class='ocrx_word' id='word_1_104' title='bbox 452 2021 479 2066; x_wconf 88' lang='lat' dir='ltr'>e.</span> <span class='ocrx_word' id='word_1_105' title='bbox 498 2020 538 2063; x_wconf 92' lang='lat' dir='ltr'>m.</span> <span class='ocrx_word' id='word_1_106' title='bbox 570 1999 694 2066; x_wconf 91' lang='lat' dir='ltr'>decano</span> <span class='ocrx_word' id='word_1_107' title='bbox 717 2000 751 2068; x_wconf 87' lang='lat' dir='ltr'>S.</span> <span class='ocrx_word' id='word_1_108' title='bbox 777 1999 907 2066; x_wconf 83' lang='lat' dir='ltr'>Andree</span> <span class='ocrx_word' id='word_1_109' title='bbox 931 2006 963 2066; x_wconf 85' lang='lat' dir='ltr'>et</span> <span class='ocrx_word' id='word_1_110' title='bbox 987 1999 1186 2067; x_wconf 85' lang='lat' dir='ltr'>thesaurario</span> <span class='ocrx_word' id='word_1_111' title='bbox 1211 2000 1245 2067; x_wconf 87' lang='lat' dir='ltr'>S.</span> <span class='ocrx_word' id='word_1_112' title='bbox 1270 2001 1417 2067; x_wconf 82' lang='lat' dir='ltr'>Severini</span> <span class='ocrx_word' id='word_1_113' title='bbox 1441 2001 1553 2067; x_wconf 83' lang='lat' dir='ltr'>Goion.</span> <span class='ocrx_word' id='word_1_114' title='bbox 1578 2020 1618 2066; x_wconf 89' lang='lat' dir='ltr'>ac</span> 
     </span>
     <span class='ocr_line' id='line_1_15' title="bbox 284 2105 1618 2194; baseline 0.001 -23"><span class='ocrx_word' id='word_1_115' title='bbox 284 2107 438 2191; x_wconf 80' lang='lat' dir='ltr'>magistro</span> <span class='ocrx_word' id='word_1_116' title='bbox 455 2107 590 2174; x_wconf 87' lang='lat' dir='ltr'>Nicolao</span> <span class='ocrx_word' id='word_1_117' title='bbox 614 2105 655 2172; x_wconf 89' lang='lat' dir='ltr'>de</span> <span class='ocrx_word' id='word_1_118' title='bbox 671 2108 798 2173; x_wconf 86' lang='lat' dir='ltr'>Fractis</span> <span class='ocrx_word' id='word_1_119' title='bbox 829 2108 985 2174; x_wconf 85' lang='lat' dir='ltr'>canonico</span> <span class='ocrx_word' id='word_1_120' title='bbox 1009 2109 1215 2174; x_wconf 87' lang='lat' dir='ltr'>Patracensis</span> <span class='ocrx_word' id='word_1_121' title='bbox 1238 2109 1318 2175; x_wconf 90' lang='lat' dir='ltr'>eccl.</span> <span class='ocrx_word' id='word_1_122' title='bbox 1342 2110 1519 2175; x_wconf 87' lang='lat' dir='ltr'>litterarum</span> <span class='ocrx_word' id='word_1_123' title='bbox 1544 2129 1618 2194; x_wconf 92' lang='lat' dir='ltr'>apo-</span> 
     </span>
     <span class='ocr_line' id='line_1_16' title="bbox 284 2214 678 2281; baseline -0.003 0"><span class='ocrx_word' id='word_1_124' title='bbox 284 2214 469 2281; x_wconf 88' lang='lat' dir='ltr'>stolicarum</span> <span class='ocrx_word' id='word_1_125' title='bbox 493 2214 678 2280; x_wconf 87' lang='lat' dir='ltr'>correctori.</span> 
     </span>
    </p>
   </div>
   <div class='ocr_carea' id='block_1_4' title="bbox 445 2357 854 2429">
    <p class='ocr_par' dir='ltr' id='par_1_6' title="bbox 445 2357 854 2429">
     <span class='ocr_line' id='line_1_17' title="bbox 445 2357 854 2429; baseline 0.002 -17"><span class='ocrx_word' id='word_1_126' title='bbox 445 2358 518 2429; x_wconf 75' lang='lat' dir='ltr'>Rep.</span> <span class='ocrx_word' id='word_1_127' title='bbox 537 2359 575 2412; x_wconf 82' lang='lat'>85</span> <span class='ocrx_word' id='word_1_128' title='bbox 591 2357 616 2428; x_wconf 74' lang='lat' dir='ltr'>f.</span> <span class='ocrx_word' id='word_1_129' title='bbox 636 2357 702 2413; x_wconf 65' lang='lat'>2671</span> <span class='ocrx_word' id='word_1_130' title='bbox 719 2374 767 2412; x_wconf 81' lang='lat' dir='ltr'>ur.</span> <span class='ocrx_word' id='word_1_131' title='bbox 787 2358 854 2415; x_wconf 79' lang='lat'><strong><em>752.</em></strong></span> 
     </span>
    </p>
   </div>
   <div class='ocr_carea' id='block_1_5' title="bbox 387 2640 1103 2732">
    <p class='ocr_par' dir='ltr' id='par_1_7' title="bbox 387 2640 1103 2732">
     <span class='ocr_line' id='line_1_18' title="bbox 387 2640 1103 2732; baseline 0.006 -25"><span class='ocrx_word' id='word_1_132' title='bbox 387 2640 510 2709; x_wconf 84' lang='grc'><strong>1334.</strong></span> <span class='ocrx_word' id='word_1_133' title='bbox 542 2642 629 2708; x_wconf 85' lang='grc'><strong>1327</strong></span> <span class='ocrx_word' id='word_1_134' title='bbox 651 2642 838 2710; x_wconf 82' lang='lat' dir='ltr'>November</span> <span class='ocrx_word' id='word_1_135' title='bbox 860 2646 914 2709; x_wconf 85' lang='lat'>26.</span> <span class='ocrx_word' id='word_1_136' title='bbox 939 2642 1103 2732; x_wconf 55' lang='lat' dir='ltr'>idumaea.</span> 
     </span>
    </p>
   </div>
   <div class='ocr_carea' id='block_1_6' title="bbox 282 2782 1618 3819">
    <p class='ocr_par' dir='ltr' id='par_1_8' title="bbox 282 2782 1618 3411">
     <span class='ocr_line' id='line_1_19' title="bbox 390 2782 1617 2873; baseline 0.001 -23"><span class='ocrx_word' id='word_1_137' title='bbox 390 2784 549 2851; x_wconf 88' lang='lat' dir='ltr'>lohannes</span> <span class='ocrx_word' id='word_1_138' title='bbox 572 2785 672 2850; x_wconf 87' lang='lat' dir='ltr'>XXII</span> <span class='ocrx_word' id='word_1_139' title='bbox 700 2785 859 2852; x_wconf 80' lang='lat' dir='ltr'>Oristiano</span> <span class='ocrx_word' id='word_1_140' title='bbox 883 2794 960 2852; x_wconf 90' lang='lat' dir='ltr'>nato</span> <span class='ocrx_word' id='word_1_141' title='bbox 983 2785 1151 2873; x_wconf 87' lang='lat' dir='ltr'>Raynardi</span> <span class='ocrx_word' id='word_1_142' title='bbox 1175 2785 1254 2852; x_wconf 88' lang='lat' dir='ltr'>dicti</span> <span class='ocrx_word' id='word_1_143' title='bbox 1279 2784 1364 2851; x_wconf 91' lang='lat' dir='ltr'>Hoin</span> <span class='ocrx_word' id='word_1_144' title='bbox 1388 2782 1514 2851; x_wconf 81' lang='lat' dir='ltr'>confert</span> <span class='ocrx_word' id='word_1_145' title='bbox 1537 2785 1617 2851; x_wconf 87' lang='lat' dir='ltr'>eccl.</span> 
     </span>
     <span class='ocr_line' id='line_1_20' title="bbox 282 2891 1616 2979; baseline -0.001 -20"><span class='ocrx_word' id='word_1_146' title='bbox 282 2892 316 2959; x_wconf 89' lang='lat' dir='ltr'>S.</span> <span class='ocrx_word' id='word_1_147' title='bbox 333 2891 500 2959; x_wconf 82' lang='lat' dir='ltr'>Adelberti</span> <span class='ocrx_word' id='word_1_148' title='bbox 516 2893 675 2976; x_wconf 83' lang='lat' dir='ltr'>Aquensis</span> <span class='ocrx_word' id='word_1_149' title='bbox 698 2892 800 2960; x_wconf 90' lang='lat' dir='ltr'>Leod.</span> <span class='ocrx_word' id='word_1_150' title='bbox 826 2893 911 2959; x_wconf 91' lang='lat' dir='ltr'>dioc.</span> <span class='ocrx_word' id='word_1_151' title='bbox 936 2894 1171 2978; x_wconf 88' lang='lat' dir='ltr'>canonicatum,</span> <span class='ocrx_word' id='word_1_152' title='bbox 1195 2891 1391 2979; x_wconf 88' lang='lat' dir='ltr'>prebendam</span> <span class='ocrx_word' id='word_1_153' title='bbox 1410 2912 1484 2958; x_wconf 91' lang='lat' dir='ltr'>vero</span> <span class='ocrx_word' id='word_1_154' title='bbox 1509 2891 1616 2957; x_wconf 90' lang='lat' dir='ltr'>eidem</span> 
     </span>
     <span class='ocr_line' id='line_1_21' title="bbox 283 2996 1616 3087; baseline -0.002 -21"><span class='ocrx_word' id='word_1_155' title='bbox 283 3007 436 3083; x_wconf 89' lang='lat' dir='ltr'>reservat,</span> <span class='ocrx_word' id='word_1_156' title='bbox 459 3021 523 3065; x_wconf 90' lang='lat' dir='ltr'>non</span> <span class='ocrx_word' id='word_1_157' title='bbox 546 3001 694 3066; x_wconf 86' lang='lat' dir='ltr'>obstante</span> <span class='ocrx_word' id='word_1_158' title='bbox 717 3000 804 3084; x_wconf 93' lang='lat' dir='ltr'>quod</span> <span class='ocrx_word' id='word_1_159' title='bbox 825 3001 984 3067; x_wconf 85' lang='lat' dir='ltr'>Oristiano</span> <span class='ocrx_word' id='word_1_160' title='bbox 1008 2999 1127 3066; x_wconf 90' lang='lat' dir='ltr'>dudum</span> <span class='ocrx_word' id='word_1_161' title='bbox 1152 3023 1171 3067; x_wconf 92' lang='lat' dir='ltr'>a</span> <span class='ocrx_word' id='word_1_162' title='bbox 1194 3022 1281 3087; x_wconf 88' lang='lat' dir='ltr'>papa</span> <span class='ocrx_word' id='word_1_163' title='bbox 1304 3002 1465 3086; x_wconf 88' lang='lat' dir='ltr'>provisum</span> <span class='ocrx_word' id='word_1_164' title='bbox 1489 3000 1551 3063; x_wconf 88' lang='lat' dir='ltr'>fuit</span> <span class='ocrx_word' id='word_1_165' title='bbox 1574 2996 1616 3064; x_wconf 90' lang='lat' dir='ltr'>de</span> 
     </span>
     <span class='ocr_line' id='line_1_22' title="bbox 283 3106 1618 3193; baseline -0.003 -18"><span class='ocrx_word' id='word_1_166' title='bbox 283 3108 438 3175; x_wconf 89' lang='lat' dir='ltr'>beneficio</span> <span class='ocrx_word' id='word_1_167' title='bbox 463 3107 682 3174; x_wconf 87' lang='lat' dir='ltr'>eeclesiastico</span> <span class='ocrx_word' id='word_1_168' title='bbox 707 3106 749 3172; x_wconf 90' lang='lat' dir='ltr'>ad</span> <span class='ocrx_word' id='word_1_169' title='bbox 774 3108 978 3174; x_wconf 88' lang='lat' dir='ltr'>collationem</span> <span class='ocrx_word' id='word_1_170' title='bbox 997 3108 1047 3174; x_wconf 91' lang='lat' dir='ltr'>vel</span> <span class='ocrx_word' id='word_1_171' title='bbox 1070 3109 1343 3193; x_wconf 87' lang='lat' dir='ltr'>presentationem</span> <span class='ocrx_word' id='word_1_172' title='bbox 1366 3107 1530 3173; x_wconf 86' lang='lat' dir='ltr'>abbatisse</span> <span class='ocrx_word' id='word_1_173' title='bbox 1553 3126 1618 3171; x_wconf 93' lang='lat' dir='ltr'>mo·</span> 
     </span>
     <span class='ocr_line' id='line_1_23' title="bbox 282 3213 1617 3299; baseline -0.004 -16"><span class='ocrx_word' id='word_1_174' title='bbox 282 3218 413 3283; x_wconf 81' lang='lat' dir='ltr'>nestorii</span> <span class='ocrx_word' id='word_1_175' title='bbox 430 3216 670 3282; x_wconf 89' lang='lat' dir='ltr'>Porsehetensis</span> <span class='ocrx_word' id='word_1_176' title='bbox 694 3215 918 3282; x_wconf 83' lang='lat' dir='ltr'>Oisterciensis</span> <span class='ocrx_word' id='word_1_177' title='bbox 942 3215 1012 3281; x_wconf 90' lang='lat' dir='ltr'>ord.</span> <span class='ocrx_word' id='word_1_178' title='bbox 1038 3215 1148 3281; x_wconf 85' lang='lat' dir='ltr'>Colon.</span> <span class='ocrx_word' id='word_1_179' title='bbox 1174 3215 1257 3282; x_wconf 92' lang='lat' dir='ltr'>dioc.</span> <span class='ocrx_word' id='word_1_180' title='bbox 1282 3235 1377 3299; x_wconf 89' lang='lat' dir='ltr'>qnam</span> <span class='ocrx_word' id='word_1_181' title='bbox 1401 3213 1617 3299; x_wconf 84' lang='lat' dir='ltr'>provisionem</span> 
     </span>
     <span class='ocr_line' id='line_1_24' title="bbox 283 3322 927 3411; baseline -0.006 -21"><span class='ocrx_word' id='word_1_182' title='bbox 283 3345 369 3410; x_wconf 88' lang='lat' dir='ltr'>papa</span> <span class='ocrx_word' id='word_1_183' title='bbox 391 3342 449 3411; x_wconf 89' lang='lat' dir='ltr'>per</span> <span class='ocrx_word' id='word_1_184' title='bbox 471 3329 636 3408; x_wconf 87' lang='lat' dir='ltr'>presentes</span> <span class='ocrx_word' id='word_1_185' title='bbox 661 3322 786 3389; x_wconf 88' lang='lat' dir='ltr'>litteras</span> <span class='ocrx_word' id='word_1_186' title='bbox 810 3330 927 3389; x_wconf 89' lang='lat' dir='ltr'>cassat.</span> 
     </span>
    </p>

    <p class='ocr_par' dir='ltr' id='par_1_9' title="bbox 283 3428 1617 3604">
     <span class='ocr_line' id='line_1_25' title="bbox 386 3428 1617 3515; baseline -0.003 -20"><span class='ocrx_word' id='word_1_187' title='bbox 386 3429 581 3497; x_wconf 88' lang='lat' dir='ltr'>Laudabilia</span> <span class='ocrx_word' id='word_1_188' title='bbox 604 3430 775 3515; x_wconf 89' lang='lat' dir='ltr'>probitatis</span> <span class='ocrx_word' id='word_1_189' title='bbox 798 3432 983 3497; x_wconf 82' lang='lat' dir='ltr'>merita...</span> <span class='ocrx_word' id='word_1_190' title='bbox 1031 3433 1107 3498; x_wconf 87' lang='lat' dir='ltr'>Dat.</span> <span class='ocrx_word' id='word_1_191' title='bbox 1132 3432 1225 3498; x_wconf 87' lang='lat' dir='ltr'>Avin.</span> <span class='ocrx_word' id='word_1_192' title='bbox 1246 3431 1289 3496; x_wconf 90' lang='lat' dir='ltr'>VI</span> <span class='ocrx_word' id='word_1_193' title='bbox 1314 3431 1358 3496; x_wconf 87' lang='lat' dir='ltr'>kl.</span> <span class='ocrx_word' id='word_1_194' title='bbox 1383 3428 1562 3495; x_wconf 87' lang='lat' dir='ltr'>decembris</span> <span class='ocrx_word' id='word_1_195' title='bbox 1586 3447 1617 3492; x_wconf 89' lang='lat' dir='ltr'>a.</span> 
     </span>
     <span class='ocr_line' id='line_1_26' title="bbox 283 3536 484 3604; baseline -0.02 -1"><span class='ocrx_word' id='word_1_196' title='bbox 283 3536 484 3604; x_wconf 88' lang='lat' dir='ltr'>duodecimo.</span> 
     </span>
    </p>

    <p class='ocr_par' dir='ltr' id='par_1_10' title="bbox 282 3642 1617 3819">
     <span class='ocr_line' id='line_1_27' title="bbox 389 3642 1617 3725; baseline 0.001 -17"><span class='ocrx_word' id='word_1_197' title='bbox 389 3645 427 3709; x_wconf 93' lang='lat' dir='ltr'>In</span> <span class='ocrx_word' id='word_1_198' title='bbox 451 3665 479 3711; x_wconf 91' lang='lat' dir='ltr'>e.</span> <span class='ocrx_word' id='word_1_199' title='bbox 499 3666 540 3710; x_wconf 90' lang='lat' dir='ltr'>m.</span> <span class='ocrx_word' id='word_1_200' title='bbox 565 3644 675 3710; x_wconf 88' lang='lat' dir='ltr'>abbati</span> <span class='ocrx_word' id='word_1_201' title='bbox 699 3646 883 3711; x_wconf 87' lang='lat' dir='ltr'>monasterii</span> <span class='ocrx_word' id='word_1_202' title='bbox 909 3646 940 3710; x_wconf 89' lang='lat' dir='ltr'>in</span> <span class='ocrx_word' id='word_1_203' title='bbox 967 3644 1059 3711; x_wconf 88' lang='lat' dir='ltr'>Rode</span> <span class='ocrx_word' id='word_1_204' title='bbox 1082 3652 1118 3711; x_wconf 88' lang='lat' dir='ltr'>et</span> <span class='ocrx_word' id='word_1_205' title='bbox 1139 3646 1261 3712; x_wconf 86' lang='lat' dir='ltr'>cantori</span> <span class='ocrx_word' id='word_1_206' title='bbox 1287 3644 1322 3710; x_wconf 92' lang='lat' dir='ltr'>B.</span> <span class='ocrx_word' id='word_1_207' title='bbox 1340 3644 1441 3709; x_wconf 86' lang='lat' dir='ltr'>Maria</span> <span class='ocrx_word' id='word_1_208' title='bbox 1457 3642 1617 3725; x_wconf 84' lang='lat' dir='ltr'>Aquensis</span> 
     </span>
     <span class='ocr_line' id='line_1_28' title="bbox 282 3750 1535 3819; baseline -0.006 -1"><span class='ocrx_word' id='word_1_209' title='bbox 282 3750 383 3818; x_wconf 89' lang='lat' dir='ltr'>Leod.</span> <span class='ocrx_word' id='word_1_210' title='bbox 408 3750 493 3817; x_wconf 90' lang='lat' dir='ltr'>dioe.</span> <span class='ocrx_word' id='word_1_211' title='bbox 517 3772 557 3817; x_wconf 88' lang='lat' dir='ltr'>ee</span> <span class='ocrx_word' id='word_1_212' title='bbox 580 3752 699 3817; x_wconf 86' lang='lat' dir='ltr'>Iacobo</span> <span class='ocrx_word' id='word_1_213' title='bbox 723 3750 765 3817; x_wconf 88' lang='lat' dir='ltr'>de</span> <span class='ocrx_word' id='word_1_214' title='bbox 790 3751 915 3817; x_wconf 89' lang='lat' dir='ltr'>Mutina</span> <span class='ocrx_word' id='word_1_215' title='bbox 938 3753 1109 3819; x_wconf 87' lang='lat' dir='ltr'>scolastico</span> <span class='ocrx_word' id='word_1_216' title='bbox 1133 3753 1295 3819; x_wconf 87' lang='lat' dir='ltr'>Tullensis</span> <span class='ocrx_word' id='word_1_217' title='bbox 1319 3752 1535 3817; x_wconf 87' lang='lat' dir='ltr'>ecelesiarum.</span> 
     </span>
    </p>
   </div>
   <div class='ocr_carea' id='block_1_7' title="bbox 443 3892 862 3963">
    <p class='ocr_par' dir='ltr' id='par_1_11' title="bbox 443 3892 862 3963">
     <span class='ocr_line' id='line_1_29' title="bbox 443 3892 862 3963; baseline 0.002 -16"><span class='ocrx_word' id='word_1_218' title='bbox 443 3892 517 3963; x_wconf 74' lang='lat' dir='ltr'>Rep.</span> <span class='ocrx_word' id='word_1_219' title='bbox 534 3894 572 3947; x_wconf 83' lang='grc'>86</span> <span class='ocrx_word' id='word_1_220' title='bbox 591 3892 617 3963; x_wconf 79' lang='lat' dir='ltr'>f.</span> <span class='ocrx_word' id='word_1_221' title='bbox 636 3893 701 3947; x_wconf 75' lang='lat'><strong><em>310‘</em></strong></span> <span class='ocrx_word' id='word_1_222' title='bbox 718 3894 862 3948; x_wconf 81' lang='lat' dir='ltr'>nr.1793.</span> 
     </span>
    </p>
   </div>
   <div class='ocr_carea' id='block_1_8' title="bbox 389 4158 1101 4246">
    <p class='ocr_par' dir='ltr' id='par_1_12' title="bbox 389 4158 1101 4246">
     <span class='ocr_line' id='line_1_30' title="bbox 389 4158 1101 4246; baseline -0.004 -18"><span class='ocrx_word' id='word_1_223' title='bbox 389 4159 509 4228; x_wconf 75' lang='grc'><strong>1335.</strong></span> <span class='ocrx_word' id='word_1_224' title='bbox 536 4162 622 4227; x_wconf 89' lang='grc'><strong>1327</strong></span> <span class='ocrx_word' id='word_1_225' title='bbox 646 4160 833 4227; x_wconf 81' lang='lat' dir='ltr'>November</span> <span class='ocrx_word' id='word_1_226' title='bbox 855 4160 910 4226; x_wconf 90' lang='grc'><strong>30.</strong></span> <span class='ocrx_word' id='word_1_227' title='bbox 936 4158 1101 4246; x_wconf 74' lang='lat' dir='ltr'>deipnos.</span> 
     </span>
    </p>
   </div>
   <div class='ocr_carea' id='block_1_9' title="bbox 281 4300 1616 4827">
    <p class='ocr_par' dir='ltr' id='par_1_13' title="bbox 281 4300 1616 4827">
     <span class='ocr_line' id='line_1_31' title="bbox 385 4300 1616 4385; baseline -0.002 -16"><span class='ocrx_word' id='word_1_228' title='bbox 385 4305 545 4371; x_wconf 90' lang='lat' dir='ltr'>Iohannes</span> <span class='ocrx_word' id='word_1_229' title='bbox 572 4304 671 4369; x_wconf 87' lang='lat' dir='ltr'>XXII</span> <span class='ocrx_word' id='word_1_230' title='bbox 706 4302 910 4369; x_wconf 81' lang='lat' dir='ltr'>Theoderico</span> <span class='ocrx_word' id='word_1_231' title='bbox 942 4303 1051 4369; x_wconf 75' lang='lat' dir='ltr'>consiti</span> <span class='ocrx_word' id='word_1_232' title='bbox 1075 4302 1214 4368; x_wconf 81' lang='lat' dir='ltr'>Olivensi</span> <span class='ocrx_word' id='word_1_233' title='bbox 1244 4309 1276 4368; x_wconf 88' lang='lat' dir='ltr'>et</span> <span class='ocrx_word' id='word_1_234' title='bbox 1299 4300 1498 4385; x_wconf 86' lang='lat' dir='ltr'>Margharite</span> <span class='ocrx_word' id='word_1_235' title='bbox 1523 4303 1616 4369; x_wconf 83' lang='lat' dir='ltr'>uxori</span> 
     </span>
     <span class='ocr_line' id='line_1_32' title="bbox 281 4409 1339 4496; baseline -0.006 -17"><span class='ocrx_word' id='word_1_236' title='bbox 281 4412 350 4479; x_wconf 88' lang='lat' dir='ltr'>eius</span> <span class='ocrx_word' id='word_1_237' title='bbox 373 4411 522 4479; x_wconf 88' lang='lat' dir='ltr'>concedit</span> <span class='ocrx_word' id='word_1_238' title='bbox 544 4411 733 4478; x_wconf 88' lang='lat' dir='ltr'>facultatem</span> <span class='ocrx_word' id='word_1_239' title='bbox 757 4409 898 4476; x_wconf 87' lang='lat' dir='ltr'>habendi</span> <span class='ocrx_word' id='word_1_240' title='bbox 922 4430 1030 4476; x_wconf 77' lang='lat' dir='ltr'>seorim</span> <span class='ocrx_word' id='word_1_241' title='bbox 1054 4410 1156 4475; x_wconf 88' lang='lat' dir='ltr'>altare</span> <span class='ocrx_word' id='word_1_242' title='bbox 1179 4410 1339 4496; x_wconf 86' lang='lat' dir='ltr'>portatile.</span> 
     </span>
     <span class='ocr_line' id='line_1_33' title="bbox 388 4514 1616 4587; baseline -0.002 -1"><span class='ocrx_word' id='word_1_243' title='bbox 388 4520 432 4586; x_wconf 89' lang='lat' dir='ltr'>Ut</span> <span class='ocrx_word' id='word_1_244' title='bbox 455 4539 494 4585; x_wconf 91' lang='lat' dir='ltr'>eo</span> <span class='ocrx_word' id='word_1_245' title='bbox 517 4517 667 4586; x_wconf 87' lang='lat' dir='ltr'>libentius</span> <span class='ocrx_word' id='word_1_246' title='bbox 690 4516 833 4583; x_wconf 91' lang='lat' dir='ltr'>divinis.</span> <span class='ocrx_word' id='word_1_247' title='bbox 860 4566 867 4583; x_wconf 91' lang='lat'><strong>.</strong></span> <span class='ocrx_word' id='word_1_248' title='bbox 893 4568 900 4583; x_wconf 94' lang='lat'><em>.</em></span> <span class='ocrx_word' id='word_1_249' title='bbox 948 4518 1024 4584; x_wconf 88' lang='lat' dir='ltr'>Dat.</span> <span class='ocrx_word' id='word_1_250' title='bbox 1041 4518 1136 4587; x_wconf 87' lang='lat' dir='ltr'>Avin.</span> <span class='ocrx_word' id='word_1_251' title='bbox 1153 4517 1185 4583; x_wconf 92' lang='lat' dir='ltr'>Il</span> <span class='ocrx_word' id='word_1_252' title='bbox 1209 4514 1254 4583; x_wconf 84' lang='lat' dir='ltr'>kl.</span> <span class='ocrx_word' id='word_1_253' title='bbox 1278 4515 1458 4583; x_wconf 87' lang='lat' dir='ltr'>decembris</span> <span class='ocrx_word' id='word_1_254' title='bbox 1483 4537 1513 4583; x_wconf 90' lang='lat' dir='ltr'>a.</span> <span class='ocrx_word' id='word_1_255' title='bbox 1539 4515 1616 4583; x_wconf 92' lang='lat' dir='ltr'>duo·</span> 
     </span>
     <span class='ocr_line' id='line_1_34' title="bbox 281 4626 418 4695; baseline -0.007 0"><span class='ocrx_word' id='word_1_256' title='bbox 281 4626 418 4695; x_wconf 88' lang='lat' dir='ltr'>decimo.</span> 
     </span>
     <span class='ocr_line' id='line_1_35' title="bbox 442 4750 1038 4827; baseline -0.008 -17"><span class='ocrx_word' id='word_1_257' title='bbox 442 4754 514 4827; x_wconf 72' lang='lat' dir='ltr'>Rep.</span> <span class='ocrx_word' id='word_1_258' title='bbox 533 4753 572 4809; x_wconf 83' lang='lat'>86</span> <span class='ocrx_word' id='word_1_259' title='bbox 589 4753 613 4827; x_wconf 80' lang='lat' dir='ltr'>f.</span> <span class='ocrx_word' id='word_1_260' title='bbox 632 4752 674 4807; x_wconf 78' lang='lat'>23</span> <span class='ocrx_word' id='word_1_261' title='bbox 691 4768 739 4808; x_wconf 83' lang='lat' dir='ltr'>nr.</span> <span class='ocrx_word' id='word_1_262' title='bbox 759 4752 850 4821; x_wconf 80' lang='lat'><strong><em>1066;</em></strong></span> <span class='ocrx_word' id='word_1_263' title='bbox 874 4751 927 4807; x_wconf 79' lang='lat' dir='ltr'>Ra.</span> <span class='ocrx_word' id='word_1_264' title='bbox 946 4750 1003 4808; x_wconf 82' lang='grc'>947</span> <span class='ocrx_word' id='word_1_265' title='bbox 1013 4750 1038 4807; x_wconf 85' lang='lat' dir='ltr'>b.</span> 
     </span>
    </p>
   </div>
   <div class='ocr_carea' id='block_1_10' title="bbox 0 0 1826 5509">
    <p class='ocr_par' dir='ltr' id='par_1_14' title="bbox 0 0 1826 5509">
     <span class='ocr_line' id='line_1_36' title="bbox 0 0 1826 5509; baseline 0 1"><span class='ocrx_word' id='word_1_266' title='bbox 0 0 1826 5509; x_wconf 95' lang='lat' dir='ltr'> </span> 
     </span>
    </p>
   </div>
  </div>
 </body>
</html>
