<?xml version="1.0" encoding="UTF-8"?>
<!DOCTYPE html PUBLIC "-//W3C//DTD XHTML 1.0 Transitional//EN"
    "http://www.w3.org/TR/xhtml1/DTD/xhtml1-transitional.dtd">
<html xmlns="http://www.w3.org/1999/xhtml" xml:lang="en" lang="en">
 <head>
  <title>
</title>
<meta http-equiv="Content-Type" content="text/html;charset=utf-8" />
  <meta name='ocr-system' content='tesseract 3.04.00' />
  <meta name='ocr-capabilities' content='ocr_page ocr_carea ocr_par ocr_line ocrx_word'/>
</head>
<body>
  <div class='ocr_page' id='page_1' title='image "./urkundenundrege00thimgoog_0543.png"; bbox 0 0 3642 5509; ppageno 0'>
   <div class='ocr_carea' id='block_1_1' title="bbox 844 451 1114 510">
    <p class='ocr_par' dir='ltr' id='par_1_1' title="bbox 844 451 1114 510">
     <span class='ocr_line' id='line_1_1' title="bbox 844 451 1114 510; baseline 0.004 -2"><span class='ocrx_word' id='word_1_1' title='bbox 844 453 914 510; x_wconf 76' lang='lat'>1337</span> <span class='ocrx_word' id='word_1_2' title='bbox 932 451 1051 509; x_wconf 88' lang='lat' dir='ltr'>Januar</span> <span class='ocrx_word' id='word_1_3' title='bbox 1071 453 1114 509; x_wconf 86' lang='grc'>17.</span> 
     </span>
    </p>
   </div>
   <div class='ocr_carea' id='block_1_2' title="bbox 394 687 1084 775">
    <p class='ocr_par' dir='ltr' id='par_1_2' title="bbox 394 687 1084 775">
     <span class='ocr_line' id='line_1_2' title="bbox 394 687 1084 775; baseline -0.003 -21"><span class='ocrx_word' id='word_1_4' title='bbox 394 688 521 755; x_wconf 80' lang='grc'><strong>2278.</strong></span> <span class='ocrx_word' id='word_1_5' title='bbox 558 691 643 754; x_wconf 88' lang='grc'><em>1337</em></span> <span class='ocrx_word' id='word_1_6' title='bbox 668 689 807 755; x_wconf 81' lang='lat' dir='ltr'>Jauaur·</span> <span class='ocrx_word' id='word_1_7' title='bbox 833 691 884 754; x_wconf 94' lang='grc'>17.</span> <span class='ocrx_word' id='word_1_8' title='bbox 919 687 1084 775; x_wconf 72' lang='lat' dir='ltr'>Avipcou.</span> 
     </span>
    </p>
   </div>
   <div class='ocr_carea' id='block_1_3' title="bbox 288 829 1627 1861">
    <p class='ocr_par' dir='ltr' id='par_1_3' title="bbox 288 829 1627 1665">
     <span class='ocr_line' id='line_1_3' title="bbox 397 829 1625 916; baseline -0.002 -20"><span class='ocrx_word' id='word_1_9' title='bbox 397 829 592 897; x_wconf 78' lang='lat' dir='ltr'>Benedictus</span> <span class='ocrx_word' id='word_1_10' title='bbox 619 830 685 895; x_wconf 89' lang='lat' dir='ltr'>XII</span> <span class='ocrx_word' id='word_1_11' title='bbox 720 830 965 916; x_wconf 77' lang='lat' dir='ltr'>archiepiscopo</span> <span class='ocrx_word' id='word_1_12' title='bbox 989 830 1172 896; x_wconf 78' lang='lat' dir='ltr'>Coloniensi</span> <span class='ocrx_word' id='word_1_13' title='bbox 1204 829 1348 913; x_wconf 89' lang='lat' dir='ltr'>mandat,</span> <span class='ocrx_word' id='word_1_14' title='bbox 1382 831 1531 914; x_wconf 79' lang='lat' dir='ltr'>quatinus</span> <span class='ocrx_word' id='word_1_15' title='bbox 1555 849 1625 895; x_wconf 90' lang='lat' dir='ltr'>cum</span> 
     </span>
     <span class='ocr_line' id='line_1_4' title="bbox 288 935 1625 1023; baseline -0.001 -19"><span class='ocrx_word' id='word_1_16' title='bbox 288 938 388 1004; x_wconf 89' lang='lat' dir='ltr'>nobili</span> <span class='ocrx_word' id='word_1_17' title='bbox 412 939 481 1003; x_wconf 87' lang='lat' dir='ltr'>viro</span> <span class='ocrx_word' id='word_1_18' title='bbox 497 937 640 1004; x_wconf 85' lang='lat' dir='ltr'>Heorioo</span> <span class='ocrx_word' id='word_1_19' title='bbox 664 935 705 1002; x_wconf 89' lang='lat' dir='ltr'>do</span> <span class='ocrx_word' id='word_1_20' title='bbox 722 938 867 1023; x_wconf 81' lang='lat' dir='ltr'>Grascap</span> <span class='ocrx_word' id='word_1_21' title='bbox 892 937 993 1003; x_wconf 89' lang='lat' dir='ltr'>milite</span> <span class='ocrx_word' id='word_1_22' title='bbox 1017 944 1051 1004; x_wconf 89' lang='lat' dir='ltr'>ct</span> <span class='ocrx_word' id='word_1_23' title='bbox 1073 937 1151 1004; x_wconf 90' lang='lat' dir='ltr'>Lisa</span> <span class='ocrx_word' id='word_1_24' title='bbox 1175 937 1216 1002; x_wconf 86' lang='lat' dir='ltr'>do</span> <span class='ocrx_word' id='word_1_25' title='bbox 1238 937 1497 1003; x_wconf 78' lang='lat' dir='ltr'>Blanlremberch</span> <span class='ocrx_word' id='word_1_26' title='bbox 1514 937 1625 1003; x_wconf 84' lang='lat' dir='ltr'>Colon.</span> 
     </span>
     <span class='ocr_line' id='line_1_5' title="bbox 289 1044 1627 1128; baseline -0.001 -17"><span class='ocrx_word' id='word_1_27' title='bbox 289 1045 389 1128; x_wconf 86' lang='lat' dir='ltr'>dioc,</span> <span class='ocrx_word' id='word_1_28' title='bbox 429 1046 483 1128; x_wconf 89' lang='lat' dir='ltr'>qui</span> <span class='ocrx_word' id='word_1_29' title='bbox 519 1045 755 1109; x_wconf 81' lang='lat' dir='ltr'>matrimonium</span> <span class='ocrx_word' id='word_1_30' title='bbox 798 1051 1026 1110; x_wconf 86' lang='lat' dir='ltr'>contraxerunt</span> <span class='ocrx_word' id='word_1_31' title='bbox 1062 1045 1251 1128; x_wconf 82' lang='lat' dir='ltr'>ignorantes</span> <span class='ocrx_word' id='word_1_32' title='bbox 1286 1044 1418 1128; x_wconf 90' lang='lat' dir='ltr'>aliquod</span> <span class='ocrx_word' id='word_1_33' title='bbox 1453 1045 1537 1111; x_wconf 86' lang='lat' dir='ltr'>inter</span> <span class='ocrx_word' id='word_1_34' title='bbox 1571 1064 1627 1110; x_wconf 88' lang='lat' dir='ltr'>eos</span> 
     </span>
     <span class='ocr_line' id='line_1_6' title="bbox 290 1150 1626 1236; baseline -0.001 -18"><span class='ocrx_word' id='word_1_35' title='bbox 290 1153 426 1218; x_wconf 83' lang='lat' dir='ltr'>existere</span> <span class='ocrx_word' id='word_1_36' title='bbox 450 1150 712 1236; x_wconf 88' lang='lat' dir='ltr'>impedimentum</span> <span class='ocrx_word' id='word_1_37' title='bbox 737 1172 777 1217; x_wconf 85' lang='lat' dir='ltr'>ex</span> <span class='ocrx_word' id='word_1_38' title='bbox 801 1171 850 1234; x_wconf 91' lang='lat' dir='ltr'>eo,</span> <span class='ocrx_word' id='word_1_39' title='bbox 885 1150 972 1234; x_wconf 92' lang='lat' dir='ltr'>quod</span> <span class='ocrx_word' id='word_1_40' title='bbox 996 1151 1155 1216; x_wconf 85' lang='lat' dir='ltr'>Henrieua</span> <span class='ocrx_word' id='word_1_41' title='bbox 1187 1159 1262 1216; x_wconf 88' lang='lat' dir='ltr'>ante</span> <span class='ocrx_word' id='word_1_42' title='bbox 1293 1158 1492 1217; x_wconf 88' lang='lat' dir='ltr'>contractum</span> <span class='ocrx_word' id='word_1_43' title='bbox 1522 1150 1626 1217; x_wconf 89' lang='lat' dir='ltr'>huius-</span> 
     </span>
     <span class='ocr_line' id='line_1_7' title="bbox 288 1257 1627 1343; baseline 0 -19"><span class='ocrx_word' id='word_1_44' title='bbox 288 1258 375 1324; x_wconf 92' lang='lat' dir='ltr'>modi</span> <span class='ocrx_word' id='word_1_45' title='bbox 400 1259 633 1324; x_wconf 84' lang='lat' dir='ltr'>matrimonium</span> <span class='ocrx_word' id='word_1_46' title='bbox 662 1257 835 1324; x_wconf 87' lang='lat' dir='ltr'>carnaliter</span> <span class='ocrx_word' id='word_1_47' title='bbox 867 1265 1065 1342; x_wconf 88' lang='lat' dir='ltr'>ccgnoverat</span> <span class='ocrx_word' id='word_1_48' title='bbox 1088 1258 1250 1341; x_wconf 90' lang='lat' dir='ltr'>quandam</span> <span class='ocrx_word' id='word_1_49' title='bbox 1275 1258 1415 1343; x_wconf 88' lang='lat' dir='ltr'>puellam</span> <span class='ocrx_word' id='word_1_50' title='bbox 1439 1258 1526 1324; x_wconf 90' lang='lat' dir='ltr'>dicte</span> <span class='ocrx_word' id='word_1_51' title='bbox 1551 1258 1627 1324; x_wconf 87' lang='lat' dir='ltr'>Lise</span> 
     </span>
     <span class='ocr_line' id='line_1_8' title="bbox 288 1364 1627 1451; baseline 0.001 -21"><span class='ocrx_word' id='word_1_52' title='bbox 288 1367 322 1430; x_wconf 92' lang='lat' dir='ltr'>in</span> <span class='ocrx_word' id='word_1_53' title='bbox 354 1368 449 1432; x_wconf 87' lang='lat' dir='ltr'>tertio</span> <span class='ocrx_word' id='word_1_54' title='bbox 483 1365 772 1449; x_wconf 84' lang='lat' dir='ltr'>consanguinitatis</span> <span class='ocrx_word' id='word_1_55' title='bbox 805 1365 910 1450; x_wconf 89' lang='lat' dir='ltr'>gradu</span> <span class='ocrx_word' id='word_1_56' title='bbox 945 1365 1159 1447; x_wconf 87' lang='lat' dir='ltr'>coniunctam,</span> <span class='ocrx_word' id='word_1_57' title='bbox 1194 1364 1372 1451; x_wconf 88' lang='lat' dir='ltr'>dispenset,</span> <span class='ocrx_word' id='word_1_58' title='bbox 1406 1364 1493 1448; x_wconf 92' lang='lat' dir='ltr'>quod</span> <span class='ocrx_word' id='word_1_59' title='bbox 1521 1365 1555 1430; x_wconf 92' lang='lat' dir='ltr'>in</span> <span class='ocrx_word' id='word_1_60' title='bbox 1578 1367 1627 1432; x_wconf 86' lang='lat' dir='ltr'>sic</span> 
     </span>
     <span class='ocr_line' id='line_1_9' title="bbox 289 1472 1626 1557; baseline -0.001 -18"><span class='ocrx_word' id='word_1_61' title='bbox 289 1479 454 1539; x_wconf 88' lang='lat' dir='ltr'>contracto</span> <span class='ocrx_word' id='word_1_62' title='bbox 489 1473 691 1538; x_wconf 90' lang='lat' dir='ltr'>matrimonio</span> <span class='ocrx_word' id='word_1_63' title='bbox 726 1473 815 1538; x_wconf 90' lang='lat' dir='ltr'>licite</span> <span class='ocrx_word' id='word_1_64' title='bbox 850 1492 1015 1538; x_wconf 87' lang='lat' dir='ltr'>remanere</span> <span class='ocrx_word' id='word_1_65' title='bbox 1051 1473 1193 1552; x_wconf 85' lang='lat' dir='ltr'>valeant,</span> <span class='ocrx_word' id='word_1_66' title='bbox 1229 1472 1352 1557; x_wconf 89' lang='lat' dir='ltr'>prolem</span> <span class='ocrx_word' id='word_1_67' title='bbox 1380 1479 1563 1556; x_wconf 88' lang='lat' dir='ltr'>susceptam</span> <span class='ocrx_word' id='word_1_68' title='bbox 1593 1480 1626 1538; x_wconf 89' lang='lat' dir='ltr'>et</span> 
     </span>
     <span class='ocr_line' id='line_1_10' title="bbox 288 1577 1464 1665; baseline -0.002 -19"><span class='ocrx_word' id='word_1_69' title='bbox 288 1578 525 1665; x_wconf 88' lang='lat' dir='ltr'>suscipiendam</span> <span class='ocrx_word' id='word_1_70' title='bbox 549 1599 589 1644; x_wconf 84' lang='lat' dir='ltr'>ex</span> <span class='ocrx_word' id='word_1_71' title='bbox 614 1578 796 1645; x_wconf 89' lang='lat' dir='ltr'>huiusmodi</span> <span class='ocrx_word' id='word_1_72' title='bbox 820 1580 1022 1645; x_wconf 90' lang='lat' dir='ltr'>matrimonio</span> <span class='ocrx_word' id='word_1_73' title='bbox 1047 1579 1225 1663; x_wconf 88' lang='lat' dir='ltr'>legitimam</span> <span class='ocrx_word' id='word_1_74' title='bbox 1250 1577 1464 1645; x_wconf 87' lang='lat' dir='ltr'>decernendo.</span> 
     </span>
    </p>

    <p class='ocr_par' dir='ltr' id='par_1_4' title="bbox 289 1686 1626 1861">
     <span class='ocr_line' id='line_1_11' title="bbox 396 1686 1626 1773; baseline -0.001 -21"><span class='ocrx_word' id='word_1_75' title='bbox 396 1688 447 1752; x_wconf 85' lang='lat' dir='ltr'>Ex</span> <span class='ocrx_word' id='word_1_76' title='bbox 477 1693 588 1753; x_wconf 87' lang='lat' dir='ltr'>tenore</span> <span class='ocrx_word' id='word_1_77' title='bbox 615 1687 778 1773; x_wconf 88' lang='lat' dir='ltr'>petitionis</span> <span class='ocrx_word' id='word_1_78' title='bbox 807 1686 919 1753; x_wconf 90' lang='lat' dir='ltr'>dilecti</span> <span class='ocrx_word' id='word_1_79' title='bbox 948 1738 955 1754; x_wconf 90' lang='lat'><em>.</em></span> <span class='ocrx_word' id='word_1_80' title='bbox 986 1737 993 1752; x_wconf 92' lang='lat'>.</span> <span class='ocrx_word' id='word_1_81' title='bbox 1024 1737 1031 1752; x_wconf 90' lang='lat'><strong>.</strong></span> <span class='ocrx_word' id='word_1_82' title='bbox 1078 1687 1154 1752; x_wconf 89' lang='lat' dir='ltr'>Dat.</span> <span class='ocrx_word' id='word_1_83' title='bbox 1179 1688 1275 1752; x_wconf 86' lang='lat' dir='ltr'>Avin.</span> <span class='ocrx_word' id='word_1_84' title='bbox 1299 1687 1379 1751; x_wconf 90' lang='lat' dir='ltr'>XVI</span> <span class='ocrx_word' id='word_1_85' title='bbox 1403 1686 1448 1751; x_wconf 84' lang='lat' dir='ltr'>lrl.</span> <span class='ocrx_word' id='word_1_86' title='bbox 1472 1686 1626 1752; x_wconf 89' lang='lat' dir='ltr'>februarii</span> 
     </span>
     <span class='ocr_line' id='line_1_12' title="bbox 289 1795 454 1861; baseline -0.012 0"><span class='ocrx_word' id='word_1_87' title='bbox 289 1817 319 1861; x_wconf 93' lang='lat' dir='ltr'>a.</span> <span class='ocrx_word' id='word_1_88' title='bbox 343 1795 454 1860; x_wconf 89' lang='lat' dir='ltr'>tercio.</span> 
     </span>
    </p>
   </div>
   <div class='ocr_carea' id='block_1_4' title="bbox 456 1917 942 1989">
    <p class='ocr_par' dir='ltr' id='par_1_5' title="bbox 456 1917 942 1989">
     <span class='ocr_line' id='line_1_13' title="bbox 456 1917 942 1989; baseline 0.002 -16"><span class='ocrx_word' id='word_1_89' title='bbox 456 1919 529 1989; x_wconf 69' lang='lat' dir='ltr'>Ray.</span> <span class='ocrx_word' id='word_1_90' title='bbox 549 1917 607 1972; x_wconf 85' lang='grc'>123</span> <span class='ocrx_word' id='word_1_91' title='bbox 624 1933 673 1973; x_wconf 79' lang='lat' dir='ltr'>ror.</span> <span class='ocrx_word' id='word_1_92' title='bbox 691 1917 766 1984; x_wconf 81' lang='lat'><strong><em>302;</em></strong></span> <span class='ocrx_word' id='word_1_93' title='bbox 787 1917 838 1973; x_wconf 77' lang='lat' dir='ltr'>Ra.</span> <span class='ocrx_word' id='word_1_94' title='bbox 860 1918 942 1974; x_wconf 84' lang='grc'><em>1861.</em></span> 
     </span>
    </p>
   </div>
   <div class='ocr_carea' id='block_1_5' title="bbox 397 2182 1074 2270">
    <p class='ocr_par' dir='ltr' id='par_1_6' title="bbox 397 2182 1074 2270">
     <span class='ocr_line' id='line_1_14' title="bbox 397 2182 1074 2270; baseline 0 -22"><span class='ocrx_word' id='word_1_95' title='bbox 397 2182 523 2249; x_wconf 79' lang='grc'><strong>2279.</strong></span> <span class='ocrx_word' id='word_1_96' title='bbox 550 2184 638 2248; x_wconf 89' lang='grc'><em>1337</em></span> <span class='ocrx_word' id='word_1_97' title='bbox 666 2185 806 2250; x_wconf 79' lang='lat' dir='ltr'>Joaaar</span> <span class='ocrx_word' id='word_1_98' title='bbox 831 2185 883 2249; x_wconf 86' lang='lat'>18.</span> <span class='ocrx_word' id='word_1_99' title='bbox 907 2182 1074 2270; x_wconf 81' lang='lat' dir='ltr'>Acipnou.</span> 
     </span>
    </p>
   </div>
   <div class='ocr_carea' id='block_1_6' title="bbox 288 2315 1627 3161">
    <p class='ocr_par' dir='ltr' id='par_1_7' title="bbox 288 2315 1627 3052">
     <span class='ocr_line' id='line_1_15' title="bbox 396 2315 1627 2412; baseline 0 -21"><span class='ocrx_word' id='word_1_100' title='bbox 396 2325 591 2392; x_wconf 88' lang='lat' dir='ltr'>Benedictus</span> <span class='ocrx_word' id='word_1_101' title='bbox 614 2326 681 2390; x_wconf 86' lang='lat' dir='ltr'>Xll</span> <span class='ocrx_word' id='word_1_102' title='bbox 715 2315 862 2410; x_wconf 55' lang='lat' dir='ltr'>Guigoni&#39;</span> <span class='ocrx_word' id='word_1_103' title='bbox 882 2324 924 2390; x_wconf 92' lang='lat' dir='ltr'>de</span> <span class='ocrx_word' id='word_1_104' title='bbox 949 2327 982 2392; x_wconf 87' lang='lat' dir='ltr'>S.</span> <span class='ocrx_word' id='word_1_105' title='bbox 1008 2327 1167 2392; x_wconf 85' lang='lat' dir='ltr'>Germano</span> <span class='ocrx_word' id='word_1_106' title='bbox 1198 2333 1231 2391; x_wconf 91' lang='lat' dir='ltr'>et</span> <span class='ocrx_word' id='word_1_107' title='bbox 1259 2327 1395 2394; x_wconf 87' lang='lat' dir='ltr'>Nicolao</span> <span class='ocrx_word' id='word_1_108' title='bbox 1425 2326 1560 2412; x_wconf 83' lang='lat' dir='ltr'>Capotic</span> <span class='ocrx_word' id='word_1_109' title='bbox 1583 2324 1627 2391; x_wconf 92' lang='lat' dir='ltr'>de</span> 
     </span>
     <span class='ocr_line' id='line_1_16' title="bbox 288 2431 1625 2519; baseline -0.002 -19"><span class='ocrx_word' id='word_1_110' title='bbox 288 2431 323 2500; x_wconf 87' lang='lat' dir='ltr'>S.</span> <span class='ocrx_word' id='word_1_111' title='bbox 340 2432 523 2501; x_wconf 85' lang='lat' dir='ltr'>Andomaro</span> <span class='ocrx_word' id='word_1_112' title='bbox 547 2433 718 2518; x_wconf 89' lang='lat' dir='ltr'>prepositis</span> <span class='ocrx_word' id='word_1_113' title='bbox 739 2433 914 2518; x_wconf 89' lang='lat' dir='ltr'>capellanis</span> <span class='ocrx_word' id='word_1_114' title='bbox 931 2440 964 2499; x_wconf 90' lang='lat' dir='ltr'>et</span> <span class='ocrx_word' id='word_1_115' title='bbox 979 2435 1104 2499; x_wconf 85' lang='lat' dir='ltr'>nunciIs</span> <span class='ocrx_word' id='word_1_116' title='bbox 1120 2433 1207 2499; x_wconf 89' lang='lat' dir='ltr'>sedis</span> <span class='ocrx_word' id='word_1_117' title='bbox 1223 2434 1411 2519; x_wconf 88' lang='lat' dir='ltr'>apostolice,</span> <span class='ocrx_word' id='word_1_118' title='bbox 1436 2452 1476 2498; x_wconf 89' lang='lat' dir='ltr'>ne</span> <span class='ocrx_word' id='word_1_119' title='bbox 1492 2441 1625 2518; x_wconf 89' lang='lat' dir='ltr'>propter</span> 
     </span>
     <span class='ocr_line' id='line_1_17' title="bbox 289 2539 1624 2626; baseline -0.001 -20"><span class='ocrx_word' id='word_1_120' title='bbox 289 2560 500 2626; x_wconf 87' lang='lat' dir='ltr'>expensarum</span> <span class='ocrx_word' id='word_1_121' title='bbox 523 2539 687 2606; x_wconf 89' lang='lat' dir='ltr'>defectum</span> <span class='ocrx_word' id='word_1_122' title='bbox 715 2561 770 2607; x_wconf 88' lang='lat' dir='ltr'>eos</span> <span class='ocrx_word' id='word_1_123' title='bbox 801 2541 968 2625; x_wconf 88' lang='lat' dir='ltr'>contingat</span> <span class='ocrx_word' id='word_1_124' title='bbox 998 2542 1212 2626; x_wconf 84' lang='lat' dir='ltr'>arreptionem</span> <span class='ocrx_word' id='word_1_125' title='bbox 1237 2547 1270 2606; x_wconf 91' lang='lat' dir='ltr'>et</span> <span class='ocrx_word' id='word_1_126' title='bbox 1293 2539 1549 2626; x_wconf 87' lang='lat' dir='ltr'>prosecutionem</span> <span class='ocrx_word' id='word_1_127' title='bbox 1573 2540 1624 2604; x_wconf 89' lang='lat' dir='ltr'>iti·</span> 
     </span>
     <span class='ocr_line' id='line_1_18' title="bbox 288 2646 1624 2733; baseline -0.002 -19"><span class='ocrx_word' id='word_1_128' title='bbox 288 2648 375 2714; x_wconf 88' lang='lat' dir='ltr'>neris</span> <span class='ocrx_word' id='word_1_129' title='bbox 397 2648 430 2713; x_wconf 92' lang='lat' dir='ltr'>in</span> <span class='ocrx_word' id='word_1_130' title='bbox 453 2668 554 2732; x_wconf 88' lang='lat' dir='ltr'>grave</span> <span class='ocrx_word' id='word_1_131' title='bbox 577 2647 782 2733; x_wconf 88' lang='lat' dir='ltr'>dispendium</span> <span class='ocrx_word' id='word_1_132' title='bbox 813 2647 950 2714; x_wconf 88' lang='lat' dir='ltr'>ecclesie</span> <span class='ocrx_word' id='word_1_133' title='bbox 973 2648 1162 2732; x_wconf 82' lang='lat' dir='ltr'>Magantinc</span> <span class='ocrx_word' id='word_1_134' title='bbox 1191 2647 1368 2731; x_wconf 86' lang='lat' dir='ltr'>retardare,</span> <span class='ocrx_word' id='word_1_135' title='bbox 1404 2646 1553 2712; x_wconf 89' lang='lat' dir='ltr'>concedit</span> <span class='ocrx_word' id='word_1_136' title='bbox 1576 2647 1624 2711; x_wconf 84' lang='lat' dir='ltr'>la·</span> 
     </span>
     <span class='ocr_line' id='line_1_19' title="bbox 289 2753 1625 2838; baseline -0.001 -17"><span class='ocrx_word' id='word_1_137' title='bbox 289 2756 440 2821; x_wconf 90' lang='lat' dir='ltr'>cultatem</span> <span class='ocrx_word' id='word_1_138' title='bbox 465 2754 675 2820; x_wconf 88' lang='lat' dir='ltr'>contrahendi</span> <span class='ocrx_word' id='word_1_139' title='bbox 692 2763 835 2821; x_wconf 88' lang='lat' dir='ltr'>mutuum</span> <span class='ocrx_word' id='word_1_140' title='bbox 851 2775 953 2838; x_wconf 88' lang='lat' dir='ltr'>usque</span> <span class='ocrx_word' id='word_1_141' title='bbox 969 2754 1012 2819; x_wconf 90' lang='lat' dir='ltr'>ad</span> <span class='ocrx_word' id='word_1_142' title='bbox 1028 2775 1184 2821; x_wconf 84' lang='lat' dir='ltr'>summam</span> <span class='ocrx_word' id='word_1_143' title='bbox 1202 2761 1417 2821; x_wconf 88' lang='lat' dir='ltr'>trecentorum</span> <span class='ocrx_word' id='word_1_144' title='bbox 1433 2753 1625 2821; x_wconf 85' lang='lat' dir='ltr'>florenomm</span> 
     </span>
     <span class='ocr_line' id='line_1_20' title="bbox 288 2861 1626 2948; baseline -0.001 -21"><span class='ocrx_word' id='word_1_145' title='bbox 288 2862 330 2929; x_wconf 90' lang='lat' dir='ltr'>de</span> <span class='ocrx_word' id='word_1_146' title='bbox 354 2863 518 2928; x_wconf 76' lang='lat' dir='ltr'>Florentia</span> <span class='ocrx_word' id='word_1_147' title='bbox 541 2862 615 2927; x_wconf 93' lang='lat' dir='ltr'>boni</span> <span class='ocrx_word' id='word_1_148' title='bbox 639 2869 672 2927; x_wconf 88' lang='lat' dir='ltr'>et</span> <span class='ocrx_word' id='word_1_149' title='bbox 696 2861 766 2948; x_wconf 87' lang='lat' dir='ltr'>puri</span> <span class='ocrx_word' id='word_1_150' title='bbox 790 2863 922 2928; x_wconf 87' lang='lat' dir='ltr'>auriac</span> <span class='ocrx_word' id='word_1_151' title='bbox 947 2868 1080 2947; x_wconf 91' lang='lat' dir='ltr'>propter</span> <span class='ocrx_word' id='word_1_152' title='bbox 1103 2861 1164 2927; x_wconf 93' lang='lat' dir='ltr'>hoc</span> <span class='ocrx_word' id='word_1_153' title='bbox 1194 2861 1315 2928; x_wconf 89' lang='lat' dir='ltr'>dictam</span> <span class='ocrx_word' id='word_1_154' title='bbox 1345 2861 1515 2928; x_wconf 85' lang='lat' dir='ltr'>ecelesiam</span> <span class='ocrx_word' id='word_1_155' title='bbox 1544 2862 1626 2927; x_wconf 88' lang='lat' dir='ltr'>eins·</span> 
     </span>
     <span class='ocr_line' id='line_1_21' title="bbox 288 2968 1174 3052; baseline 0 -18"><span class='ocrx_word' id='word_1_156' title='bbox 288 2990 351 3052; x_wconf 89' lang='lat' dir='ltr'>que</span> <span class='ocrx_word' id='word_1_157' title='bbox 374 2968 544 3036; x_wconf 89' lang='lat' dir='ltr'>theolonea</span> <span class='ocrx_word' id='word_1_158' title='bbox 567 2975 600 3034; x_wconf 91' lang='lat' dir='ltr'>ot</span> <span class='ocrx_word' id='word_1_159' title='bbox 624 2976 731 3035; x_wconf 88' lang='lat' dir='ltr'>castra</span> <span class='ocrx_word' id='word_1_160' title='bbox 754 2968 970 3035; x_wconf 88' lang='lat' dir='ltr'>creditoribus</span> <span class='ocrx_word' id='word_1_161' title='bbox 994 2968 1174 3052; x_wconf 90' lang='lat' dir='ltr'>obligandi.</span> 
     </span>
    </p>

    <p class='ocr_par' dir='ltr' id='par_1_8' title="bbox 396 3074 1579 3161">
     <span class='ocr_line' id='line_1_22' title="bbox 396 3074 1579 3161; baseline -0.003 -18"><span class='ocrx_word' id='word_1_162' title='bbox 396 3076 475 3143; x_wconf 78' lang='lat' dir='ltr'>(lum</span> <span class='ocrx_word' id='word_1_163' title='bbox 499 3097 566 3161; x_wconf 86' lang='lat' dir='ltr'>vos,</span> <span class='ocrx_word' id='word_1_164' title='bbox 591 3076 632 3142; x_wconf 91' lang='lat' dir='ltr'>de</span> <span class='ocrx_word' id='word_1_165' title='bbox 656 3097 788 3160; x_wconf 91' lang='lat' dir='ltr'>quornm</span> <span class='ocrx_word' id='word_1_166' title='bbox 806 3127 813 3141; x_wconf 94' lang='lat'>.</span> <span class='ocrx_word' id='word_1_167' title='bbox 833 3125 840 3141; x_wconf 93' lang='lat'><strong>.</strong></span> <span class='ocrx_word' id='word_1_168' title='bbox 858 3125 865 3142; x_wconf 92' lang='lat'><em>.</em></span> <span class='ocrx_word' id='word_1_169' title='bbox 898 3077 976 3142; x_wconf 90' lang='lat' dir='ltr'>Dat.</span> <span class='ocrx_word' id='word_1_170' title='bbox 993 3077 1089 3141; x_wconf 85' lang='lat' dir='ltr'>Avin.</span> <span class='ocrx_word' id='word_1_171' title='bbox 1106 3076 1168 3141; x_wconf 88' lang='lat' dir='ltr'>XV</span> <span class='ocrx_word' id='word_1_172' title='bbox 1185 3076 1230 3145; x_wconf 84' lang='lat' dir='ltr'>lrl.</span> <span class='ocrx_word' id='word_1_173' title='bbox 1247 3074 1402 3142; x_wconf 83' lang='lat' dir='ltr'>februarii</span> <span class='ocrx_word' id='word_1_174' title='bbox 1426 3096 1456 3141; x_wconf 90' lang='lat' dir='ltr'>a.</span> <span class='ocrx_word' id='word_1_175' title='bbox 1473 3078 1579 3141; x_wconf 90' lang='lat' dir='ltr'>tertio.</span> 
     </span>
    </p>
   </div>
   <div class='ocr_carea' id='block_1_7' title="bbox 438 3201 737 3272">
    <p class='ocr_par' dir='ltr' id='par_1_9' title="bbox 438 3201 737 3272">
     <span class='ocr_line' id='line_1_23' title="bbox 438 3201 737 3272; baseline -0.007 -16"><span class='ocrx_word' id='word_1_176' title='bbox 438 3201 737 3272; x_wconf 58' lang='lat' dir='ltr'>Qmmm</span> 
     </span>
    </p>
   </div>
   <div class='ocr_carea' id='block_1_8' title="bbox 395 3486 1076 3574">
    <p class='ocr_par' dir='ltr' id='par_1_10' title="bbox 395 3486 1076 3574">
     <span class='ocr_line' id='line_1_24' title="bbox 395 3486 1076 3574; baseline -0.004 -19"><span class='ocrx_word' id='word_1_177' title='bbox 395 3486 528 3555; x_wconf 80' lang='grc'><strong>2280.</strong></span> <span class='ocrx_word' id='word_1_178' title='bbox 555 3490 641 3554; x_wconf 91' lang='grc'><em>1337</em></span> <span class='ocrx_word' id='word_1_179' title='bbox 666 3488 821 3553; x_wconf 82' lang='lat' dir='ltr'>Fcbraar</span> <span class='ocrx_word' id='word_1_180' title='bbox 846 3488 878 3556; x_wconf 82' lang='lat'>5.</span> <span class='ocrx_word' id='word_1_181' title='bbox 909 3486 1076 3574; x_wconf 78' lang='lat' dir='ltr'>Actpooc.</span> 
     </span>
    </p>
   </div>
   <div class='ocr_carea' id='block_1_9' title="bbox 290 3628 1625 4236">
    <p class='ocr_par' dir='ltr' id='par_1_11' title="bbox 290 3628 1624 3824">
     <span class='ocr_line' id='line_1_25' title="bbox 397 3628 1624 3697; baseline 0 -1"><span class='ocrx_word' id='word_1_182' title='bbox 397 3630 592 3696; x_wconf 89' lang='lat' dir='ltr'>Benedictus</span> <span class='ocrx_word' id='word_1_183' title='bbox 615 3629 681 3695; x_wconf 88' lang='lat' dir='ltr'>IIII</span> <span class='ocrx_word' id='word_1_184' title='bbox 718 3630 857 3696; x_wconf 84' lang='lat' dir='ltr'>Ilenrico</span> <span class='ocrx_word' id='word_1_185' title='bbox 890 3637 967 3696; x_wconf 88' lang='lat' dir='ltr'>nato</span> <span class='ocrx_word' id='word_1_186' title='bbox 1005 3629 1154 3696; x_wconf 89' lang='lat' dir='ltr'>Iohannis</span> <span class='ocrx_word' id='word_1_187' title='bbox 1184 3628 1226 3695; x_wconf 88' lang='lat' dir='ltr'>de</span> <span class='ocrx_word' id='word_1_188' title='bbox 1255 3630 1365 3695; x_wconf 86' lang='lat' dir='ltr'>Drove</span> <span class='ocrx_word' id='word_1_189' title='bbox 1396 3630 1522 3696; x_wconf 85' lang='lat' dir='ltr'>confert</span> <span class='ocrx_word' id='word_1_190' title='bbox 1545 3630 1624 3697; x_wconf 84' lang='lat' dir='ltr'>eccl.</span> 
     </span>
     <span class='ocr_line' id='line_1_26' title="bbox 290 3735 1480 3824; baseline 0.001 -19"><span class='ocrx_word' id='word_1_191' title='bbox 290 3739 348 3805; x_wconf 86' lang='lat' dir='ltr'>SS.</span> <span class='ocrx_word' id='word_1_192' title='bbox 366 3738 591 3824; x_wconf 86' lang='lat' dir='ltr'>Apostolorum</span> <span class='ocrx_word' id='word_1_193' title='bbox 615 3738 849 3821; x_wconf 87' lang='lat' dir='ltr'>canonicatum,</span> <span class='ocrx_word' id='word_1_194' title='bbox 875 3735 1071 3822; x_wconf 87' lang='lat' dir='ltr'>prebendam</span> <span class='ocrx_word' id='word_1_195' title='bbox 1096 3756 1173 3802; x_wconf 87' lang='lat' dir='ltr'>vero</span> <span class='ocrx_word' id='word_1_196' title='bbox 1197 3735 1304 3801; x_wconf 90' lang='lat' dir='ltr'>eidem</span> <span class='ocrx_word' id='word_1_197' title='bbox 1327 3744 1480 3806; x_wconf 87' lang='lat' dir='ltr'>reservat.</span> 
     </span>
    </p>

    <p class='ocr_par' dir='ltr' id='par_1_12' title="bbox 397 3843 1568 3929">
     <span class='ocr_line' id='line_1_27' title="bbox 397 3843 1568 3929; baseline 0.002 -20"><span class='ocrx_word' id='word_1_198' title='bbox 397 3845 543 3929; x_wconf 75' lang='lat' dir='ltr'>Balgunt</span> <span class='ocrx_word' id='word_1_199' title='bbox 566 3850 620 3909; x_wconf 92' lang='lat' dir='ltr'>tue</span> <span class='ocrx_word' id='word_1_200' title='bbox 644 3845 783 3910; x_wconf 91' lang='lat' dir='ltr'>merita.</span> <span class='ocrx_word' id='word_1_201' title='bbox 803 3893 835 3910; x_wconf 85' lang='lat'>..</span> <span class='ocrx_word' id='word_1_202' title='bbox 883 3845 959 3910; x_wconf 88' lang='lat' dir='ltr'>Dat.</span> <span class='ocrx_word' id='word_1_203' title='bbox 985 3843 1081 3910; x_wconf 87' lang='lat' dir='ltr'>Avin.</span> <span class='ocrx_word' id='word_1_204' title='bbox 1105 3863 1207 3909; x_wconf 89' lang='lat' dir='ltr'>nonas</span> <span class='ocrx_word' id='word_1_205' title='bbox 1230 3844 1385 3910; x_wconf 83' lang='lat' dir='ltr'>februarii</span> <span class='ocrx_word' id='word_1_206' title='bbox 1409 3865 1439 3910; x_wconf 92' lang='lat' dir='ltr'>a.</span> <span class='ocrx_word' id='word_1_207' title='bbox 1463 3845 1568 3911; x_wconf 84' lang='lat' dir='ltr'>tertio.</span> 
     </span>
    </p>

    <p class='ocr_par' dir='ltr' id='par_1_13' title="bbox 290 3951 1625 4236">
     <span class='ocr_line' id='line_1_28' title="bbox 397 3951 1625 4038; baseline 0 -21"><span class='ocrx_word' id='word_1_208' title='bbox 397 3953 434 4017; x_wconf 94' lang='lat' dir='ltr'>In</span> <span class='ocrx_word' id='word_1_209' title='bbox 458 3972 486 4018; x_wconf 87' lang='lat' dir='ltr'>e.</span> <span class='ocrx_word' id='word_1_210' title='bbox 510 3973 552 4017; x_wconf 91' lang='lat' dir='ltr'>m.</span> <span class='ocrx_word' id='word_1_211' title='bbox 586 3953 749 4038; x_wconf 89' lang='lat' dir='ltr'>preposito</span> <span class='ocrx_word' id='word_1_212' title='bbox 778 3953 812 4018; x_wconf 90' lang='lat' dir='ltr'>S.</span> <span class='ocrx_word' id='word_1_213' title='bbox 837 3952 969 4036; x_wconf 81' lang='lat' dir='ltr'>Georgii</span> <span class='ocrx_word' id='word_1_214' title='bbox 999 3958 1031 4018; x_wconf 90' lang='lat' dir='ltr'>et</span> <span class='ocrx_word' id='word_1_215' title='bbox 1057 3951 1182 4020; x_wconf 85' lang='lat' dir='ltr'>decano</span> <span class='ocrx_word' id='word_1_216' title='bbox 1214 3951 1248 4017; x_wconf 90' lang='lat' dir='ltr'>S.</span> <span class='ocrx_word' id='word_1_217' title='bbox 1272 3953 1418 4019; x_wconf 85' lang='lat' dir='ltr'>Severini</span> <span class='ocrx_word' id='word_1_218' title='bbox 1446 3951 1556 4021; x_wconf 76' lang='lat' dir='ltr'>colon.</span> <span class='ocrx_word' id='word_1_219' title='bbox 1585 3973 1625 4019; x_wconf 88' lang='lat' dir='ltr'>ac</span> 
     </span>
     <span class='ocr_line' id='line_1_29' title="bbox 290 4058 1621 4146; baseline -0.002 -18"><span class='ocrx_word' id='word_1_220' title='bbox 290 4061 455 4128; x_wconf 87' lang='lat' dir='ltr'>Willermo</span> <span class='ocrx_word' id='word_1_221' title='bbox 479 4058 520 4126; x_wconf 87' lang='lat' dir='ltr'>de</span> <span class='ocrx_word' id='word_1_222' title='bbox 536 4061 707 4146; x_wconf 87' lang='lat' dir='ltr'>Norwegio</span> <span class='ocrx_word' id='word_1_223' title='bbox 731 4060 899 4146; x_wconf 90' lang='lat' dir='ltr'>capellano</span> <span class='ocrx_word' id='word_1_224' title='bbox 916 4067 1024 4126; x_wconf 89' lang='lat' dir='ltr'>nostro</span> <span class='ocrx_word' id='word_1_225' title='bbox 1041 4058 1270 4125; x_wconf 89' lang='lat' dir='ltr'>archidiacono</span> <span class='ocrx_word' id='word_1_226' title='bbox 1285 4060 1503 4128; x_wconf 78' lang='lat' dir='ltr'>Noruicensis</span> <span class='ocrx_word' id='word_1_227' title='bbox 1521 4061 1621 4126; x_wconf 87' lang='lat' dir='ltr'>ccele-</span> 
     </span>
     <span class='ocr_line' id='line_1_30' title="bbox 291 4189 419 4236; baseline -0.023 0"><span class='ocrx_word' id='word_1_228' title='bbox 291 4189 419 4236; x_wconf 80' lang='lat' dir='ltr'>suarum.</span> 
     </span>
    </p>
   </div>
   <div class='ocr_carea' id='block_1_10' title="bbox 451 4292 747 4363">
    <p class='ocr_par' dir='ltr' id='par_1_14' title="bbox 451 4292 747 4363">
     <span class='ocr_line' id='line_1_31' title="bbox 451 4292 747 4363; baseline -0.003 -15"><span class='ocrx_word' id='word_1_229' title='bbox 451 4292 523 4363; x_wconf 75' lang='lat' dir='ltr'>Rep.</span> <span class='ocrx_word' id='word_1_230' title='bbox 545 4293 599 4348; x_wconf 82' lang='lat'>123</span> <span class='ocrx_word' id='word_1_231' title='bbox 616 4309 664 4348; x_wconf 78' lang='lat' dir='ltr'>rar.</span> <span class='ocrx_word' id='word_1_232' title='bbox 683 4293 747 4347; x_wconf 83' lang='grc'><em>169.</em></span> 
     </span>
    </p>
   </div>
   <div class='ocr_carea' id='block_1_11' title="bbox 399 4561 1074 4651">
    <p class='ocr_par' dir='ltr' id='par_1_15' title="bbox 399 4561 1074 4651">
     <span class='ocr_line' id='line_1_32' title="bbox 399 4561 1074 4651; baseline 0 -21"><span class='ocrx_word' id='word_1_233' title='bbox 399 4564 522 4631; x_wconf 83' lang='grc'><strong>2281.</strong></span> <span class='ocrx_word' id='word_1_234' title='bbox 564 4566 650 4629; x_wconf 89' lang='grc'><em>1337</em></span> <span class='ocrx_word' id='word_1_235' title='bbox 674 4565 829 4630; x_wconf 79' lang='lat' dir='ltr'>Februar</span> <span class='ocrx_word' id='word_1_236' title='bbox 853 4567 884 4630; x_wconf 94' lang='grc'>7.</span> <span class='ocrx_word' id='word_1_237' title='bbox 907 4561 1074 4651; x_wconf 77' lang='lat' dir='ltr'>Aoipnoa.</span> 
     </span>
    </p>
   </div>
   <div class='ocr_carea' id='block_1_12' title="bbox 399 4705 1624 4904">
    <p class='ocr_par' dir='ltr' id='par_1_16' title="bbox 399 4705 1624 4904">
     <span class='ocr_line' id='line_1_33' title="bbox 399 4705 1414 4793; baseline 0.003 -22"><span class='ocrx_word' id='word_1_238' title='bbox 399 4705 605 4791; x_wconf 89' lang='lat' dir='ltr'>[Benedictus</span> <span class='ocrx_word' id='word_1_239' title='bbox 628 4707 705 4792; x_wconf 89' lang='lat' dir='ltr'>Xll]</span> <span class='ocrx_word' id='word_1_240' title='bbox 729 4708 900 4793; x_wconf 87' lang='lat' dir='ltr'>magnifico</span> <span class='ocrx_word' id='word_1_241' title='bbox 924 4712 994 4774; x_wconf 87' lang='lat' dir='ltr'>viro</span> <span class='ocrx_word' id='word_1_242' title='bbox 1017 4707 1185 4775; x_wconf 85' lang='lat' dir='ltr'>Ludovieo</span> <span class='ocrx_word' id='word_1_243' title='bbox 1209 4706 1250 4774; x_wconf 91' lang='lat' dir='ltr'>de</span> <span class='ocrx_word' id='word_1_244' title='bbox 1273 4708 1414 4776; x_wconf 74' lang='lat' dir='ltr'>Bouaria</span> 
     </span>
     <span class='ocr_line' id='line_1_34' title="bbox 399 4813 1624 4904; baseline 0.001 -23"><span class='ocrx_word' id='word_1_245' title='bbox 399 4814 510 4903; x_wconf 90' lang='lat' dir='ltr'>Nuper</span> <span class='ocrx_word' id='word_1_246' title='bbox 532 4813 684 4880; x_wconf 86' lang='lat' dir='ltr'>videlicet</span> <span class='ocrx_word' id='word_1_247' title='bbox 708 4814 748 4879; x_wconf 91' lang='lat' dir='ltr'>de</span> <span class='ocrx_word' id='word_1_248' title='bbox 773 4816 905 4882; x_wconf 86' lang='lat' dir='ltr'>Veneris</span> <span class='ocrx_word' id='word_1_249' title='bbox 939 4821 1014 4880; x_wconf 89' lang='lat' dir='ltr'>ante</span> <span class='ocrx_word' id='word_1_250' title='bbox 1047 4815 1165 4881; x_wconf 84' lang='lat' dir='ltr'>festum</span> <span class='ocrx_word' id='word_1_251' title='bbox 1198 4815 1432 4904; x_wconf 76' lang='lat' dir='ltr'>purificationis</span> <span class='ocrx_word' id='word_1_252' title='bbox 1461 4815 1498 4882; x_wconf 93' lang='grc' dir='ltr'>Β.</span> <span class='ocrx_word' id='word_1_253' title='bbox 1523 4815 1624 4882; x_wconf 80' lang='lat' dir='ltr'>uarie</span> 
     </span>
    </p>
   </div>
   <div class='ocr_carea' id='block_1_13' title="bbox 0 0 1827 5509">
    <p class='ocr_par' dir='ltr' id='par_1_17' title="bbox 0 0 1827 5509">
     <span class='ocr_line' id='line_1_35' title="bbox 0 0 1827 5509; baseline 0 0"><span class='ocrx_word' id='word_1_254' title='bbox 0 0 1827 5509; x_wconf 95' lang='lat' dir='ltr'> </span> 
     </span>
    </p>
   </div>
  </div>
 </body>
</html>
