3642 5509
278 425 331 480 264
784 423 853 480 1329
873 421 1050 494 September
1071 421 1111 478 11.

279 607 568 674 ecclesiasticorum
594 608 644 672 rol
680 606 853 672 insistendo
888 605 1066 670 scolasticis
1099 603 1277 688 disciplinis
1306 603 1338 668 in
1362 602 1443 684 loeo,
1470 603 1523 668 ubi
1545 609 1611 669 stn-

280 715 367 781 dium
400 717 510 800 vigeat
541 715 702 799 generale,
736 721 791 780 aut
815 715 846 778 in
872 714 1018 779 Romano
1047 711 1136 777 curia
1166 732 1285 776 moram
1316 711 1455 788 trahens,
1490 711 1613 776 tructus

280 825 418 889 omnium
452 821 677 889 beneficiorum
710 822 1012 903 ecelesiasticorum,
1046 840 1108 904 que
1140 840 1224 884 nnnc
1253 820 1377 884 obtinet
1407 825 1533 884 etcum
1558 819 1612 883 im·

279 937 442 1016 posterum
471 931 615 996 obtinere
643 930 824 1014 eontigerit,
859 929 993 1012 integre,
1026 925 1197 992 cotidianis
1221 924 1500 991 distributionibus
1524 924 1613 990 dum·

281 1043 373 1102 taxat
396 1038 551 1122 exeeptis,
575 1038 742 1122 percipere
766 1036 874 1102 voleat
897 1055 998 1118 nsque
1021 1033 1064 1099 ad
1088 1033 1268 1098 triennium.

389 1145 519 1210 Sincere
544 1143 723 1210 devotionis
746 1143 911 1209 affectus.
941 1191 948 1206 .
975 1194 983 1210 .
1030 1140 1108 1206 Dat.
1133 1139 1227 1205 Avin.
1252 1140 1302 1205 III
1325 1139 1397 1206 idus
1425 1141 1614 1224 septembris

282 1273 311 1316 a.
337 1250 587 1335 quartodecimo.

390 1360 426 1424 In
450 1378 478 1425 e.
495 1381 537 1425 m.
561 1360 595 1427 S.
619 1361 707 1426 Petri
731 1359 949 1426 Traieetensis
973 1365 1006 1424 et
1029 1357 1273 1424 Darentriensis
1289 1358 1430 1423 Traiect.
1454 1355 1538 1423 dioc.
1563 1356 1616 1422 de·

282 1469 371 1536 oanis
395 1488 435 1534 uo
457 1468 627 1534 Ambrosio
652 1467 692 1534 de
715 1469 911 1554 Lamayrola
935 1468 1090 1534 canonico
1115 1465 1288 1532 Mediolon.
1313 1467 1531 1533 ecelesiarum.

436 1610 509 1680 Rep.
526 1613 563 1666 94
581 1627 629 1666 ur.
649 1613 676 1668 9.

390 1943 510 2010 1757.
545 1946 632 2010 1329
657 1945 850 2030 September
876 1947 928 2009 11.
957 1943 1123 2031 Aoipuon.

392 2085 551 2152 lohannes
574 2087 672 2152 XXII
697 2086 906 2153 Constantino
932 2086 972 2152 de
997 2087 1102 2153 Cornu
1127 2088 1290 2171 preposito
1314 2085 1452 2150 ecclesie
1475 2083 1618 2150 Wiscbe-

284 2193 383 2258 lensis
400 2192 510 2258 Oolon.
528 2192 611 2258 dioc.
628 2192 786 2278 indulget,
810 2200 845 2258 ut
861 2193 1032 2260 residendo
1057 2195 1089 2258 in
1113 2194 1215 2259 altero
1241 2193 1467 2258 beneficiorum
1491 2212 1618 2258 suorum

285 2299 574 2365 ecclesiasticorum
600 2301 650 2365 vel
679 2300 856 2367 insistendo
884 2302 1064 2368 scolasticis
1094 2300 1272 2385 disciplinis
1301 2301 1332 2364 in
1361 2299 1443 2382 loeo,
1476 2299 1529 2364 ubi
1554 2305 1619 2363 stu·

285 2405 373 2471 dium
398 2407 508 2490 vigeat
532 2409 692 2491 generale,
726 2415 781 2472 aut
805 2409 837 2472 in
861 2408 1007 2474 Romana
1040 2408 1272 2473 curiumorum
1297 2406 1464 2489 trahendo,
1497 2406 1620 2470 fructus

286 2515 425 2578 omnium
458 2514 683 2580 beneficiorum
717 2535 843 2581 suorum
877 2516 1186 2597 ecclesiastieorum,
1223 2533 1284 2597 que
1315 2534 1399 2578 nunc
1432 2514 1554 2579 obtinet
1586 2520 1620 2576 et

285 2623 491 2706 imposterum
515 2624 659 2689 obtinere
682 2643 753 2688 eum
779 2625 951 2707 eontigerit
974 2625 1109 2706 integre,
1142 2621 1314 2688 cotidianis
1342 2621 1619 2687 distributionibus

286 2726 455 2794 dumtaxat
478 2731 632 2815 exceptis,
657 2729 822 2813 usquead
847 2731 1017 2796 trienninm
1041 2732 1208 2815 percipere
1232 2730 1348 2795 valeat.

393 2837 567 2902 Probitatis
599 2844 653 2902 tue
685 2838 798 2903 merita
834 2886 908 2904 ...
965 2839 1038 2903 Dat.
1064 2837 1158 2903 Ario.
1183 2838 1234 2902 Ill
1266 2835 1339 2902 idus
1368 2835 1559 2921 septembris
1588 2856 1619 2900 a.

287 2941 536 3026 quartodecimo.

395 3051 549 3116 luem.
582 3051 744 3136 preposito
778 3051 811 3118 S.
837 3051 983 3117 Severini
1013 3059 1044 3117 et
1077 3051 1201 3116 decano
1225 3051 1259 3116 S.
1283 3049 1411 3116 Andree
1435 3051 1546 3117 Colon.
1578 3071 1618 3115 ao

287 3158 440 3241 magistro
465 3157 632 3223 Ambrosio
656 3157 697 3223 de
720 3158 916 3244 Laniayrols
941 3160 1095 3224 canonico
1119 3157 1292 3223 Mediolon.
1317 3158 1536 3224 eeclesiarum.

447 3307 520 3378 Rep.
541 3307 580 3362 93
597 3323 643 3362 nr.
665 3309 728 3362 180.

392 3604 513 3672 1758.
540 3607 626 3670 1329
647 3606 841 3692 September
865 3609 918 3671 11.
952 3605 1117 3693 Aotpooo.

396 3747 555 3813 lohannes
578 3748 677 3812 XXII
713 3748 852 3814 Brunoui
887 3749 1065 3815 Borebordi
1100 3749 1141 3817 de
1174 3752 1332 3817 Dorstene
1365 3751 1482 3817 elerico
1511 3750 1621 3816 Colon.

290 3853 372 3920 dioc.
406 3862 549 3920 reservat
582 3854 769 3922 beneficium
804 3856 1058 3922 ecclesiasticum
1097 3878 1169 3924 cum
1197 3878 1274 3925 curu
1301 3858 1353 3924 vel
1382 3859 1450 3924 sine
1475 3878 1551 3923 cura
1579 3857 1623 3923 ad

290 3961 532 4047 dispositionem
565 3963 735 4047 preprositi
768 3964 846 4032 eccl.
872 3964 1068 4030 Xanetensis
1092 3965 1201 4030 Colon.
1230 3964 1314 4031 dioc.
1339 3972 1498 4051 spectans,
1532 3966 1622 4030 cuius

289 4069 422 4152 fruetus,
455 4069 483 4135 si
507 4076 661 4146 curatum,
695 4069 821 4154 viginti,
851 4073 878 4136 si
902 4091 978 4137 vero
1002 4072 1071 4137 sine
1095 4093 1171 4137 cura
1194 4072 1301 4154 luerit,
1336 4071 1517 4155 quindecim
1541 4093 1623 4138 mar-

291 4177 421 4242 charum
445 4178 571 4260 urgenti
595 4195 620 4242 s.
638 4183 661 4240 t.
679 4175 709 4241 d.
728 4177 869 4243 valorem
894 4199 1032 4244 annuum
1057 4201 1120 4245 non
1145 4200 1215 4245 cxc.

397 4283 578 4351 Laudabile
602 4287 826 4368 testimonium,
853 4285 938 4369 quod
954 4334 961 4352 .
975 4334 1007 4354 ..
1054 4287 1129 4352 Dat.
1146 4287 1241 4352 Avin.
1265 4288 1315 4353 Ill
1338 4285 1410 4353 idus
1433 4286 1623 4371 septembris

291 4416 321 4460 a.
346 4391 595 4476 ¹quartodecimo.

398 4501 488 4566 Ine.
514 4522 553 4565 m.
588 4503 750 4587 preposito
784 4501 817 4566 S.
844 4500 990 4567 Severini
1023 4508 1054 4567 et
1088 4499 1212 4567 decano
1236 4501 1270 4568 S.
1296 4501 1425 4568 Andree
1448 4499 1558 4569 colon.
1583 4519 1622 4566 ac

291 4607 459 4674 Ambrosio
484 4606 525 4673 de
541 4608 737 4692 Lamoyrola
761 4610 915 4674 canonico
939 4607 1112 4674 Mediolon.
1137 4608 1355 4675 eeclesiarum.

460 4745 531 4818 Rep.
552 4745 589 4798 94
607 4761 655 4799 nr.
676 4746 756 4800 7175.
