3642 5509
767 455 837 513 1330
855 455 985 514 October
1004 455 1029 514 2.

342 637 465 703 1977.
490 638 579 703 1330
601 638 742 705 October
765 642 797 704 2.
830 636 998 725 Aoipooa.

343 779 515 864 [Iohannes
537 781 649 866 XXII]
673 780 918 867 archiepiscopo
941 783 1142 848 Treverensi.

341 887 393 953 Ex
409 894 518 955 tenore
534 888 699 973 petitionis
717 938 724 953 .
743 936 751 951 .
770 939 777 954 .
824 889 987 955 Guillclmi
1004 887 1044 954 de
1062 890 1218 973 Biourges
1234 890 1344 956 militis
1361 896 1414 956 tue
1430 887 1569 957 diocesis

235 993 329 1062 nobis
352 993 464 1062 oblata
487 994 700 1080 percepimus,
725 994 811 1079 quod
835 994 911 1062 olim
935 997 1005 1082 ipse
1030 995 1201 1081 quamdam
1225 996 1389 1062 mulierem
1414 1047 1422 1063 .
1446 1046 1454 1062 .
1478 1045 1485 1063 .
1507 997 1571 1062 Eli·

234 1102 328 1168 sabet
351 1108 426 1168 nate
449 1151 457 1166 .
479 1150 486 1164 .
511 1151 519 1167 .
566 1100 713 1168 lohancti
744 1100 823 1168 dicti
845 1102 978 1188 Lepetit
1010 1102 1051 1170 de
1075 1103 1267 1188 Clemencey
1300 1104 1451 1187 armigeri
1484 1103 1571 1169 dicte

236 1207 320 1274 dioc.
357 1210 453 1275 tertio
488 1217 521 1275 et
554 1215 668 1293 quarto
702 1210 990 1294 consanguinitatis
1024 1209 1128 1295 gradu
1161 1212 1365 1278 coniunctam
1398 1211 1571 1278 fornicario

235 1322 311 1381 actu
335 1317 489 1400 cognovit
516 1315 688 1383 carnaliter
710 1336 751 1383 ac
778 1324 892 1403 postca
917 1317 1098 1384 huiusmodi
1122 1319 1412 1403 consanguinitatis
1439 1313 1571 1402 ignarus

236 1441 307 1488 cum
341 1421 430 1489 dicta
459 1422 625 1490 Elisabeth
658 1425 786 1509 penitus
818 1425 916 1491 etiam
949 1425 1128 1510 ignorante,
1163 1423 1248 1508 quod
1284 1425 1355 1510 ipse
1383 1424 1572 1492 Guillelmus

236 1527 356 1595 dictam
373 1530 563 1596 mulierem.
582 1582 589 1596 .
608 1581 615 1596 .
633 1533 848 1615 cognovisset,
871 1532 997 1615 bannis,
1022 1538 1057 1598 ut
1081 1532 1177 1598 moris
1195 1537 1252 1614 est,
1278 1530 1374 1598 editis
1391 1539 1423 1597 et
1447 1532 1571 1617 procla·

235 1642 341 1720 matrs,
366 1636 601 1705 matrimonium
618 1638 650 1703 in
666 1638 752 1705 facie
769 1638 906 1706 ecclesie
924 1641 1084 1706 contraxit
1101 1691 1108 1704 .
1127 1690 1134 1705 .
1154 1689 1161 1704 .
1179 1637 1337 1706 acdcinde
1355 1689 1362 1705 .
1380 1692 1388 1708 .
1408 1687 1415 1703 .
1433 1637 1514 1704 lilios
1538 1646 1571 1704 et

238 1745 320 1812 filias
347 1752 585 1830 procrearunt.
611 1795 618 1811 .
642 1795 650 1811 .
696 1746 764 1815 Nos
787 1746 886 1830 igitur
909 1795 917 1812 .
942 1797 948 1810 .
973 1746 1197 1812 ,fraternitati
1222 1753 1276 1812 tue
1295 1795 1302 1811 .
1321 1795 1328 1811 .
1348 1795 1355 1812 .
1372 1743 1570 1827 mandamus,

238 1850 398 1936 quatinus,
429 1850 457 1918 si
481 1853 540 1919 tibi
564 1851 605 1918 de
629 1851 763 1938 prefatis
787 1853 901 1920 bannis
921 1901 928 1918 .
947 1903 954 1918 .
973 1903 980 1919 .
998 1873 1038 1919 aa
1061 1853 1103 1920 de
1126 1854 1226 1938 ipsius
1250 1853 1360 1920 militis
1389 1852 1571 1937 ignorantia

234 1958 415 2025 huiusmodi
439 1958 548 2026 saltim
571 1979 629 2045 per
652 1960 721 2028 eius
744 1961 957 2026 iuramentum
981 1960 1172 2043 constiterit,
1204 1960 1370 2046 cumipse
1399 1965 1431 2025 et
1454 1957 1570 2025 eadem

234 2065 414 2149 Elisabeth,
438 2074 474 2132 ut
496 2067 529 2131 10
545 2065 660 2134 eodem
683 2069 912 2133 matrimonio.
931 2116 938 2133 .
957 2119 965 2134 .
981 2067 1071 2133 licite
1094 2087 1260 2133 remanere
1284 2067 1413 2133 valcant
1431 2116 1438 2131 .
1457 2114 1464 2130 .
1483 2114 1490 2132 .
1508 2064 1571 2132 dis·

235 2193 370 2258 pensare
403 2193 564 2259 procures,
599 2175 720 2260 prolem
754 2182 938 2261 susceptam
969 2181 1003 2239 01
1038 2173 1308 2260 suscipiendam.
1333 2174 1569 2258 ..legitimam

235 2280 448 2349 decernendo.
494 2283 571 2348 Dat.
595 2283 690 2348 Avln.
714 2283 760 2348 Vl
783 2303 885 2349 nonas
908 2282 1050 2349 octobris
1074 2302 1103 2347 a.
1129 2279 1378 2365 quintodecimo.

395 2407 468 2477 ch.
486 2407 545 2461 100
571 2421 619 2462 rvr.
638 2407 704 2462 667.

344 2647 466 2714 1978.
496 2649 584 2714 1330
607 2648 747 2715 October·
769 2650 800 2713 4.
827 2646 992 2734 Aoipaorr.

342 2790 503 2857 Iohannes
526 2791 625 2856 XXll
651 2789 822 2856 Wilhclmo
855 2790 896 2856 de
931 2791 1043 2876 Geyclr
1078 2791 1142 2871 (vel
1175 2790 1296 2875 Seych)
1332 2789 1456 2856 confert
1490 2789 1569 2855 eccl.

236 2897 496 2964 Monasteriensis
528 2899 561 2962 in
594 2896 700 2981 Eyflia
730 2896 840 2964 00100.
874 2896 958 2964 dioc.
993 2899 1225 2982 canonicatum,
1262 2895 1458 2983 prebendam
1493 2916 1570 2963 vero

236 3002 341 3070 eidem
365 3011 520 3071 reservat.

342 3110 523 3178 Laudabile
547 3110 781 3192 testemonium,
806 3107 892 3192 quod
909 3161 917 3177 .
937 3156 970 3173 ..
1017 3110 1093 3175 Dat.
1111 3107 1207 3173 Avin.
1228 3106 1296 3172 1111
1312 3125 1414 3172 nonas
1429 3106 1571 3172 octobris

235 3239 257 3283 a
280 3217 528 3302 quintodecimo.

343 3325 382 3390 10
412 3345 441 3391 0.
464 3347 506 3391 m.
536 3324 648 3392 abbati
677 3320 1393 3391 [0000010018.000001111000001000100.
1424 3319 1507 3384 dioc.
1538 3325 1571 3384 et

237 3431 361 3498 decano
384 3433 418 3499 S.
443 3430 590 3499 Severini
615 3431 725 3499 (tolon.
750 3450 790 3498 ac
811 3430 983 3497 scolastico
1007 3428 1168 3495 Tullensis
1191 3427 1409 3495 ecclesiarum.

386 3556 459 3626 Bep.
478 3555 537 3612 100
554 3570 603 3611 nr.
621 3555 668 3610 69.

342 3818 467 3886 lats.
490 3820 579 3885 1330
602 3819 742 3886 October·
766 3821 799 3884 8.
823 3816 1020 3904 (Aoipaoa.)

345 3959 518 4045 [lohannes
540 3961 640 4026 XXlI
664 3961 735 4044 regi
758 3960 955 4044 Aragonum.

344 4065 472 4133 Pridem
504 4066 641 4132 dilectus
664 4066 746 4132 111100
774 4066 892 4132 0001110
915 4067 964 4131 vir
987 4067 1166 4132 Willelmus
1197 4086 1304 4133 comes
1328 4066 1516 4134 Iuliaoensis
1540 4065 1572 4130 in

235 4179 346 4240 nostra
369 4173 532 4258 presentia
566 4173 758 4239 constitutus
780 4173 873 4238 nobis
897 4173 1056 4257 exposuit,
1090 4173 1175 4257 quod
1205 4175 1275 4260 ipse
1303 4173 1431 4259 proprio
1456 4172 1572 4238 ductus

236 4278 412 4366 proposito,
448 4281 580 4365 cupieos
614 4300 672 4366 pro
705 4280 826 4346 viribus
860 4286 989 4346 atroces
1022 4281 1164 4356 iniurias,
1201 4300 1262 4364 que
1296 4301 1316 4345 a
1349 4279 1514 4346 blesiamis
1540 4277 1572 4361 (l)

236 4385 372 4454 nominis
396 4386 563 4454 christiani
586 4387 619 4452 in
643 4407 743 4470 regno
760 4387 902 4453 Granate
927 4387 1063 4453 orthoxe
1086 4386 1162 4453 fidei
1187 4388 1362 4453 cultoribus
1385 4385 1572 4467 inferuntur,

237 4513 395 4560 ...una
427 4501 533 4560 tecum
565 4501 600 4559 at
632 4492 780 4560 fidelibus
812 4495 885 4560 aliis
917 4493 1095 4576 vindicare,
1128 4493 1169 4560 de
1193 4514 1301 4560 mense
1330 4493 1441 4560 marcii
1464 4492 1573 4558 futuro

236 4603 383 4688 proximo
415 4602 617 4687 proponebat
650 4602 682 4666 10
715 4607 771 4667 tna
804 4600 957 4666 comitiva
998 4620 1069 4666 cum
1105 4600 1322 4684 quadraginta
1355 4599 1508 4666 militibus
1540 4606 1573 4664 et

237 4710 426 4794 octuaginta
454 4707 615 4792 equitibus
638 4709 711 4775 aliis
741 4709 774 4774 in
807 4709 904 4775 armis
928 4707 970 4774 ad
1004 4713 1112 4793 partes
1136 4707 1279 4775 eiusdem
1308 4710 1397 4793 regni
1422 4727 1571 4793 persons-

237 4817 369 4882 literae
394 4816 551 4901 conferre,
584 4835 717 4902 sperans
740 4817 837 4883 etiam
872 4815 1092 4903 probabiliter,
1127 4814 1213 4900 quod
1236 4815 1326 4882 multi
1360 4815 1415 4882 alii
1444 4833 1572 4881 suarum
