3642 5509
658 475 661 480 .
742 421 811 475 13³6
830 419 904 474 Juni
924 420 966 474 13.
1474 417 1529 472 499

191 620 281 666 suom
300 621 487 667 consensum
512 599 686 685 prebuerit,
712 605 786 665 tunc
810 601 842 665 in
866 599 940 683 biis,
965 619 1027 681 que
1051 599 1139 663 circa
1158 599 1313 683 premissa
1336 597 1377 663 de
1393 597 1528 663 consilio

191 707 324 773 fratrum
348 716 527 774 nostrorum
551 706 769 793 predictorum
801 706 986 772 faciendum
1018 705 1192 772 seeundum
1217 705 1313 770 deum
1336 703 1526 787 videbimus,

191 817 387 900 reperiemur
411 815 457 879 tui
481 815 646 900 presertim
671 813 937 896 consideratione,
962 812 1006 876 fili
1023 813 1250 895 amantissime,
1276 811 1470 878 favorabiles
1494 818 1527 876 et

191 921 332 1007 benigni.
379 922 455 990 Dat.
480 921 574 988 Avin.
600 920 644 984 IIl
669 920 741 987 idus
764 922 840 986 maii
864 940 949 987 anno
973 919 1125 986 seeundo.

356 1055 426 1124 Heq.
447 1055 502 1107 131
519 1053 543 1124 f.
563 1053 601 1107 49
620 1068 668 1106 nr.
682 1052 737 1106 179
745 1068 758 1120 ,¹
776 1053 829 1108 Ra.
849 1054 933 1108 1803,

304 1348 426 1416 2261.
460 1351 545 1414 1336
568 1350 731 1416 Juniis.
756 1347 922 1435 Aeiqnon.

302 1493 506 1558 Benedictus
542 1492 617 1556 XII
653 1492 799 1558 Iohanni
834 1492 949 1577 Operic'
983 1492 1152 1557 collectori
1185 1493 1360 1566 fractorem
1396 1513 1527 1558 comere

194 1601 379 1687 apostolice
394 1600 547 1683 mandat,
572 1601 733 1685 qnote’nns
749 1600 862 1686 ecciqat
873 1600 1050 1684 pecunias,
1066 1600 1108 1664 de
1124 1600 1243 1684 qnibna
1260 1599 1377 1665 eadem
1393 1619 1529 1665 camera

194 1715 242 1774 est
266 1706 485 1794 defraudata.

299 1831 505 1916 [Benedictus
520 1831 598 1916 XII]
614 1830 749 1897 Iohanni
767 1831 876 1915 Ogerii
893 1829 1017 1896 decano
1034 1831 1170 1898 ecclesie
1191 1830 1233 1897 de
1248 1831 1349 1898 Belua
1366 1830 1526 1898 Eduensis

195 1940 277 2006 dioc.
305 1939 483 2025 apostolice
506 1939 592 2006 sedis
615 1941 742 2005 nuncio.

301 2047 381 2112 Ourn
404 2053 450 2129 tu,
475 2067 568 2131 quem
584 2067 680 2132 super
697 2046 887 2131 colligendis
912 2045 1048 2113 residuis
1064 2046 1224 2112 fructuum
1248 2047 1410 2112 annalium
1434 2047 1527 2112 bene

193 2153 336 2219 liciorum
371 2155 664 2221 ecclesiastieorum
699 2175 757 2240 per
782 2203 789 2219 .
815 2203 823 2219 .
847 2153 1021 2220 Iohannem
1055 2175 1174 2239 papam
1206 2154 1337 2219 XXII.
1364 2203 1372 2218 .
1397 2203 1405 2217 .
1429 2173 1528 2219 reser-

194 2268 339 2329 vatorum
364 2267 397 2327 et
419 2281 476 2328 sue
493 2281 619 2328 camere
636 2262 870 2348 applicatorum
894 2263 928 2326 in
943 2260 1154 2346 Lugdunensi
1170 2260 1343 2328 Viennensi
1362 2261 1530 2328 Bisantina

194 2370 427 2436 Tarantisiensi
451 2376 484 2435 et
508 2370 697 2435 Treverensi
720 2369 896 2454 provinciis
921 2417 929 2434 .
953 2417 985 2433 ..
1012 2366 1247 2454 deputavimus,
1270 2375 1379 2434 nostre
1403 2389 1529 2434 camere

194 2475 323 2542 duxeris
347 2473 568 2558 intimandum,
593 2483 626 2541 te
650 2476 748 2542 certis
770 2477 1059 2560 informationibus,
1084 2496 1164 2559 quas
1188 2475 1398 2542 demandato
1421 2482 1529 2542 nostro

196 2584 312 2660 iecisti,
348 2584 472 2666 aliquos
508 2583 696 2651 collectores
732 2591 764 2648 et
797 2584 1047 2650 subcolleetores
1082 2603 1178 2669 super
1212 2583 1402 2667 colligendis
1434 2583 1530 2649 dictis

194 2690 353 2757 fructibus
385 2691 460 2757 olim
492 2692 525 2755 in
559 2689 681 2756 eisdem
714 2691 888 2776 provinciis
921 2692 1114 2757 auctoritate
1147 2690 1326 2776 apostolica
1358 2690 1529 2776 deputatos

194 2797 325 2863 fraudes
359 2807 391 2862 et
413 2798 558 2864 malicias
581 2799 689 2864 varias
722 2798 928 2881 commisisse,
962 2798 1003 2863 de
1036 2800 1151 2881 quibus
1187 2799 1312 2881 aliquas
1348 2799 1530 2884 expressius

195 2904 404 2990 descripsisti,
438 2903 592 2970 videlicet
615 2905 702 2989 quod
734 2906 875 2990 ipsorum
905 2906 1004 2988 aliqui
1038 2905 1109 2991 plus
1132 2905 1173 2970 de
1198 2905 1293 2972 dictis
1315 2906 1473 2972 fructibus
1497 2912 1530 2970 et

195 3012 267 3076 aliis
279 3011 488 3096 proventibus
505 3032 664 3078 cameram
682 3019 821 3079 nostram
839 3013 1056 3097 tangentibus,
1070 3032 1202 3095 quorum
1216 3014 1263 3079 eis
1282 3013 1345 3078 fuit
1360 3014 1531 3078 commissa

196 3117 354 3201 collectio,
380 3127 578 3204 receperunt,
603 3139 698 3202 qnam
722 3119 826 3186 eidem
851 3120 1088 3204 assignaverint
1104 3141 1230 3186 camere
1249 3121 1302 3187 vel
1325 3130 1530 3206 computave-

195 3229 258 3291 rint
283 3244 354 3290 cum
378 3225 502 3308 eedem,
536 3226 665 3308 quidam
690 3228 818 3312 insuper
842 3228 1091 3312 compositiones
1123 3247 1220 3312 super
1244 3227 1340 3294 dictis
1372 3227 1530 3294 fructibus

196 3332 364 3399 annalibus
387 3333 512 3418 prefate
529 3354 656 3399 camere
672 3333 790 3400 debitis
815 3355 885 3400 curn
906 3334 1129 3401 obtinentibus
1149 3335 1316 3417 beneficia,
1340 3356 1398 3419 pro
1415 3335 1530 3418 quibus

197 3441 318 3505 fructus
343 3440 523 3505 huiusmodi
547 3440 756 3524 debebantur,
790 3441 1013 3507 fraudulenter
1037 3448 1070 3507 et
1092 3441 1178 3507 mala
1201 3441 1264 3507 fide
1287 3441 1443 3525 fecerunt,
1474 3463 1532 3526 per

197 3568 277 3630 quas
300 3546 341 3613 de
365 3546 523 3612 nonnullis
539 3549 747 3632 pecuniarum
768 3548 1001 3630 quantitatibus
1024 3550 1177 3614 remansit
1199 3556 1233 3613 et
1255 3556 1399 3614 remanet
1421 3569 1531 3635 supra-

197 3655 286 3720 dicta
310 3675 437 3720 camera
469 3674 531 3718 non
555 3653 715 3720 modicum
740 3654 944 3732 defraudata,
977 3676 1035 3721 uos
1060 3707 1067 3720 .
1093 3705 1101 3721 .
1127 3705 1134 3721 .
1160 3655 1344 3721 discretioni
1377 3663 1431 3721 tue
1456 3707 1463 3720 .
1490 3708 1496 3720 .
1523 3706 1531 3722 .

197 3761 395 3842 mandamus,
429 3763 579 3845 quatinus
614 3763 655 3828 ab
688 3763 809 3828 eisdem
834 3762 1059 3830 collectoribus
1095 3771 1128 3829 et
1159 3763 1447 3830 subcolleetoribus
1482 3785 1530 3848 ca,

197 3889 259 3952 que
294 3870 405 3954 ipsosa
434 3868 505 3954 plus
539 3871 699 3954 recepisse
730 3869 770 3934 de
799 3871 972 3955 premissis,
1006 3890 1100 3954 quam
1137 3871 1371 3954 assignaverint
1406 3870 1531 3956 prefate

198 3995 324 4040 camere
340 3975 391 4040 vel
414 3995 485 4041 curn
510 3996 548 4042 ea
566 3978 832 4062 computaverint,
857 3997 980 4043 necnon
1005 3986 1038 4043 et
1061 3978 1127 4060 illa,
1152 3976 1325 4059 dequibus
1348 3978 1450 4061 ipsam
1474 3998 1532 4062 ρετ

198 4082 445 4167 compositiones
468 4082 631 4168 predictas
656 4082 880 4149 defraudatam
906 4133 914 4148 .
940 4133 947 4148 .
974 4133 981 4148 .
1006 4085 1173 4170 repereris,
1202 4083 1334 4167 exigere
1357 4092 1469 4169 petere
1493 4105 1532 4150 ae

197 4188 340 4274 recipere
363 4211 426 4254 uon
450 4191 621 4255 ommittas.
674 4191 716 4255 Et
740 4189 815 4272 quia
837 4192 1019 4256 obtinentes
1043 4191 1209 4274 beneficia,
1234 4191 1287 4275 qui
1311 4190 1532 4258 fraudulentas

198 4315 268 4362 cum
301 4295 420 4361 eisdem
454 4298 679 4362 collectoribus
702 4298 755 4363 vel
788 4297 1073 4363 subcolleetoribus
1106 4298 1353 4382 compositiones
1386 4300 1533 4364 fecerunt

198 4404 351 4488 prefatas,
384 4403 510 4470 fraudis
543 4405 710 4471 commisse
739 4405 914 4490 participes
943 4406 1127 4488 extiterunt,
1160 4405 1187 4471 si
1211 4407 1321 4473 forsan
1345 4406 1533 4472 collectores

198 4511 448 4578 subcolleetores
489 4511 629 4597 predicti
667 4532 764 4597 super
799 4512 987 4578 restituione
1025 4511 1176 4578 faieeuda
1205 4560 1212 4574 .
1243 4562 1251 4578 .
1280 4561 1287 4577 .
1321 4533 1385 4578 uon
1416 4515 1534 4600 reperi·

198 4626 314 4702 rentur,
339 4617 516 4685 solvendab
539 4620 580 4685 ab
605 4619 822 4686 obtinentibus
846 4620 935 4705 ipsis,
968 4620 995 4685 si
1022 4620 1242 4705 supervivant,
1278 4628 1335 4686 aut
1367 4621 1408 4686 de
1441 4621 1534 4689 bonis

306 4821 335 4880 a)
356 4831 409 4886 per
429 4817 510 4885 ipsos
529 4813 564 4869 in
583 4831 645 4884 rep.
747 4815 777 4882 b)
796 4815 943 4870 solvendo
963 4813 998 4868 in
1016 4830 1078 4887 req.
