3642 5509
770 455 841 514 1334
860 456 922 514 Juli
940 454 966 512 4.
1480 448 1535 509 483

198 650 285 710 tores
309 650 341 709 et
364 643 488 710 iudices
512 642 658 728 deputati
686 661 748 706 non
773 640 961 726 pemittant
984 636 1113 704 eosdem
1137 659 1158 702 a
1181 635 1337 723 predictis
1369 635 1535 702 ordinibus

199 752 361 817 molestari
385 757 443 817 aut
464 751 619 816 ininricri.

307 859 508 942 Frequenter
531 857 702 940 hactenus,
731 856 894 921 immo...
942 855 1019 919 Dat.
1042 852 1181 918 Arial'
1203 871 1304 917 nonas
1327 851 1396 917 iulii
1425 871 1455 916 a.
1480 849 1534 917 de·

200 967 412 1034 cimooctavo.

361 1091 434 1160 ch.
454 1091 510 1144 106
529 1105 576 1143 nr.
595 1090 652 1144 806
658 1109 668 1154 ,·
688 1089 741 1143 Ra.
761 1086 845 1141 1672.

307 1356 429 1422 2213.
467 1357 554 1421 1334
577 1355 654 1422 Jolr'
676 1357 709 1418 4.
740 1352 934 1440 (Aoiyaoo.)

308 1494 472 1578 [Iohannis
497 1494 607 1578 XXII]
633 1493 772 1560 iohanni
799 1491 868 1576 regi
893 1492 1035 1557 Boemie.

307 1602 391 1682 Quid
416 1623 511 1689 super
535 1602 677 1686 negotio,
700 1621 760 1687 pro
784 1620 847 1684 quo
871 1600 929 1682 tui,
953 1599 997 1664 fili
1023 1600 1198 1675 carissime,
1228 1606 1261 1666 et
1284 1599 1426 1686 Philippi
1450 1602 1537 1685 regis

202 1711 339 1776 Francia
362 1709 495 1777 illustris
517 1708 626 1775 nuncii
650 1707 693 1773 ad
717 1715 858 1773 nostram
883 1706 1008 1792 pridem
1025 1713 1181 1773 venerunt
1196 1709 1403 1793 presentiam,
1428 1720 1535 1774 actum

201 1817 353 1901 extiterit,
387 1819 450 1903 ipsi
484 1816 530 1881 tui
562 1815 702 1902 predicti
735 1815 842 1880 nuncii
872 1813 991 1879 referre
1024 1820 1174 1900 poterunt
1208 1820 1240 1879 et
1267 1821 1441 1899 quaternus
1465 1836 1537 1882 con-

201 1927 306 1991 tinens
331 1931 504 1991 tractatum
529 1944 624 2009 snper
648 1923 709 1989 boc
734 1921 863 1988 babitus
886 1942 979 2005 quem
1004 1921 1066 2006 ipsi
1091 1941 1199 1987 secum
1223 1921 1383 2006 deferunt,
1411 1923 1537 2009 plenius

201 2033 303 2118 regali
328 2031 499 2118 prudentie
523 2031 690 2098 reserabit.
737 2032 814 2095 Dat.
831 2030 898 2095 1111
921 2050 1023 2095 nonas
1046 2029 1115 2095 iulii
1138 2052 1169 2095 a.
1193 2029 1446 2097 decimooctavo.

361 2159 433 2228 Rep.
454 2158 508 2211 117
524 2155 549 2226 f.
569 2156 638 2210 225‘
656 2171 704 2209 ar.
724 2155 799 2208 1139
804 2171 817 2224 ,·
835 2155 889 2209 Ra.
910 2156 990 2209 1673.

305 2429 426 2495 2214.
460 2432 545 2495 1334
568 2430 647 2496 Jati
669 2431 722 2494 22.
748 2426 914 2514 Aoipooo.

309 2571 373 2637 Die
394 2570 505 2636 XXII.
529 2591 571 2636 m.
596 2570 665 2635 iulii
700 2569 741 2654 [a.
758 2569 1053 2655 MCOOXXXIIII]
1086 2590 1158 2636 cum
1192 2571 1358 2638 abbatissa
1390 2578 1423 2638 11
1451 2572 1537 2657 capi·

202 2680 302 2744 tulum
331 2678 486 2745 secularis
509 2678 646 2744 ecclesie
671 2676 876 2744 Assindensis
900 2678 1101 2747 Coloniensis
1124 2679 1209 2746 dioc.
1233 2684 1380 2745 teneatur
1403 2678 1538 2763 singulis

202 2788 294 2852 annis
318 2785 398 2852 duos
422 2783 559 2851 florenos
591 2787 678 2851 auris
701 2785 846 2851 Romane
880 2785 1017 2851 ecclesie
1050 2787 1180 2852 racione
1210 2806 1324 2853 census
1347 2786 1444 2851 annui
1468 2805 1539 2871 per·

202 2893 336 2974 solvere,
361 2913 491 2958 censum
515 2892 618 2978 ipsum
643 2912 700 2979 pro
725 2899 799 2958 octo
823 2894 916 2959 annis
938 2894 971 2959 in
996 2892 1140 2959 calendis
1164 2894 1276 2960 marcii
1300 2895 1445 2978 proxime
1467 2912 1536 2979 pre-

204 3001 290 3065 teriti
315 3001 494 3066 terminatis
518 2998 640 3065 dictum
665 3019 797 3065 censum
821 3019 879 3085 per
901 3020 1014 3065 manua
1038 3001 1184 3084 magistri
1201 3001 1332 3066 Henrici
1358 2999 1442 3065 Galli
1465 3020 1538 3085 pro-

202 3107 358 3174 curatoris
391 3107 478 3172 dicte
512 3107 591 3172 eccl.
620 3105 825 3172 Assindcnsis
857 3106 1081 3191 persolverunt
1114 3106 1201 3172 dicte
1237 3125 1363 3172 camere
1395 3107 1428 3171 in
1458 3105 1538 3171 XVI

202 3215 271 3282 flor.
297 3217 377 3281 auri.

362 3337 481 3394 Introit.
501 3340 529 3393 ct
547 3335 630 3393 Exit.
651 3339 693 3392 43
709 3338 734 3409 f.
753 3339 779 3393 2.

311 3629 431 3696 2215.
462 3632 549 3694 1334
570 3629 755 3697 December
778 3629 831 3693 24.
857 3625 1023 3714 Aoipaorr.

311 3771 461 3851 Qnitacio
484 3771 721 3858 archiepiscopi
746 3770 959 3837 Coloniensis.

223 3898 251 3961 s
310 3881 413 3947 Facta
448 3879 508 3944 fuit
543 3880 685 3964 quitacio
719 3877 847 3945 domino
882 3879 1047 3946 Walramo
1079 3877 1324 3965 archiepiscopo
1357 3879 1539 3946 Coloniensi

203 3980 245 4059 de
268 3988 337 4052 Ilm.
353 3987 407 4053 V0.
432 3986 501 4052 flor.
525 3988 595 4053 auri
628 4008 686 4073 pro
720 3987 954 4072 complemento
986 3986 1036 4054 sui
1061 3987 1237 4053 communis
1259 3985 1388 4054 servicii
1413 4007 1540 4053 camere

204 4102 235 4159 et
260 4093 412 4160 (11111Ιῦ.
437 4095 517 4160 XVI
534 4093 603 4161 flor.
620 4095 714 4160 anri*
728 4115 787 4181 pro
813 4101 951 4178 quatuor
966 4095 1111 4161 serviciis
1134 4094 1340 4160 familiarium
1364 4100 1397 4159 et
1421 4094 1540 4160 officia-

203 4201 280 4266 lium
305 4201 424 4268 domini
447 4204 547 4268 nostri
571 4223 655 4287 pape
669 4251 699 4266 ..
726 4201 851 4268 clericis
875 4221 1002 4268 camere
1026 4207 1088 4267 111.
1105 4222 1162 4288 per
1177 4223 1291 4268 manus
1307 4202 1539 4270 venerabilium

203 4310 341 4375 virorum
360 4309 489 4375 Girardi
514 4309 554 4375 de
568 4308 700 4376 Vivario
724 4307 840 4375 decani
856 4309 890 4374 S.
904 4309 1051 4375 Severini
1075 4315 1108 4374 et
1125 4308 1319 4376 Theoderici
1338 4310 1380 4376 de
1395 4310 1540 4377 Essende

203 4417 365 4484 scolastici
399 4417 432 4481 S.
450 4415 579 4482 Andrec
612 4417 822 4482 ecclesiarum
847 4416 1084 4483 Coloniensium
1118 4417 1240 4499 solutis,
1272 4416 1313 4484 de
1339 4419 1453 4502 quibus
1476 4426 1539 4485 etc.

204 4526 338 4609 Insuper
354 4531 416 4589 etc.
441 4525 617 4590 DatAvin.
629 4524 823 4590 dieXXllll
833 4523 952 4590 mensis
965 4523 1145 4590 decembris
1156 4525 1540 4611 annoptoooxxxlvl

204 4631 270 4697 ind.
295 4638 328 4696 et
351 4637 438 4717 pont.
464 4632 580 4714 quibus
603 4652 710 4717 supra.

367 4753 461 4825 Oblip.
481 4755 509 4809 11
527 4754 623 4811 Solet.
644 4758 682 4810 13
700 4757 775 4824 (321)
793 4755 818 4826 f.
838 4758 908 4822 107,·
941 4755 1095 4813 Similiter
1116 4755 1212 4828 Oblip.
1231 4761 1260 4813 et
1278 4756 1375 4813 Solet.
1395 4760 1430 4811 15
1447 4756 1473 4827 f.
1492 4755 1540 4826 29,

364 4843 418 4902 ubi
436 4847 537 4901 tamon
556 4845 571 4879 *
590 4843 737 4901 additur.-
757 4844 805 4900 IX
821 4848 875 4901 sol.
895 4861 957 4902 cor.
