3642 5509
261 423 314 480 212
796 426 867 482 1329
885 427 1005 482 Januar
1023 427 1067 483 24.

260 606 411 673 liacensis
435 606 551 670 clerico
576 606 757 673 Coloniensi
782 605 958 692 dispensat,
989 615 1023 673 ut
1046 609 1148 692 possit
1171 606 1212 673 ad
1237 627 1347 674 sacros
1370 608 1499 674 ordines
1523 630 1593 694 pro-

259 715 379 779 moveri
403 721 434 777 et
460 712 646 778 beneficium
681 714 933 780 ecclesiasticum
969 735 1040 778 cum
1070 735 1148 779 cura
1176 722 1209 779 et
1238 734 1301 778 una
1329 735 1399 780 cum
1424 715 1478 781 illo
1501 716 1594 802 plura

258 821 415 886 beneficia
450 820 672 886 ecclesiastica
704 822 773 886 sine
806 840 884 886 cura
914 821 1069 905 recipere,
1104 840 1165 887 non
1191 823 1339 888 obstante
1363 821 1449 905 quod
1472 821 1591 888 dudum

257 929 289 993 in
313 927 445 993 servitio
479 927 615 994 ecclesie
650 934 762 994 contra
795 928 931 994 rebelles
955 929 1055 1013 ipsius
1078 930 1111 993 in
1135 927 1295 994 nonnullis
1320 928 1413 996 bellis
1435 929 1592 1012 interfuit,

258 1040 289 1102 in
325 1038 439 1121 quibua
474 1035 564 1100 multi
601 1034 744 1101 bomines
780 1037 896 1101 mortui
931 1043 964 1101 et
997 1036 1093 1100 etiam
1123 1035 1260 1101 mutilati
1285 1036 1385 1103 fuisse
1408 1044 1591 1119 noscuntur,

258 1145 404 1230 quamvis
427 1145 583 1208 Hemicus
607 1143 684 1209 illuc
708 1164 747 1209 eo
770 1141 877 1208 animo
901 1163 964 1208 non
988 1143 1109 1222 ivissct,
1134 1150 1170 1207 ut
1193 1143 1332 1226 aliquem
1356 1146 1520 1210 mutilaret
1541 1145 1592 1210 vel

257 1253 450 1319 interficeret
482 1270 538 1315 sen
572 1251 668 1314 etiam
692 1249 875 1315 vulneraret
898 1269 958 1316 nee
982 1251 1079 1315 etiam
1109 1249 1256 1316 manibus
1285 1252 1423 1336 propriis
1452 1271 1590 1335 unquam

257 1361 394 1444 aliquem
419 1357 539 1423 occidit
563 1357 725 1422 mutilavit
748 1357 799 1422 vel
824 1358 922 1422 etiam
947 1356 1137 1422 vulneravit.

363 1466 486 1532 Meritis
509 1469 563 1528 tue
587 1465 780 1549 probitatis.
807 1513 815 1529 .
841 1513 849 1530 .
889 1464 965 1528 Dat.
990 1464 1084 1530 Avin.
1109 1464 1204 1531 Vllll
1230 1464 1272 1529 kl.
1297 1464 1505 1531 februariis.
1530 1473 1592 1532 ter·

257 1575 439 1642 tiodecimo.

416 1698 490 1767 Rep.
509 1699 545 1752 91
561 1695 586 1766 f.
607 1696 663 1751 149
681 1712 730 1752 nr.
750 1695 838 1751 2436.

365 1965 481 2032 1⁶21.
515 1965 601 2028 1329
628 1966 767 2030 Jaouar
790 1964 843 2028 24,
878 1960 1043 2048 Avipuoo.

365 2109 524 2175 lohannes
557 2107 656 2173 XXII
691 2107 830 2172 Henrico
864 2113 940 2172 nato
974 2104 1134 2189 quondam
1168 2104 1302 2171 Gersrdi
1338 2105 1463 2172 comitis
1496 2104 1590 2170 lulia-

257 2218 362 2286 censis
386 2217 511 2283 confert
534 2215 613 2280 eccl.
631 2213 663 2279 S.
678 2214 782 2280 Marie
805 2213 848 2280 ad
864 2212 985 2298 gradus
1002 2212 1114 2278 Oolon.
1132 2214 1368 2289 canonicatum,
1393 2211 1590 2296 prebendam

257 2329 325 2393 viro
350 2324 455 2390 eidem
477 2328 631 2389 reservat.

363 2430 550 2518 Apostolice
574 2427 661 2496 sedis
685 2429 994 2513 circumspecta...
1036 2427 1109 2492 Dat.
1132 2426 1227 2492 Asin.
1246 2427 1340 2492 Vllll
1365 2426 1410 2491 lrl.
1435 2427 1589 2492 februarii

256 2563 284 2607 a.
311 2538 542 2605 tertiodecimo.

364 2647 400 2712 lu
425 2666 453 2712 e.
478 2667 518 2710 m.
553 2645 585 2712 S.
614 2645 742 2710 Martini
766 2650 799 2709 et
822 2643 856 2710 S.
883 2641 1089 2708 Pantaleonis
1113 2641 1223 2707 Colon.
1248 2641 1512 2708 monasteriorum
1535 2643 1589 2708 ab·

257 2757 384 2822 batibus
407 2775 447 2820 ao
470 2752 698 2819 archidiacono
722 2751 931 2820 Nannetensi.

405 2878 476 2946 Rep.
497 2875 536 2930 90
553 2875 577 2946 f.
597 2877 663 2930 363¹
681 2891 729 2928 nr.
749 2873 834 2930 1962.

358 3169 481 3236 losa.
507 3167 594 3232 1329
617 3169 755 3233 Januar
777 3167 831 3230 26.
861 3162 1025 3251 Auiprtoo.

359 3311 519 3377 lohannes
544 3309 643 3374 XXII
678 3306 845 3374 Ludovioo
879 3305 921 3372 de
948 3304 1073 3372 Vianda
1106 3307 1230 3372 confert
1262 3305 1341 3371 eccl.
1375 3307 1408 3374 S.
1434 3306 1588 3372 Gereonis

254 3419 365 3486 Oolon.
395 3419 629 3498 canonicatum,
664 3413 861 3501 prebendam
897 3434 974 3480 vero
1010 3412 1114 3479 eidem
1150 3422 1304 3495 reservat,
1341 3434 1404 3479 non
1439 3414 1586 3479 obstante

255 3525 338 3610 quod
363 3527 394 3590 in
419 3525 551 3591 Trevcr.
576 3524 798 3591 canonicatum
833 3528 866 3588 et
901 3520 1097 3607 prebendam
1133 3528 1166 3586 et
1200 3522 1232 3586 in
1268 3521 1381 3586 maiori
1413 3520 1586 3587 Leodiensi

254 3633 478 3699 canonicatum
508 3631 567 3695 sub
597 3631 823 3714 expectatione
852 3627 1016 3714 prebende
1039 3629 1163 3695 obtinet
1186 3648 1310 3694 necnon
1333 3629 1366 3692 in
1390 3627 1424 3693 S.
1447 3627 1586 3695 Dioniaii

254 3738 356 3805 Leod.
380 3739 458 3804 eccl.
484 3736 674 3821 dignitatem
699 3742 860 3821 expectat.

361 3843 542 3910 Laudabile
565 3845 780 3910 testimonium
806 3841 916 3926 quod.
941 3894 948 3909 .
974 3893 981 3907 .
1030 3844 1104 3908 Dat.
1129 3842 1223 3909 Avin.
1241 3841 1339 3909 VIIII
1363 3840 1408 3906 lrl.
1432 3841 1585 3908 februarii

253 3975 284 4019 a.
306 3951 545 4021 terciodecimo.

361 4061 398 4125 ln
429 4080 457 4124 e.
483 4081 524 4124 m.
559 4059 593 4125 S.
622 4059 832 4124 Pantaleonis
870 4067 902 4124 et
935 4059 970 4125 S.
1006 4058 1135 4125 Martini
1178 4057 1289 4123 Colon.
1321 4057 1585 4122 monasteriorum

252 4168 424 4234 abbatibus
447 4187 487 4233 ac
510 4166 737 4232 archidiacono
761 4166 969 4232 Nannetensi.

413 4291 477 4363 Rep
505 4291 544 4345 90
562 4290 586 4361 f.
606 4290 674 4344 269¹
692 4305 740 4344 nr.
760 4291 843 4344 1694,

355 4555 478 4623 1623.
500 4558 587 4621 1329
610 4557 750 4622 Juouar
771 4557 825 4623 24.
853 4554 1020 4642 Aoipoou.

357 4699 516 4767 Iohannes
541 4700 640 4765 XXII
674 4697 852 4766 Godetrido
877 4698 919 4765 de
944 4698 1071 4764 Vianda
1101 4697 1227 4763 confert
1251 4699 1328 4765 eccl.
1354 4697 1465 4764 Colon.
1490 4716 1585 4762 cano-

249 4809 401 4892 nicatum,
426 4807 624 4894 prebendam
648 4828 725 4874 vero
749 4807 853 4873 eidem
878 4813 1032 4889 reservat,
1055 4826 1119 4872 non
1135 4806 1284 4872 obstante
1300 4805 1385 4890 qnod
1401 4805 1434 4870 in
1451 4804 1583 4870 Trever.
