3642 5509
779 434 850 489 1328
868 434 1005 489 Februar-
1025 432 1066 487 19.

358 703 480 770 leat.
509 704 597 767 1328
620 702 774 767 Febraar
795 701 847 764 19.
870 697 1036 786 deipnon.

360 865 528 930 Iohannes
541 863 651 927 XXII
670 862 777 927 tribas
794 860 1027 926 sacratoribas
1039 859 1190 939 mandat,
1208 859 1367 943 quatinus
1379 856 1585 921 monasteria

254 974 385 1039 ordinis
409 972 444 1036 S.
468 970 643 1035 Benedicti
666 970 702 1033 in
724 969 880 1052 partibas
904 966 1014 1031 libeni
1041 966 1217 1051 inferioris
1250 965 1466 1030 consistentia
1489 963 1586 1027 inda·

253 1087 341 1161 eant,
366 1086 404 1143 at
428 1100 471 1143 en
495 1097 634 1141 namero
658 1075 896 1139 monachornm
920 1073 1117 1137 monasterii
1133 1072 1375 1136 Bramilrensis
1399 1072 1585 1136 debitorem

255 1207 355 1252 onere
378 1185 531 1270 oppressi
560 1181 697 1267 sinpaia
724 1182 874 1265 sinpalos
896 1180 1065 1264 recipiant
1090 1199 1130 1244 ac
1153 1179 1276 1245 ibidem
1300 1179 1477 1244 caritative
1501 1185 1584 1242 trae·

254 1301 334 1375 tent,
358 1311 527 1378 qaoaaqae
550 1292 677 1357 dictam
700 1288 942 1354 monasteriam
965 1288 1138 1355 redactam
1164 1288 1274 1375 faerit
1297 1286 1343 1351 ad
1368 1286 1585 1372 pinguiorem

251 1402 439 1487 fontanam.

362 1560 532 1646 [lohannes
548 1556 659 1642 XXII]
684 1557 812 1623 dilectis
832 1557 906 1623 filiis
920 1608 926 1621 .
942 1607 949 1623 .
967 1557 1000 1623 S.
1019 1558 1175 1624 Gereonis
1191 1556 1301 1623 Oolon.
1313 1563 1345 1623 et
1365 1606 1372 1621 .
1388 1606 1394 1620 .
1409 1555 1442 1622 S.
1457 1553 1584 1619 Martini

255 1667 471 1734 Embrieensis
495 1666 635 1731 Traieet.
660 1664 744 1730 dioc.
777 1664 909 1731 decanis
940 1684 979 1730 ae
1011 1665 1166 1749 magistro
1191 1663 1359 1729 Ambrosio
1383 1661 1424 1728 de
1447 1663 1584 1747 Lamay·

254 1776 324 1841 rola
347 1774 502 1841 canoniea
526 1772 699 1838 Mediolan.
723 1771 803 1839 ecel.

361 1880 590 1967 significarunt
611 1881 705 1946 nobis
727 1879 839 1945 dilecti
862 1879 920 1946 tilii
938 1879 1122 1946 Fridericus
1146 1879 1247 1946 abbas
1270 1886 1303 1945 et
1327 1885 1502 1945 conventus
1523 1898 1587 1942 mo-

255 1989 387 2056 nasterii
418 1988 455 2053 B.
484 1988 612 2056 Nicolai
640 1986 864 2053 Bruwilrensis
896 1986 966 2052 ord.
1000 1988 1034 2053 S.
1064 1985 1184 2052 Bened.
1221 1986 1331 2053 Calon.
1369 1985 1464 2067 dioc,
1500 1983 1586 2069 quod

253 2096 376 2162 dictum
398 2095 624 2160 monasterium
659 2101 707 2158 tot
739 2101 789 2159 est
821 2093 1001 2162 debitorum
1034 2093 1169 2159 sarcinis
1192 2100 1358 2159 oneratum
1386 2098 1517 2179 propter
1539 2091 1586 2157 di·

254 2222 366 2269 versas
400 2199 615 2285 obligationes
649 2199 756 2267 iactas
790 2209 856 2266 tam
889 2202 1059 2266 occasione
1088 2200 1220 2265 duorum
1251 2199 1371 2266 dudum
1396 2201 1427 2265 in
1452 2200 1586 2265 abbates

255 2310 335 2376 dieti
358 2308 543 2375 monasterii
567 2308 599 2373 in
624 2305 787 2373 discordia
810 2308 994 2391 electorum,
1028 2309 1081 2390 qui
1113 2315 1177 2373 tam
1207 2309 1238 2372 in
1267 2308 1412 2392 partibus
1436 2326 1530 2389 qnam
1554 2308 1586 2371 in

254 2416 401 2482 Romana
424 2416 514 2481 enda
536 2434 594 2499 per
618 2413 728 2479 decem
753 2435 854 2481 annos
878 2423 911 2480 et
934 2415 1071 2500 amplius
1094 2434 1189 2501 super
1214 2414 1275 2480 hoc
1296 2414 1473 2499 litigarunt,
1491 2433 1585 2497 quam

255 2524 346 2606 alias,
380 2521 466 2606 quod
499 2520 645 2587 redditus
674 2528 707 2586 et
736 2529 910 2605 proventus
941 2522 1040 2607 ipsius
1064 2522 1248 2588 monasterii
1272 2541 1334 2586 non
1358 2519 1522 2586 sufficiunt
1543 2520 1586 2586 ad

254 2628 427 2696 solvendas
459 2649 571 2694 usuras
603 2636 668 2695 tam
695 2628 802 2693 Iudeis
831 2622 926 2711 q'nam
954 2628 1028 2693 aliis
1054 2630 1207 2694 usurariis
1231 2628 1423 2710 christianis,
1456 2636 1587 2714 propter

256 2736 342 2820 quod
375 2736 540 2801 monachis
566 2738 666 2820 ipsius
692 2736 876 2801 monasterii
899 2736 1134 2819 nequeuntibus
1156 2734 1275 2802 ibidem
1300 2735 1443 2820 recipere
1467 2735 1587 2800 vietum

254 2844 382 2911 solitum
407 2850 439 2908 et
462 2845 611 2909 vestitum
641 2842 726 2928 perit
754 2841 872 2907 ibidem
898 2844 1103 2908 observantia
1127 2842 1291 2926 regularis.
1340 2842 1447 2921 Quare
1471 2842 1586 2926 prelati

255 2951 357 3017 abbas
380 2958 413 3016 et
438 2958 613 3017 conventus
636 2950 728 3015 nobis
752 2948 916 3014 humiliter
939 2950 1170 3034 supplicarunt,
1201 2955 1245 3032 ut,
1270 2970 1311 3015 ne
1334 2948 1413 3015 dieti
1437 2948 1585 3015 monachi

255 3057 396 3124 eiusdem
425 3059 619 3141 monasterii,
653 3058 707 3141 qui
736 3056 870 3122 suntin
898 3076 1030 3122 numero
1055 3058 1188 3140 triginta
1211 3077 1279 3140 sen,
1312 3056 1419 3123 medio
1443 3065 1587 3142 tempore

255 3170 386 3252 propter
408 3173 585 3232 extremam
609 3165 761 3251 inopiam,
794 3184 859 3247 qua
887 3172 1082 3248 premuntur,
1111 3164 1295 3231 mendicare
1319 3172 1351 3230 et
1375 3166 1507 3250 evagari
1530 3186 1587 3251 per

254 3273 396 3338 seculum
420 3274 662 3359 compellantur,
686 3271 803 3356 viginti
828 3270 967 3354 quinque
992 3271 1040 3336 vel
1059 3272 1171 3356 viginti
1197 3292 1237 3337 ex
1262 3272 1318 3354 eis,
1342 3273 1478 3357 singulis
1501 3271 1587 3337 vide·

254 3380 330 3445 lieet
353 3381 387 3444 in
410 3379 544 3465 singulis
566 3379 767 3445 monasteriis
792 3377 935 3443 eiusdem
959 3378 1080 3443 ordinis
1103 3380 1135 3443 in
1160 3379 1304 3463 partibus
1320 3380 1489 3445 Alamanie
1512 3400 1586 3445 eon·

254 3487 385 3569 stitutis‚
410 3485 513 3553 donec
536 3485 658 3552 dietum
682 3486 909 3551 monasterium
935 3485 968 3551 S.
986 3485 1114 3552 Nicolai
1138 3485 1180 3552 ad
1205 3488 1404 3571 pinguiorem
1428 3486 1587 3552 fortunam

256 3592 421 3658 reductum
447 3594 611 3675 existeret,
635 3592 815 3658 faceremus
839 3591 880 3657 de
904 3593 1094 3658 necessariis
1118 3592 1289 3677 provideri.
1331 3593 1399 3661 Nos
1421 3595 1540 3677 igitur.
1556 3642 1585 3657 ..

254 3698 440 3765 discretioni
468 3705 574 3765 vestre
685 3696 884 3781 mandamus,
921 3698 1070 3781 quatinus
1181 3700 1316 3767 abbates
1345 3706 1378 3765 et
1409 3704 1584 3765 conventus
1639 3700 1642 3705 ’

254 3806 516 3872 monasteriorum
540 3805 620 3872 dicti
643 3805 765 3871 ordinis
788 3807 820 3870 in
843 3806 908 3870 illis
931 3807 1076 3891 partibus
1100 3809 1341 3874 consistentium
1365 3808 1406 3874 ad
1430 3809 1586 3893 reeipien-

254 3912 332 3979 dum
354 3912 396 3979 de
419 3913 583 3980 monachis
607 3912 708 3998 ipsius
735 3915 923 3980 monasterii
947 3933 1050 3997 usque
1074 3914 1117 3980 ad
1140 3916 1227 3980 illum
1250 3935 1425 3999 numerum,
1460 3915 1501 3982 de
1525 3935 1586 3998 quo

255 4022 387 4087 attentis
420 4019 516 4087 dietis
547 4020 697 4087 oneribus
721 4020 867 4088 videritis
890 4021 1055 4107 expedire,
1089 4022 1242 4089 videlicet
1274 4023 1447 4090 eorundem
1479 4044 1586 4089 mona-

255 4124 386 4193 chorum
417 4128 560 4212 singulos
587 4128 621 4193 in
649 4128 784 4212 singulis
816 4130 1018 4195 monasteriis
1051 4130 1216 4214 prelibatis
1240 4150 1280 4196 ae
1303 4150 1358 4196 eos
1381 4131 1501 4197 ibidem
1526 4132 1587 4197 sin-

255 4254 330 4300 cera
352 4234 384 4299 in
408 4233 536 4300 domino
570 4236 706 4300 caritate
738 4234 953 4318 tractandum,
988 4255 1131 4319 quosque
1155 4235 1276 4303 dietum
1301 4238 1527 4305 monasterium
1551 4240 1585 4304 S.

254 4342 381 4409 Nicolai
403 4339 445 4407 ad
466 4342 626 4407 fortunam
650 4341 816 4407 redactum
840 4342 936 4409 suerit
960 4344 1169 4428 pinguiorem,
1194 4347 1386 4412 anctoritate
1407 4346 1586 4431 apostoliea

254 4447 427 4531 diligenter
459 4447 612 4515 inducere
643 4447 826 4515 studeatis.
854 4502 861 4518 .
889 4498 896 4515 .
944 4451 1020 4516 Dat.
1045 4450 1140 4516 Asin.
1165 4452 1230 4516 ΧΠ
1254 4452 1299 4517 kl.
1324 4455 1430 4519 martii
1454 4475 1483 4520 a.
1507 4452 1586 4519 duo-

254 4553 389 4622 decimo.

414 4712 487 4783 Bag.
506 4713 543 4768 87
560 4713 585 4784 f.
603 4714 669 4769 210'
687 4730 735 4769 nr.
755 4716 841 4770 2660.
