3642 5509
759 453 829 508 1318
847 453 983 510 Februar
1004 452 1045 508 16.
1516 454 1568 512 138

235 632 293 697 sub
326 634 551 717 expectatione
585 633 748 717 prebende
780 634 903 699 obtinet
933 654 972 699 ac
1004 654 1100 719 super
1130 636 1320 700 canonicatu
1346 642 1379 701 et
1402 636 1566 720 prebenda

234 739 369 805 ecclesie
393 740 610 807 Embrlcensis
634 741 774 806 Traieot.
799 739 882 806 dioc.
907 741 994 825 apud
1024 741 1132 807 sedem
1158 742 1369 826 apostolicam
1393 742 1511 827 litigat.

342 847 418 913 Illos
441 848 578 913 libenter
601 848 779 933 apostolice
808 897 815 913 .
845 895 852 911 .
883 897 890 913 .
945 849 1018 913 Dat.
1043 849 1137 915 Ario.
1163 848 1235 915 idus
1258 849 1411 916 februarii
1435 872 1465 915 a.
1490 849 1567 916 duo·

233 952 368 1020 decimo.

340 1062 379 1125 In
402 1081 431 1127 0.
446 1083 489 1130 m.
514 1061 638 1128 decano
661 1067 695 1126 et
718 1061 917 1127 thesaurario
941 1060 1159 1129 Embricensis
1174 1063 1306 1130 Traieot
1329 1064 1413 1132 dioc.
1437 1066 1565 1132 001110-

232 1167 338 1234 1110010
363 1167 405 1234 de
426 1168 623 1252 Lamayrola
646 1170 801 1235 canonico
824 1168 1074 1237 MediolanensIs
1097 1170 1315 1237 ecclesiarum.

400 1293 472 1364 Rep.
490 1295 528 1349 87
543 1292 569 1363 f.
587 1294 644 1349 129
662 1308 710 1348 ar.
729 1293 815 1349 2380.

340 1566 460 1634 1435.
487 1569 574 1633 1328
597 1569 752 1634 Fehraar
775 1569 826 1632 16.
851 1566 1017 1655 Aoipaon.

338 1708 498 1776 Iohannes
513 1710 614 1774 XXII
637 1716 781 1776 reservat
804 1709 845 1776 de
870 1731 953 1776 noro
978 1730 1105 1777 camere
1128 1710 1306 1796 apostolice
1329 1710 1454 1779 fruetus
1471 1710 1563 1795 primi

230 1815 307 1881 anni
331 1816 553 1881 beneficiorum
578 1816 665 1901 apud
688 1817 797 1882 sedem
815 1817 1025 1901 apostolicam
1042 1816 1126 1882 infra
1141 1837 1235 1881 unum
1253 1836 1370 1881 annum
1385 1838 1405 1882 a
1421 1816 1504 1882 XIII
1519 1816 1563 1896 (8)

230 1923 275 1987 111.
300 1924 412 1989 marcii
436 1924 581 2009 proxime
604 1923 704 1990 futuri
731 1926 764 1989 in
792 1931 890 1989 antea
914 1923 1161 2009 computandum
1186 1922 1369 1989 vacantium
1394 1924 1446 1990 rel
1468 1943 1563 1989 vaca·

230 2039 383 2096 tororum.

337 2138 400 2203 Pro
423 2136 605 2205 relevandis
628 2136 749 2204 dudum
778 2189 785 2204 .
815 2188 821 2203 .
852 2189 859 2203 .
918 2140 991 2205 Dat.
1017 2139 1110 2205 Avin.
1136 2138 1197 2205 XV
1228 2138 1272 2207 kl.
1296 2138 1409 2204 marcii
1432 2159 1461 2203 a.
1488 2138 1562 2204 duo

229 2246 365 2313 decimo.

379 2336 451 2405 Rep.
472 2336 526 2390 114
543 2350 589 2405 ps.
608 2334 644 2389 11
657 2334 682 2404 f.
696 2336 751 2390 158
769 2349 816 2388 ar.
837 2335 916 2390 1601.

333 2624 454 2691 loeo.
484 2627 571 2690 1328
595 2625 749 2690 Fehroor
769 2626 821 2689 17.
843 2572 1008 2711 Aoipada.

336 2766 507 2851 [lohannes
529 2767 641 2853 XXII]
665 2765 836 2853 Raynaldo
860 2768 969 2833 comiti
993 2766 1149 2834 Gclrensi.

337 2875 439 2941 Grata
472 2876 649 2940 iltteramm
685 2874 864 2941 nobilitatis
898 2882 952 2941 tue
988 2873 1094 2958 lectio,
1130 2892 1188 2958 per
1216 2894 1295 2957 quas
1323 2871 1459 2940 nitorem
1483 2893 1561 2959 pure

229 2981 411 3049 devotionis
433 2988 466 3049 et
498 2980 583 3064 fidei,
617 2982 731 3064 quibus
764 2983 810 3046 tui
842 2982 1066 3067 progenitores
1095 3001 1173 3065 erga
1201 2980 1297 3046 deum
1326 2986 1359 3047 et
1382 2981 1560 3047 Romanam

228 3090 412 3155 claruerunt
435 3088 614 3171 ecclesiam,
639 3087 874 3154 delectabiliter
897 3087 1094 3154 recensendo
1119 3093 1161 3164 te,
1190 3086 1245 3170 fili,
1270 3107 1379 3153 eorum
1403 3088 1490 3153 clara
1513 3107 1560 3154 se·

227 3195 356 3280 quendo
379 3197 519 3279 vestigia
552 3196 586 3261 iu
620 3195 742 3262 eisdem
776 3195 840 3261 fide
875 3216 915 3261 ac
947 3194 1119 3260 devotione
1147 3196 1325 3281 perstitisse
1349 3192 1504 3260 hactenus
1528 3200 1561 3260 et

227 3305 433 3389 imposterum
451 3303 535 3368 velle
559 3309 743 3368 constanter
765 3303 937 3389 persistere
961 3302 1174 3388 spopondisti,
1199 3321 1254 3367 cor
1270 3306 1410 3368 nostrum
1427 3299 1560 3385 grandis

227 3412 336 3477 leticie
359 3427 432 3477 rore
454 3409 607 3496 perfudit,
631 3410 770 3475 maxime
794 3431 864 3475 cum
881 3412 915 3475 in
932 3419 986 3475 tuo
1002 3410 1145 3475 fimrasse
1168 3410 1355 3494 propositoa
1379 3407 1485 3473 eidem
1508 3428 1559 3473 ec·

228 3520 326 3585 clesie
358 3518 452 3584 matri
486 3525 540 3583 tue
573 3524 684 3584 contra
711 3518 847 3584 rebelles
870 3527 903 3583 et
927 3517 1036 3584 hostes
1059 3537 1143 3593 suos,
1169 3518 1335 3602 presertim
1359 3514 1560 3583 Ludovicum

227 3624 269 3691 de
290 3626 430 3692 Bavaria
454 3625 495 3692 de
520 3626 620 3692 heresi
645 3627 885 3692 sentencialiter
908 3624 1174 3710 condempnatum
1200 3643 1337 3707 suosque
1360 3624 1503 3690 fautores
1528 3629 1561 3687 et

227 3732 403 3818 complices
426 3733 636 3818 descripseris
652 3754 708 3818 per
724 3741 758 3800 te
773 3733 1008 3799 invariabiliter
1032 3730 1254 3815 assIsteudum,
1279 3737 1311 3797 et
1336 3730 1560 3796 nichilominus

227 3838 270 3905 ad
294 3839 502 3925 prestandum
525 3840 619 3907 nobis
642 3849 675 3905 et
698 3840 803 3906 eidem
828 3840 965 3906 ecclesie
989 3834 1177 3905 fidelitatem
1202 3845 1256 3904 tuo
1272 3838 1400 3904 nomine
1424 3837 1560 3903 dilectos

226 3946 310 4013 tilios
333 3947 507 4033 Sybertum
531 3947 573 4013 de
596 3947 708 4013 ordine
732 3948 768 4012 B.
790 3946 890 4013 Marie
913 3947 954 4012 de
981 3952 1088 4012 monte
1112 3944 1258 4012 Carmelo
1281 3965 1373 4011 sacre
1397 3943 1559 4027 theologie

226 4054 441 4139 professorem
477 4056 611 4139 priorem
646 4053 725 4120 dicti
758 4053 879 4120 ordinis
911 4052 1141 4140 provincialem
1176 4054 1208 4117 in
1243 4051 1414 4118 Alamauia
1450 4059 1482 4115 et
1510 4050 1559 4115 10-

228 4161 365 4226 hannem
395 4160 437 4226 de
460 4161 551 4227 Palle
584 4160 741 4227 decanum
774 4161 912 4228 ecclesie
936 4160 1152 4227 Emhricensis
1175 4160 1392 4225 Traiectensis
1420 4157 1559 4224 diocesis

226 4266 361 4333 nuncios
384 4275 417 4333 01
434 4275 656 4353 procuratores
680 4276 752 4334 tuos
775 4288 832 4353 per
848 4266 978 4335 easdem
1003 4267 1208 4353 deputaveris
1232 4265 1365 4349 litteras,
1392 4265 1445 4348 qui
1466 4264 1559 4331 nobis

227 4374 415 4441 fidelitatem
440 4374 620 4443 huiusmodi
643 4375 789 4461 predicto
810 4378 938 4442 nomine
953 4376 1159 4462 prestiterunt
1177 4423 1184 4440 .
1203 4424 1211 4438 .
1230 4424 1236 4439 .
1253 4374 1454 4440 nobilitatem
1471 4380 1558 4439 tuam

226 4501 388 4566 rogamus,
412 4489 445 4548 et
467 4479 632 4548 hortamur
654 4484 817 4564 attentius,
842 4483 992 4566 quatinus
1015 4484 1048 4548 in
1071 4482 1233 4569 premissis
1251 4532 1258 4547 .
1277 4532 1284 4548 .
1303 4532 1310 4547 .
1328 4482 1505 4568 persistas.
1524 4530 1531 4547 .
1551 4531 1558 4548 .

226 4590 302 4654 Dat.
327 4589 421 4654 Arin.
446 4588 546 4654 XIIII
570 4588 614 4654 kl.
638 4592 752 4656 marcii
776 4612 806 4656 a.
830 4589 1031 4656 duodecimo.

375 4704 448 4774 1109.
468 4706 585 4771 11401.
605 4704 641 4758 ΙΙ
655 4704 680 4774 f.
700 4706 756 4758 173
773 4720 821 4758 nr.
844 4706 925 4760 1689.

227 4796 443 4805 .—-——-——

331 4829 361 4896 a)
384 4828 496 4884 Tactus
514 4830 569 4884 boc
588 4830 652 4885 loco
671 4831 845 4900 corruptus.
