3642 5509
710 437 781 495 1327
799 436 973 496 November
990 437 1016 494 8.

288 622 410 691 1324.
438 625 525 690 1327
548 624 736 692 November
757 626 789 689 3.
818 619 984 709 Aoipnon.

298 767 458 835 lohannes
491 767 591 834 XXII
626 767 825 852 Magantino,
860 767 1054 850 Coloniensi,
1088 766 1291 850 Treverensi,
1326 765 1518 851 Magdebur·

182 878 286 964 gensi,
321 875 554 943 Mediolanensi
576 876 696 942 Pisano
726 875 951 943 Cantusriensi
974 876 1172 942 Eboracensi
1205 874 1457 962 archiepiscopis
1486 882 1519 940 et

182 985 359 1054 Parisiensi
392 1007 432 1053 ac
464 985 664 1053 Traiectensi
701 984 871 1070 epIscopis,
906 982 1050 1067 mandat,
1089 984 1239 1067 quatinus
1274 1005 1456 1069 processum
1486 991 1519 1049 et

182 1098 376 1165 sententiam
410 1095 565 1162 adversus
598 1091 799 1159 Ludovicum
824 1091 865 1158 de
888 1090 1028 1158 Bavaria
1052 1111 1071 1158 a
1094 1111 1130 1158 se
1153 1092 1310 1178 prolatam
1338 1099 1371 1160 et
1398 1091 1518 1158 eisdem

182 1227 240 1293 per
263 1206 346 1282 alias
370 1205 495 1272 litteras
518 1201 738 1269 transmissam
762 1219 820 1286 per
842 1220 877 1266 se
901 1219 1038 1285 suosque
1062 1201 1285 1285 suffraganeos
1305 1208 1337 1267 et
1359 1200 1441 1268 alios
1463 1222 1518 1288 pu·
1560 1260 1564 1266 .

183 1314 306 1382 blicent
330 1314 524 1382 sollenniter.

290 1425 501 1492 Processuum
525 1429 647 1490 certum
671 1425 782 1488 eontra
806 1418 910 1487 virum
931 1468 939 1487 .
957 1465 992 1486 ..
1038 1419 1117 1486 Dat.
1142 1417 1237 1486 Avin.
1265 1417 1314 1486 ΙΙΙ
1340 1438 1439 1486 nonas
1463 1439 1518 1485 no·

182 1531 324 1599 vembris
348 1553 377 1600 a.
402 1532 604 1601 duodecimo.

343 1677 416 1749 lisy.
437 1682 490 1735 114
505 1694 554 1750 ps.
575 1678 648 1750 ref.
668 1677 731 1736 rw
749 1696 797 1735 nr.
817 1679 898 1736 1670.

289 1856 409 1926 1325.
445 1861 532 1926 1327
554 1861 742 1927 November·
763 1862 796 1926 3.
827 1858 994 1946 Aoipnon.

296 1993 464 2060 lebannes
478 1995 589 2059 XXII
608 1995 851 2081 archiepiscopi
865 1993 1057 2062 Coloniensi
1071 1994 1222 2066 mandat,
1239 1991 1398 2077 qnotinne
1416 1990 1518 2056 Theo·

181 2102 297 2167 dorico
321 2103 362 2168 de
385 2103 561 2168 Volscnlen
584 2104 739 2190 conserat
762 2103 937 2170 ecclesium
961 2109 1081 2168 curata
1104 2103 1141 2167 in
1161 2102 1346 2189 Wnlsrade.

292 2227 464 2312 [Iohannes
488 2228 599 2315 XXII]
625 2229 868 2314 archiepiscopo
893 2228 1086 2296 Coloniensi.

289 2336 415 2405 Meritis
447 2337 629 2423 probitatis,
665 2357 761 2423 super
794 2338 908 2420 quibus
942 2336 1079 2403 dilectus
1111 2335 1194 2403 filius
1225 2335 1446 2404 Theodericus
1478 2334 1519 2404 de

181 2443 357 2513 Volsenlen
390 2445 526 2513 clericus
557 2451 613 2512 tue
642 2444 781 2514 diocesis
798 2495 805 2510 .
825 2495 858 2511 ..
881 2443 1133 2526 commendatur,
1166 2442 1357 2528 inducimus,
1389 2451 1425 2511 ut
1447 2465 1518 2530 per·

181 2572 294 2619 sonam
318 2572 409 2620 suam
433 2553 611 2638 apostolice
635 2551 828 2639 provisionis
850 2552 1017 2619 dexteram
1041 2571 1278 2638 prosequemur.
1310 2552 1389 2618 (lum
1410 2554 1519 2637 itaque

182 2660 322 2726 ecclesia
345 2659 378 2726 in
401 2659 580 2742 wulfredo,
613 2660 665 2729 cni
699 2680 776 2726 cura
808 2659 952 2726 imminet
974 2659 1162 2741 animarum,
1196 2658 1283 2726 dicte
1315 2659 1454 2726 diocesis
1478 2680 1519 2726 ex

182 2785 220 2833 eo
256 2787 375 2833 vacere
410 2765 538 2833 dicatur
571 2766 613 2833 ad
648 2787 790 2853 presens,
826 2765 923 2850 quod,
958 2766 1035 2833 lieet
1062 2766 1198 2833 condam
1216 2769 1248 2846 (l)
1271 2767 1451 2834 Walremus
1475 2767 1516 2834 de

181 2874 291 2940 Brnlre
324 2873 400 2940 olim
430 2874 560 2941 ultimus
583 2873 727 2941 eiusdem
751 2875 888 2940 ecclesie
911 2881 1017 2940 rector
1040 2875 1143 2960 ipsam
1167 2874 1339 2941 ecclesiam
1363 2875 1516 2943 canonice

181 2981 296 3048 inisset
319 2981 466 3067 adeptus,
500 2988 615 3078 tamer„
631 3002 666 3050 se
689 3001 753 3048 uon
777 2981 865 3057 fecit,
902 2987 997 3067 prout
1030 3001 1107 3048 cura
1139 2981 1282 3049 eiusdem
1311 2982 1446 3048 ecclesie
1469 3002 1517 3047 re·

182 3089 289 3172 quirit,
314 3089 399 3156 inira
422 3109 538 3156 annum
563 3111 583 3156 a
603 3095 746 3175 tempore
770 3087 951 3174 adeptionis
974 3088 1156 3156 huiusmodi
1179 3089 1263 3155 iusto
1287 3088 1516 3174 impedimento

183 3205 330 3265 cessante
354 3196 397 3262 ad
421 3198 561 3282 aliquem
590 3217 716 3264 sacrum
739 3196 884 3263 ordinem
906 3199 1088 3282 promoveri
1114 3203 1146 3263 et
1168 3195 1393 3263 nichilominus
1416 3197 1516 3262 eccle·

182 3306 261 3372 siem
295 3304 473 3390 predictam
498 3303 561 3391 'per
590 3303 761 3371 duodecim
785 3325 885 3371 annos
909 3305 1103 3388 etamplius
1128 3303 1274 3386 detinuit,
1298 3304 1423 3370 fructus
1446 3323 1517 3389 per-

183 3411 307 3496 cipiens
330 3432 372 3478 ex
400 3411 524 3496 eadem,
557 3413 799 3498 dispensatione
910 3433 974 3478 non
1004 3413 1146 3495 obtenta,
1178 3414 1312 3497 ipseque
1336 3411 1518 3478 Walramus

181 3518 384 3604 postmodum
418 3518 502 3585 diem
536 3520 651 3587 clausit
683 3525 871 3602 extremum,
907 3520 1005 3585 etiam
1038 3517 1080 3585 ad
1114 3518 1344 3605 presbiteratus
1374 3517 1517 3585 ordinem

182 3647 244 3693 non
267 3633 444 3712 promotus,
477 3627 554 3693 licet
586 3625 724 3692 dilectus
755 3625 839 3691 tilius
866 3624 1028 3692 Iohannes
1052 3625 1158 3692 dictus
1182 3625 1410 3711 deHospitali
1433 3646 1520 3711 pres

182 3733 266 3798 biter
294 3733 383 3800 dicte
413 3733 552 3800 diocesis
579 3732 774 3818 possessioni
805 3731 892 3799 dicte
916 3732 1054 3799 ecclesie
1077 3733 1241 3799 incumbat
1264 3731 1306 3798 de
1329 3733 1427 3816 iacto,
1461 3753 1519 3800 nos

183 3839 459 3907 ...iratemitati
483 3848 561 3906 tue.
581 3891 588 3905 .
607 3838 821 3906 mandamus
844 3889 903 3905 ...
930 3841 958 3906 si
981 3847 1031 3905 est
1056 3839 1104 3905 ita
1127 3847 1160 3905 et
1183 3847 1326 3925 tempore
1350 3837 1426 3905 date
1449 3861 1520 3926 pre·

182 3949 319 4013 sentium
352 3968 416 4014 nou
439 3949 481 4014 sit
504 3949 536 4012 in
561 3947 700 4015 ecclesie
732 3946 879 4034 predicta
912 3948 1007 4013 alicui
1041 3948 1133 4013 alteri
1164 3947 1349 4032 specialiter
1372 3948 1421 4014 ius
1445 3969 1519 4032 que·

182 4054 287 4136 situm,
313 4053 491 4138 predictam
516 4055 686 4122 ecclesiam
702 4055 750 4122 sic
774 4060 942 4120 vacantem
961 4101 968 4117 .
987 4103 995 4120 .
1013 4105 1020 4119 .
1037 4053 1142 4120 eidem
1155 4051 1357 4120 Theoderico
1381 4052 1520 4141 vel'pro·

182 4162 323 4228 curatori
352 4181 409 4228 suo
528 4160 673 4230 conferre
701 4168 734 4227 et
761 4163 929 4247 assignare
957 4182 1109 4247 procures
1245 4161 1322 4227 Dat.
1350 4163 1445 4228 rivin.
1470 4163 1521 4228 III

182 4289 283 4335 nonas
307 4269 488 4336 novembris
512 4291 541 4338 e.
567 4267 770 4335 duodecimo.

343 4392 417 4463 Beq.
437 4393 474 4447 86
491 4392 517 4463 s.
536 4391 592 4448 197
610 4408 659 4448 nr.
679 4391 763 4446 1523.

291 4587 415 4654 lese.
443 4589 529 4653 1327
553 4590 741 4656 November
763 4592 795 4655 3.
819 4587 988 4675 Aoipnon.

289 4728 451 4797 Iohannes
471 4730 571 4796 XXII
606 4730 781 4798 Frederico
806 4731 935 4798 Gerlaci
965 4730 1006 4798 de
1030 4731 1215 4799 Domborch
1241 4735 1420 4822 presbitero
1444 4755 1518 4801 con·

184 4836 248 4905 lert
271 4836 351 4904 eccl.
377 4835 571 4906 Xenctensis
595 4837 706 4906 Gelon.
730 4837 814 4906 dioc.
845 4839 1080 4924 canonicatum,
1114 4840 1313 4927 prebendam
1340 4862 1418 4910 vero
1449 4863 1520 4909 cum
