3642 5509
752 434 821 490 1336
840 433 1008 489 December
1028 433 1070 485 16.

331 692 460 761 2270.
487 698 574 760 1336
597 694 781 760 December
806 697 857 760 16.
884 692 1049 779 Aoipaon.

334 855 536 920 Benedictus
561 855 638 918 XII
668 861 784 920 notum
804 855 903 940 facit,
932 853 1021 938 qaod
1044 853 1264 918 Boldewr'nua
1288 855 1560 940 archiepiscopus

231 964 263 1027 Τ
257 963 443 1028 reverearis
457 963 588 1026 nouiter
599 962 691 1026 misit
703 962 750 1026 ad
758 981 889 1046 popam
901 962 1043 1026 anacim
1055 969 1086 1025 et
1094 969 1338 1046 procuratores
1350 983 1425 1027 cum
1438 962 1561 1026 litteris

226 1069 317 1135 dctis
341 1069 374 1134 d.
401 1071 452 1132 12.
476 1091 520 1133 m.
544 1069 741 1151 novembris,
767 1090 911 1154 quarum
935 1075 1082 1133 tenorem
1106 1069 1224 1134 imerit
1242 1070 1467 1153 presentibus.

332 1210 539 1296 [Benedictus
562 1211 640 1296 XII]
664 1210 716 1276 Ad
741 1210 879 1277 futuram
904 1213 950 1276 rei
974 1209 1169 1276 memoriam.

334 1316 462 1383 Dudum
486 1318 589 1383 felicis
611 1317 845 1385 recordationis
869 1317 1030 1384 lohannes
1053 1338 1139 1403 papa
1161 1318 1227 1383 Xll
1250 1367 1309 1382 ...
1334 1318 1471 1384 ecclesie
1495 1319 1561 1384 lla·

226 1426 358 1509 guntine
384 1475 444 1490 ...
472 1425 645 1491 Henricum
669 1426 946 1511 archiepiscopum
973 1475 1033 1491 ...
1060 1425 1197 1511 prefecit
1225 1425 1258 1490 in
1281 1425 1559 1510 archiepiscopum

310 1534 428 1600 Verum
457 1533 545 1599 eirca
575 1541 701 1618 tempus
728 1533 937 1618 prefectionis
963 1532 1110 1618 predicte
1228 1532 1435 1599 Baldewinus
1458 1533 1560 1598 archi-

226 1643 396 1727 episcopus
413 1642 620 1708 Trevercnsis
643 1639 954 1707 administrationem
977 1642 1010 1706 in
1034 1641 1255 1726 spiritualibus
1277 1646 1309 1705 et
1333 1641 1562 1727 temporalibus

229 1747 371 1816 eiusdem
401 1748 537 1814 ecclesie
566 1747 608 1814 ad
631 1750 828 1832 instantiam,
863 1754 898 1813 ut
922 1749 1048 1831 asserit,
1082 1747 1216 1833 capituli
1249 1747 1336 1812 dicte
1369 1748 1506 1813 ecclesie
1529 1756 1562 1812 ct

225 1856 378 1922 nobilium
413 1856 555 1922 civitatis
587 1863 619 1921 et
650 1854 790 1922 diocesis
813 1854 1001 1938 Magantine
1023 1856 1166 1940 suscepit
1189 1861 1223 1920 et
1245 1854 1437 1940 perplures
1460 1875 1561 1920 annos

225 1962 337 2047 gessit,
371 1962 459 2029 dicto
492 1963 631 2028 Henrico
665 1962 908 2048 archiepiscopo
941 1961 984 2028 ad
1012 1962 1319 2028 administrationem
1354 1970 1386 2028 et
1418 1961 1561 2046 regimen

226 2069 366 2135 ciusdem
397 2070 586 2154 Maguntine
613 2068 750 2135 ecclesie
783 2090 846 2134 non
879 2068 1031 2136 admisso.
1077 2070 1213 2162 Noviter
1236 2089 1311 2136 vero
1339 2089 1398 2154 per
1425 2068 1561 2134 dilectos

225 2177 309 2242 filios
332 2175 551 2242 Boemuudum
584 2175 846 2242 archidiaconum
875 2177 1108 2242 Trevcrcnsem
1138 2183 1171 2242 et
1198 2175 1405 2261 Rudolphurn
1438 2175 1560 2242 dictum

225 2283 311 2349 Luse
335 2289 493 2348 notarium
523 2303 598 2350 suos
625 2289 850 2368 procuratores
875 2289 907 2348 et
931 2285 1063 2348 nuncios
1088 2282 1241 2367 spetiales
1263 2290 1412 2367 patentes
1435 2283 1560 2349 litteras

227 2392 275 2457 sni
309 2393 505 2476 appensione
538 2390 636 2474 sigilli
671 2390 811 2457 munitas
843 2392 935 2457 nobis
965 2391 1149 2475 specialiter
1179 2389 1363 2472 destinavit,
1398 2411 1456 2476 per
1478 2410 1559 2473 quas

226 2497 348 2565 eisdem
372 2499 632 2584 procuratoribus
662 2497 753 2563 dedit
781 2497 909 2584 plenum
939 2497 1125 2563 mandatum
1153 2507 1186 2563 et
1208 2497 1343 2564 liberam
1366 2503 1560 2584 potestatem

226 2605 409 2690 exponendi
441 2606 534 2672 nobis
559 2625 673 2670 causas
697 2613 730 2670 et
754 2607 885 2688 motiva,
920 2625 1019 2688 quare
1042 2625 1081 2670 ac
1104 2606 1370 2688 gubernationem
1395 2625 1452 2671 seu
1475 2611 1560 2690 prot·

227 2713 397 2777 tectionem
422 2711 509 2777 dicte
533 2712 669 2780 ecclesie
692 2712 889 2797 Magantine,
915 2719 950 2777 ut
973 2713 1097 2793 asserit,
1129 2711 1371 2794 subinductus,
1400 2732 1439 2779 ac
1462 2732 1559 2798 snper

227 2819 470 2885 conservatione
494 2825 597 2886 status
613 2820 662 2884 sui
678 2828 710 2886 et
727 2819 856 2886 honoris
873 2818 1034 2885 humiliter
1057 2819 1262 2905 supplicandi
1285 2840 1408 2885 necnon
1425 2820 1560 2886 castella

226 2926 399 2992 fortellicia
423 2926 517 2992 villas
546 2925 645 3011 opida
672 2925 911 2992 iurisdictiones
936 2933 968 2992 et
996 2928 1066 2992 iura
1094 2925 1182 2992 dicte
1211 2926 1348 2992 ecclesie
1371 2927 1559 3011 Maguntine

226 3034 258 3098 in
282 3033 429 3100 manibus
453 3033 569 3100 nostris
593 3033 732 3118 ponendi
760 3083 820 3099 ...
847 3042 940 3119 prout
964 3036 996 3098 in
1020 3032 1141 3100 eisdem
1164 3034 1280 3098 litteris
1301 3083 1309 3098 .
1327 3082 1361 3099 ..
1387 3034 1479 3100 nobis
1504 3055 1560 3119 per

226 3140 330 3207 dictos
358 3148 582 3226 procuratores
613 3142 647 3206 in
681 3141 868 3208 consistorio
899 3143 1092 3228 presentatis
1110 3191 1117 3206 .
1134 3191 1142 3207 .
1161 3192 1168 3207 .
1186 3141 1378 3223 continetur,
1414 3139 1558 3223 dictique

225 3254 448 3333 procuratores
475 3296 534 3314 ...
560 3250 592 3313 in
623 3248 736 3315 eodem
766 3251 955 3316 consistorio
980 3248 1145 3315 constituti
1169 3269 1248 3334 pure
1272 3256 1305 3314 et
1328 3248 1428 3315 libere
1453 3254 1560 3315 castra

224 3354 398 3422 fortellieia
512 3356 649 3423 ecclesie
677 3357 864 3442 Magantine
893 3357 1113 3443 procuratorio
1143 3357 1271 3422 nomine
1298 3354 1378 3421 dicti
1401 3354 1562 3441 archiepi-

225 3464 315 3547 scopi
332 3464 564 3531 T1·everensis.
584 3515 591 3530 .
611 3514 618 3529 .
636 3464 669 3529 in
692 3464 808 3530 nostris
829 3465 976 3530 manibus
992 3471 1167 3548 posuerunt
1183 3470 1216 3529 et
1232 3464 1329 3528 etiarn
1345 3463 1559 3546 resignarunt,

226 3589 348 3654 nosque
382 3573 571 3656 positionem
605 3578 638 3636 et
669 3572 919 3655 resignationem
950 3569 1131 3637 huiusmodi
1159 3618 1166 3634 .
1195 3619 1203 3635 .
1229 3619 1237 3634 .
1266 3569 1415 3636 duximus
1447 3569 1561 3635 admit·

225 3675 351 3743 tendas.
383 3677 427 3744 Ut
451 3685 556 3743 autem
581 3677 622 3743 de
647 3677 709 3745 hiis
733 3678 939 3764 imposterum
964 3678 1060 3764 plena
1083 3678 1205 3743 noticia
1229 3677 1394 3759 habeatur,
1418 3684 1560 3742 tenorem

228 3784 386 3850 dictarum
410 3785 587 3850 litterarum
619 3784 762 3851 eiusdem
787 3784 1023 3871 archiepiscopi
1046 3785 1255 3850 Treverensis
1276 3834 1283 3848 .
1302 3833 1310 3849 .
1329 3833 1336 3849 .
1358 3783 1561 3869 presentibus

225 3891 321 3957 inseri
360 3892 496 3958 fecimus
532 3895 586 3976 qui
625 3891 699 3959 talis
734 3899 793 3960 est.
851 3893 1060 3979 (Sequuntur
1098 3893 1292 3959 Boldeooini
1326 3893 1459 3958 litterae
1499 3893 1560 3956 aab

226 4020 277 4062 nr.
292 4001 404 4078 2268.)
433 3999 520 4068 Nulli
546 4020 622 4084 ergo
646 4006 708 4066 etc.
733 4007 841 4066 nostre
865 4000 1047 4066 insertionis
1070 3999 1246 4084 infringere
1269 4005 1331 4064 etc.
1372 3999 1447 4064 Dat.
1465 3999 1560 4063 Avin.

226 4104 323 4170 XVII
346 4106 391 4172 kl.
415 4107 551 4172 ianuarii
576 4128 605 4172 a.
630 4106 781 4173 secundo.

387 4250 451 4319 Itep
479 4248 576 4319 122f.
597 4251 633 4303 16
651 4265 699 4304 nr.
718 4250 773 4316 1o;
792 4250 843 4304 Re.
863 4251 937 4304 1851
944 4264 957 4316 ;
976 4247 1135 4318 Roynolde'
1154 4253 1171 4314 §
1190 4246 1237 4301 59.

332 4552 454 4619 22⁷1.
489 4555 576 4619 1336
599 4553 783 4620 December
805 4554 860 4618 20.
886 4550 1051 4639 Aoipaoa.

333 4695 529 4763 Benedictus
553 4696 619 4761 XII
647 4695 785 4763 Gerlaco
807 4701 885 4762 nato
909 4695 1038 4763 Gerlaci
1069 4695 1195 4764 comitis
1219 4696 1260 4762 de
1282 4696 1409 4765 Nasson
1433 4695 1561 4764 confert

226 4806 305 4871 eccl.
329 4804 517 4890 Magantine
541 4803 774 4888 canonicatum,
798 4801 995 4890 prebendam
1020 4823 1096 4871 vero
1119 4804 1224 4871 eidem
1248 4809 1401 4872 reservat.
