3642 5509
276 475 329 532 tto
850 474 920 531 1332
938 471 1000 532 Jnll
1019 471 1061 531 21.

383 659 572 723 Deuotionis
608 663 659 722 tue
696 657 865 723 sinceritas
896 707 902 720 .
933 708 939 721 .
970 708 977 722 .
1026 659 1100 723 Dat.
1127 658 1220 723 Ario.
1247 659 1313 723 llll
1350 679 1450 724 nonas
1483 656 1550 723 iulii
1581 678 1610 722 a.

277 765 505 831 sextodecimo.

435 893 507 961 Rep.
528 892 586 945 103
605 906 652 943 ar.
676 892 757 945 1480.

381 1001 418 1065 ln
443 1022 471 1067 e.
489 1021 530 1063 m.
555 1001 655 1065 nobili
680 1000 748 1065 viro
772 999 905 1083 Symoni
931 999 1060 1064 domino
1085 999 1125 1065 de
1150 999 1270 1084 Lippia
1295 1000 1405 1067 Calon.
1432 998 1515 1065 dioc.

433 1124 506 1193 Rea.
526 1124 584 1176 103
601 1140 649 1176 ar.
671 1125 753 1177 1483.

379 1437 502 1505 21³2.
533 1441 619 1503 1332
645 1437 721 1504 Jna·
744 1441 797 1502 21.
821 1437 1014 1524 (Aeipuoa.)

379 1583 547 1646 Iohannes
569 1583 641 1667 rapi
676 1582 822 1645 Froacie
854 1589 886 1645 et
919 1583 991 1666 rapi
1024 1582 1160 1646 Boemic
1194 1584 1344 1664 nunciat,
1378 1585 1468 1667 quod
1496 1605 1607 1669 repam

271 1691 408 1754 Boeotio
435 1690 480 1753 od
508 1691 639 1753 cumam
663 1691 903 1774 prosectarum
927 1690 1065 1774 bcuipac
1089 1692 1223 1774 quidam
1246 1692 1394 1775 recipiet,
1428 1692 1487 1756 sed
1511 1713 1608 1774 eupe-

270 1799 418 1862 siieutias
435 1804 548 1881 putot,
573 1798 661 1880 quod
684 1797 774 1860 idem
798 1817 862 1860 reor
885 1798 1027 1861 saucios
1051 1818 1129 1862 suos
1153 1799 1264 1862 mittat
1288 1799 1333 1862 ad
1358 1800 1498 1863 cariam.

377 1947 549 2032 [lebannes
573 1944 684 2029 XXll]
708 1947 777 2030 regi
802 1946 950 2011 Franeie.

377 2056 548 2120 Innotucre
577 2054 669 2119 uobis
698 2053 882 2119 serenitatis
911 2054 1001 2137 regie
1030 2055 1136 2120 littere
1171 2055 1234 2121 biis
1263 2054 1378 2122 diebus
1414 2057 1500 2140 pium
1534 2076 1604 2140 pro·

270 2164 407 2251 positum
438 2184 477 2228 ac
508 2162 659 2228 devotum
691 2167 880 2246 conceptum
910 2211 917 2225 .
947 2210 954 2223 .
987 2212 993 2227 .
1023 2161 1175 2228 Iohannis
1203 2163 1289 2246 regis
1314 2163 1443 2229 Boemie
1473 2143 1604 2228 illustris

269 2273 366 2337 certis
390 2290 430 2336 ex
455 2269 561 2335 causis
586 2270 744 2334 contentis
767 2270 800 2332 in
824 2267 944 2334 eisdem
970 2268 1085 2334 litteris
1109 2269 1151 2334 ad
1175 2276 1317 2337 nostram
1340 2271 1534 2355 presentiam
1551 2291 1603 2335 ve-

268 2377 386 2444 niendi.
434 2377 608 2443 Profecto.
629 2395 845 2459 ‚quamquam
870 2375 990 2462 prefati
1014 2377 1100 2461 regis
1124 2379 1286 2463 presentia
1310 2376 1352 2443 ad
1376 2377 1440 2460 illa,
1466 2397 1527 2461 que
1549 2385 1602 2442 tue

268 2493 302 2550 et
330 2483 472 2550 eiusdem
503 2486 588 2568 regis
621 2484 844 2568 exprimebant
868 2484 984 2567 littere,
1018 2492 1104 2550 esset
1127 2491 1159 2550 et
1183 2505 1253 2551 esse
1283 2485 1401 2551 debeat
1429 2484 1601 2550 admodum

267 2593 360 2658 nobis
391 2599 496 2675 grata,
530 2597 638 2656 tamen
672 2591 805 2655 attentis
838 2589 948 2657 arduis
977 2593 1116 2674 negotiis
1144 2594 1253 2676 regiis,
1287 2594 1402 2676 quibus
1430 2593 1602 2678 impresen-

267 2702 383 2766 tiarum
408 2700 507 2765 babet
531 2699 615 2765 idern
640 2720 697 2765 rex
720 2699 901 2785 providere,
936 2721 999 2764 non
1023 2700 1150 2765 videtur
1178 2701 1270 2767 nobis
1294 2700 1480 2785 expediens,
1516 2700 1600 2783 quod

267 2807 309 2872 ad
344 2829 475 2893 presens
510 2829 568 2893 pro
604 2809 811 2873 excusatione
847 2814 999 2872 contenta
1032 2809 1063 2872 in
1097 2807 1218 2874 eisdem
1247 2809 1362 2874 litteris
1392 2807 1433 2873 ad
1460 2815 1600 2873 nostram

266 2917 460 3001 presentiam
484 2915 695 3000 personaliter
718 2913 836 2980 debeat
860 2935 895 2980 se
913 2915 1067 2996 conferre,
1094 2935 1165 2980 cum
1183 2924 1335 2998 quantum
1353 2915 1395 2980 ad
1413 2914 1468 2979 illa
1485 2915 1600 2980 absens

265 3021 374 3088 facere
397 3023 500 3108 possit
530 3022 620 3104 talia,
653 3042 711 3106 per
740 3042 802 3104 que
826 3023 931 3106 ipsum
957 3022 1144 3087 habebimus
1168 3023 1292 3107 plenius
1316 3030 1515 3088 excusatum.
1562 3022 1596 3087 Si

265 3136 370 3195 autem
402 3129 546 3195 eiusdem
576 3130 663 3212 regis
690 3129 812 3194 feratur
844 3131 991 3210 intentio,
1025 3131 1108 3196 sicut
1137 3130 1345 3215 probaciliter
1374 3128 1524 3210 creditur,
1557 3128 1599 3194 ad

264 3237 329 3302 alia
352 3237 536 3320 obtinenda,
571 3237 719 3302 attendat
744 3237 862 3321 regalis
886 3236 1101 3322 providentia,
1126 3237 1222 3319 quod,
1248 3237 1273 3302 si
1299 3236 1354 3302 illa
1378 3237 1441 3304 sint
1464 3236 1599 3302 alieuius

264 3344 425 3430 ponderis
460 3347 623 3428 requirent
655 3352 793 3410 tractum
827 3346 990 3428 temporis,
1024 3364 1094 3410 cum
1124 3343 1167 3409 ad
1200 3343 1278 3409 talia
1310 3345 1431 3426 absque
1465 3344 1598 3409 fratrum

263 3460 443 3518 nostrorum
472 3458 613 3517 tractatu
641 3457 674 3515 et
702 3450 834 3516 consilio
862 3471 921 3515 nos
949 3450 1125 3535 procedere
1153 3472 1215 3516 non
1246 3450 1361 3516 deceat
1494 3450 1595 3529 Quam

263 3559 392 3643 quidem
428 3580 548 3624 moram
582 3557 717 3623 forsitan
748 3558 894 3640 nequibit
924 3557 1008 3624 idem
1033 3580 1090 3624 rex
1113 3560 1235 3642 absque
1258 3557 1374 3644 grandi
1398 3559 1597 3642 negotiorum

263 3687 391 3732 snorum
416 3665 584 3750 dispendio
609 3665 791 3750 prestolari.
839 3663 982 3748 Ideoque
1001 3665 1226 3752 expedientius
1242 3665 1414 3748 videretur,
1439 3665 1522 3749 quod
1539 3685 1596 3750 pro

263 3775 381 3840 talibus
414 3771 635 3838 examinandis
664 3821 671 3836 .
702 3823 708 3835 .
739 3822 746 3836 .
776 3771 861 3838 viros
894 3773 1069 3858 prudentes
1104 3780 1136 3838 et
1170 3774 1356 3839 tractabiles
1389 3772 1522 3839 deberet
1554 3770 1596 3837 ad

262 3887 403 3947 nostram
426 3881 621 3964 presentiam
645 3879 807 3946 destinare
836 3931 843 3944 .
873 3929 880 3942 .
911 3931 918 3944 .
960 3881 1047 3946 Sane
1071 3881 1097 3946 si
1122 3882 1285 3965 premissis
1309 3901 1370 3946 non
1395 3880 1596 3946 obstantibus

262 3990 370 4055 venire
394 3989 531 4054 voluerit
554 4008 610 4052 rex
634 3988 789 4073 prefatus,
814 4009 872 4054 nos
896 3989 999 4072 ipsum
1024 3988 1213 4053 letanter..
1234 3987 1427 4054 intendimus
1452 3988 1595 4072 recipere

351 4116 391 4161 ac
414 4097 483 4161 eius
513 4095 736 4180 petitionibus,
774 4103 928 4178 quuutum
959 4096 1026 4160 sine
1062 4094 1115 4160 dei
1145 4095 1277 4176 offensa,
1311 4091 1427 4160 iniuria
1459 4093 1594 4179 proximi

261 4204 414 4287 salvoque
455 4203 573 4268 bonore
614 4203 752 4269 ecclesie
794 4203 988 4288 poterimus,
1027 4209 1175 4289 prompte
1214 4202 1428 4269 exauditionis
1467 4203 1594 4267 ianuam

260 4311 395 4396 aperire.
443 4309 493 4374 Ad
517 4309 551 4374 id
575 4315 693 4391 autem,
717 4308 802 4393 quod
827 4311 860 4374 in
884 4311 974 4375 ealce
998 4311 1175 4376 litterarum
1199 4311 1338 4396 ipsarum
1362 4310 1455 4393 nobis
1479 4309 1594 4375 obtulit

260 4418 351 4503 regia
374 4415 541 4500 celsitudo,
566 4417 719 4483 videlicet
743 4416 827 4499 quod
852 4437 948 4502 snpra
973 4438 1008 4484 sc
1032 4418 1217 4502 recipiebat,
1248 4417 1331 4500 quod
1357 4416 1442 4482 idem
1467 4438 1523 4482 rex
1547 4418 1593 4482 sie

260 4527 367 4591 veniet
392 4533 424 4591 et
441 4525 481 4589 de
498 4524 554 4589 tali
579 4532 676 4608 gente
700 4525 841 4590 sociatus
865 4526 988 4608 talique
1012 4523 1106 4590 modo
1131 4547 1170 4589 ac
1194 4530 1289 4607 statu,
1307 4524 1390 4590 sicut
1414 4545 1471 4590 nos
1496 4524 1593 4590 duxe-

260 4634 357 4698 rimus
381 4631 602 4713 ordinundum,
629 4652 686 4716 pro
703 4631 759 4696 tali
777 4638 809 4696 et
826 4638 917 4696 tanta
934 4631 1096 4696 oblatione
1120 4631 1208 4713 regie
1234 4631 1448 4697 benivolentie
1471 4633 1593 4716 gratias

260 4739 458 4818 exhibentes,
485 4740 624 4804 breviter·
648 4738 887 4822 respondemus,
913 4737 998 4820 qnod
1024 4759 1081 4802 nos
1106 4740 1192 4805 cirea
1217 4738 1273 4802 illa
1298 4739 1342 4802 nil
1366 4739 1514 4804 ordinare
1539 4760 1592 4804 vo-

258 4847 371 4930 lumus,
406 4846 464 4912 sed
489 4845 640 4928 quicquid
665 4855 730 4928 tua,
766 4845 810 4910 lili
840 4847 1014 4928 carissime,
1051 4853 1084 4910 et
1116 4845 1195 4910 dicti
1229 4847 1314 4930 regis
1348 4847 1591 4934 circumspectio
