3642 5509
256 456 310 511 noe
811 449 986 520 1aeinprn
1008 449 1048 504 ne.

364 637 497 704 Sincere
532 633 714 700 devotionis
748 631 885 698 affectus
916 680 923 694 .
954 680 960 694 .
991 681 998 695 .
1045 629 1123 696 Dat.
1148 627 1242 695 hvin.
1266 627 1347 693 XVI
1374 626 1418 692 kl.
1454 625 1529 690 maii
1563 647 1592 691 a.

258 744 509 829 quintodecimo.

408 870 483 939 Rcy.
501 866 540 922 99
562 867 587 937 f.
606 865 674 919 3661
695 880 743 919 nr.
763 864 845 920 1915.

365 1140 492 1206 2034.
515 1141 601 1203 1331
624 1136 728 1225 April
753 1139 805 1201 16.
841 1134 1006 1222 Aoiqnon.

365 1263 524 1331 Iohannes
549 1262 646 1328 XXII
672 1261 771 1326 nobili
796 1261 863 1325 vino
888 1258 1024 1325 Iohanni
1049 1264 1125 1324 nato
1150 1256 1301 1323 Iohannis
1326 1259 1452 1324 comitis
1477 1257 1516 1323 de
1538 1259 1595 1324 Sa-

259 1378 394 1459 raponte
417 1378 450 1437 et
473 1370 572 1435 nobili
602 1369 726 1434 mulieri
752 1366 868 1452 Aelydi
900 1366 968 1432 eius
993 1366 1085 1430 uxori
1111 1365 1185 1430 llet.
1211 1364 1293 1430 dioc.
1319 1363 1476 1449 indulget,
1509 1371 1544 1431 ut
1568 1367 1594 1431 si

258 1481 367 1546 forsan
391 1476 433 1544 ad
457 1479 530 1543 loca
553 1475 773 1546 ecclesiastico
807 1474 975 1559 supposita
1008 1472 1181 1539 interdicto
1212 1493 1267 1538 eos
1298 1473 1470 1556 contigeu't
1498 1472 1594 1539 decli·

257 1607 346 1670 nare,
372 1586 470 1651 liceat
494 1585 573 1670 ipsis
598 1583 717 1648 inillis
741 1583 869 1647 missam
894 1587 928 1645 et
954 1580 1018 1645 alia
1042 1579 1152 1645 divina
1176 1579 1281 1645 officia
1305 1580 1414 1646 iacere
1438 1581 1593 1646 celebrari

258 1694 365 1761 ianuis
389 1693 507 1759 clausis
530 1698 588 1757 etc.

366 1799 555 1867 DevotionIs
586 1803 693 1864 vestre
725 1796 894 1862 sinceritas
924 1842 931 1860 .
962 1844 969 1859 .
1001 1843 1007 1856 .
1057 1795 1132 1859 Dat.
1156 1793 1252 1860 Avin.
1277 1795 1356 1860 XVI
1385 1794 1429 1860 kl.
1459 1794 1534 1860 maii
1564 1816 1592 1858 a.

259 1906 507 1993 quintodecimo.

419 2032 492 2101 Περ.
512 2028 591 2101 991⁶.
613 2029 680 2084 366²
698 2044 746 2082 nr.
766 2027 848 2082 1916.

369 2301 500 2369 2035.
527 2304 613 2367 1331
636 2300 740 2388 April
764 2305 816 2365 16.
839 2299 1006 2387 Ancynon.

368 2443 529 2510 Iohannes
562 2443 660 2509 XXII
691 2443 790 2508 nobili
823 2445 892 2508 viro
927 2443 1062 2508 Iohanni
1097 2450 1173 2508 nato
1207 2443 1358 2509 Iohannis
1392 2443 1517 2509 cananitis
1553 2442 1593 2509 de

260 2552 441 2636 Saraponte
465 2550 559 2615 militi
584 2557 615 2615 et
639 2551 737 2616 nobili
761 2551 885 2615 mulieri
904 2551 1011 2616 Aelidi
1035 2552 1103 2616 eins
1127 2553 1217 2617 uxori
1235 2551 1310 2615 Met.
1328 2551 1410 2615 dioc.
1436 2551 1593 2634 indulget,

260 2666 295 2724 ut
318 2659 456 2741 aliquem
481 2657 640 2744 ydoneum
666 2665 698 2724 et
722 2657 894 2724 discretum
921 2659 1131 2743 presbiterum
1156 2659 1188 2722 in
1213 2678 1303 2724 sunm
1328 2660 1451 2742 possint
1475 2659 1595 2740 eligere

261 2765 485 2846 confessorem,
505 2765 568 2847 qui,
586 2764 738 2848 quociens
754 2764 852 2829 fuerit
874 2765 952 2850 ipsis
969 2771 1168 2850 oportunum,
1183 2764 1437 2831 confessionibus
1453 2767 1592 2850 ipsorum

262 2871 382 2937 auditis
405 2871 637 2937 ahsolutionem
662 2872 740 2956 ipsis
763 2871 939 2957 impendat.

367 2978 512 3062 Benigno
541 2984 614 3044 suut
643 2978 735 3045 vobis
764 3027 770 3040 .
801 3027 808 3043 .
838 3028 845 3042 .
894 2980 970 3044 Dat.
1001 2979 1094 3043 Avin.
1126 2979 1204 3044 XVI
1231 2978 1276 3044 kl.
1307 2980 1382 3044 maii
1412 3000 1442 3045 a.
1471 2981 1593 3062 quinto·

261 3085 397 3152 decimo.

414 3191 487 3262 Ray.
507 3192 546 3246 99
564 3209 612 3246 nr.
633 3193 714 3257 3662·
735 3193 788 3248 Ra.
809 3195 887 3249 1911.

366 3455 498 3521 2096.
524 3457 610 3519 1331
639 3453 743 3540 April
767 3457 818 3520 16.
844 3453 1009 3541 Aoignon.

367 3596 529 3662 Iohannes
552 3597 651 3661 XXII
675 3595 775 3662 nobili
798 3598 866 3663 viro
890 3599 1026 3664 Iohanni
1049 3605 1125 3664 nato
1149 3599 1302 3665 IohannIs
1326 3601 1451 3666 coniitia
1475 3600 1516 3666 dc
1538 3601 1594 3666 Sa·

259 3711 396 3788 reponte
425 3704 517 3768 militi
547 3710 580 3768 et
608 3703 707 3768 nohili
732 3705 856 3770 mulieri
881 3705 989 3770 Aelidi
1014 3707 1082 3772 eius
1106 3709 1197 3772 iunoni
1222 3708 1300 3772 Met.
1326 3707 1409 3773 dioc.
1435 3707 1592 3790 indulget,

260 3814 295 3874 ut
327 3829 434 3875 eornm
470 3810 644 3893 confessor,
683 3831 776 3894 quent
810 3811 960 3878 duxerint
993 3813 1185 3897 eligendum,
1220 3815 1358 3879 omniunt
1389 3821 1592 3900 peccatorum

260 3917 388 4001 plenam
416 3917 634 3983 remIssionem
663 3917 741 4002 ipsis
765 3925 797 3982 et
821 3920 961 4003 ipsorum
991 3921 1121 3986 cuilibet
1152 3922 1249 3987 semel
1280 3928 1403 3987 tantum
1427 3923 1460 3986 in
1484 3922 1593 3986 mortis

260 4023 396 4089 articulo
420 4023 600 4089 concedere
624 4023 741 4089 valeat.

366 4130 519 4195 Proveuit
542 4150 583 4196 ex
608 4137 714 4197 vestre
738 4129 920 4199 devotionis
949 4182 956 4198 .
987 4182 993 4198 .
1024 4185 1029 4197 .
1076 4135 1152 4199 Dat.
1175 4135 1266 4200 Avin.
1290 4136 1369 4200 XVI
1394 4136 1438 4200 kl.
1464 4137 1538 4201 maii
1563 4157 1592 4200 a.

260 4236 508 4320 quintodecimo.

420 4361 493 4431 Ray.
516 4361 555 4417 90
572 4361 596 4431 f.
617 4363 676 4416 367
694 4378 741 4416 nr.
762 4364 844 4418 1918.

364 4599 492 4668 2037.
518 4603 618 4683 (1331
643 4602 744 4689 April
763 4607 814 4670 17.
840 4605 1053 4693 stantano.)

372 4727 550 4792 Iloctatna
582 4729 716 4794 habites
748 4731 837 4795 inter
865 4732 1049 4797 Iohannem
1075 4735 1185 4798 XXII
1210 4742 1240 4800 et
1269 4735 1451 4801 Iohannem
1483 4757 1593 4822 regem

259 4833 396 4900 Boema'e
419 4833 459 4898 de
482 4837 580 4901 rcbna
605 4836 747 4902 Italion.
