3642 5509
248 421 301 478 216
776 419 845 476 1329
864 418 983 475 Ianuar
1002 418 1045 474 24.

354 603 478 669 1333.
507 604 834 670 roccamaura.
865 599 1030 687 Aoipooo.

354 728 515 795 Iohannes
547 728 646 794 XXII
682 725 862 795 Codefrido
897 725 939 792 (16
972 725 1153 808 Heinsherg
1186 725 1310 791 confert
1342 726 1421 790 cccl.
1456 725 1584 789 116166-

248 837 348 902 166616
368 837 602 924 canonicatum,
625 833 820 921 prebendam
839 854 916 900 vero
941 832 1046 899 eidem
1070 839 1224 913 reservat,
1248 852 1311 898 666
1332 833 1481 899 obstante
1497 830 1583 914 quod

248 945 281 1009 in
305 943 415 1010 Colon.
441 949 473 1009 ct
497 943 745 1027 Heinsbergensi
776 940 924 1008 ecclesiis
956 940 1164 1006 canonicatus
1187 945 1220 1006 et
1243 939 1424 1025 prebendas
1446 961 1486 1004 ac
1513 960 1584 1024 par-

248 1050 421 1117 rochialem
445 1049 614 1117 ecclesiam
640 1050 681 1116 (16
705 1048 871 1116 Venechte
895 1047 996 1114 Leod.
1023 1046 1106 1114 dioc.
1131 1049 1263 1114 obtinet.

358 1158 520 1226 Nobilitas
542 1159 681 1242 generis,
705 1158 772 1224 vite
790 1207 797 1222 .
816 1205 850 1222 ..
897 1156 1201 1222 Dat.Avin.vl111
1224 1155 1268 1220 kl.
1293 1154 1444 1220 februarii
1468 1178 1498 1220 6.
1523 1164 1585 1220 ter·

250 1263 433 1333 tiodecimo.

356 1371 394 1436 In
418 1390 446 1437 6.
469 1392 511 1438 m.
535 1371 569 1438 S.
594 1371 774 1438 Salvatoris
797 1376 830 1437 61
853 1371 887 1436 S.
912 1369 1001 1435 Petri
1026 1370 1166 1436 Traiect.
1192 1369 1324 1436 decanis
1352 1390 1392 1436 ac
1414 1369 1584 1435 Ambrosio

250 1477 291 1545 (16
314 1477 510 1563 Lamayrola
533 1480 687 1545 canonico
711 1477 884 1545 Mediolon.
909 1478 1130 1543 ecclesiarum.

397 1603 471 1674 1169.
490 1602 529 1657 90
546 1603 570 1673 f.
591 1603 658 1657 319
678 1618 724 1656 ar.
746 1603 828 1657 1370.

356 1874 478 1942 1334.
505 1877 592 1941 1329
615 1877 755 1943 Jaauar
778 1876 833 1939 24.
867 1872 1032 1961 Avipooa.

357 2017 516 2085 Iohannes
541 2019 640 2083 XXII
675 2016 854 2085 Codofrido
884 2016 926 2083 (16
950 2016 1132 2100 Heinsberg
1155 2019 1312 2084 canonico
1336 2017 1516 2084 Coloniensi
1539 2036 1587 2080 re-

250 2130 360 2189 servat
382 2122 573 2207 dignitatem
594 2125 646 2190 vel
670 2130 876 2211 personatum
900 2143 957 2189 666
981 2124 1119 2189 officium
1145 2145 1216 2190 cum
1241 2145 1319 2191 cura
1343 2124 1393 2190 vel
1416 2126 1484 2190 sine
1509 2144 1587 2189 cura

251 2231 283 2295 in
308 2230 387 2296 cccl.
411 2238 468 2296 aut
490 2232 623 2297 civitate
640 2232 690 2298 vel
714 2230 799 2297 dioc.
825 2231 1019 2312 Coloniensi,
1044 2230 1216 2297 dummodo
1240 2231 1420 2298 huiusmodi
1443 2231 1587 2315 dignitas

251 2338 372 2404 maiore
396 2346 470 2423 post
496 2337 804 2424 archiepiscopalem
829 2339 863 2403 in
896 2338 1010 2404 eadem
1036 2339 1219 2405 Coloniensi
1253 2345 1308 2404 aut
1338 2338 1525 2425 principalis
1554 2338 1587 2402 in

253 2444 427 2530 collegiata
458 2446 538 2512 cccl.
571 2466 636 2511 non
669 2446 799 2526 existat,
831 2465 893 2510 non
928 2447 1078 2511 obstante
1108 2445 1194 2529 quod
1222 2445 1256 2511 in
1279 2445 1392 2512 eadem
1418 2445 1529 2511 Colon.
1554 2451 1586 2508 61

255 2551 436 2637 Heinsberg
458 2553 605 2619 ecclesiis
629 2552 837 2618 canonicatus
854 2563 885 2617 et
907 2552 1088 2637 prehendas
1104 2573 1144 2618 ac
1160 2552 1393 2637 parrochialem
1417 2551 1585 2618 ecclesiam

253 2659 294 2725 (16
316 2659 463 2726 Vovohte
486 2659 588 2726 Laod.
613 2658 697 2726 dioc.
722 2660 854 2725 obtinet.
903 2660 1023 2742 Vigore
1046 2665 1152 2725 autem
1177 2661 1333 2745 presentis
1355 2660 1460 2744 gratie
1483 2658 1587 2742 digni-

254 2772 353 2832 tatem
381 2767 433 2831 vel
463 2774 667 2852 personatum
693 2786 750 2832 666
773 2773 919 2832 curatum
943 2765 1082 2832 officium
1106 2774 1271 2833 666666166
1294 2766 1422 2833 omnino
1446 2765 1587 2831 dimittat

253 2871 432 2958 prodictam
456 2874 689 2959 parrochialem
713 2873 893 2941 ecclesiam.
1353 2943 1357 2952 ,

360 2981 548 3065 Apostolice
570 2980 658 3048 sedis
682 2983 843 3067 copiosa.
874 3032 880 3046 .
911 3031 919 3046 .
967 2980 1043 3050 Dat.
1067 2981 1164 3047 Avin.
1188 2982 1285 3046 Vllll
1309 2981 1353 3047 kl.
1378 2980 1532 3047 februarii
1555 3001 1585 3046 6.

254 3086 488 3154 tertiodecimo.

357 3196 397 3260 In
419 3214 447 3262 c.
468 3216 510 3261 m.
544 3195 655 3261 abbati
684 3195 868 3261 monasterii
892 3195 926 3261 S.
954 3195 1184 3261 Panthaleonis
1208 3195 1317 3261 Colon.
1348 3202 1381 3261 et
1404 3194 1528 3260 decano
1552 3194 1585 3259 S.

252 3300 352 3368 llario
376 3301 419 3368 ad
442 3302 563 3386 gradum
587 3303 699 3370 Colon.
723 3322 763 3367 ac
786 3301 959 3368 scolastico
984 3303 1145 3368 Tullensis
1168 3302 1386 3396 ecclesiarum.

412 3409 484 3478 ch.
504 3408 544 3462 92
561 3409 585 3479 f.
605 3408 665 3463 206
682 3425 730 3463 ur.
750 3409 843 3473 3364,·
866 3409 917 3463 Ra.
931 3410 1015 3463 1133.

358 3628 482 3696 1335.
517 3631 605 3695 1329
627 3631 767 3696 «166666
790 3632 844 3695 24.
874 3629 1040 3717 Aoipooa.

359 3770 518 3837 Iohannes
533 3770 633 3836 XXII
658 3771 817 3836 Franooni
842 3770 883 3837 (16
906 3771 1088 3856 Heinsberg
1112 3773 1238 3838 confert
1261 3773 1340 3839 eccl.
1366 3773 1587 3857 Hugardensis

251 3876 353 3944 Laod.
378 3875 463 3944 dioc.
488 3878 721 3960 canonicatum,
746 3877 943 3963 prebendam
968 3899 1043 3945 veno
1069 3879 1174 3945 eidem
1199 3886 1352 3946 reservat.

358 3985 482 4052 Meritis
505 3992 559 4051 166
581 3985 819 4070 probitatis...
848 3987 925 4052 Dat.
943 3987 1037 4053 Avin.
1056 3987 1151 4053 VIIII
1175 3987 1221 4052 kl.
1246 3987 1401 4053 lehruarii
1424 4009 1454 4053 a.
1479 3989 1588 4054 tertio·

252 4091 275 4158 d
295 4091 359 4158 cim
382 4140 390 4158 .

276 4112 294 4159 e
360 4112 399 4265 ha
422 4219 451 4266 e.
466 4221 508 4266 m.
533 4199 654 4266 eisdem
678 4199 838 4267 iudicibus
863 4202 978 4284 quibus
1002 4221 1100 4286 supra
1123 4204 1175 4284 (=
1192 4202 1226 4270 S.
1251 4202 1338 4267 Petri
1362 4209 1395 4268 61
1417 4201 1450 4268 S.
1476 4201 1589 4269 Crucis

252 4305 355 4374 Leod.
379 4306 513 4375 decanis
537 4327 576 4374 66
599 4309 770 4375 scolastico
795 4308 957 4375 Tullensis
981 4310 1085 4389 6661.).

413 4431 486 4503 Rop.
506 4432 546 4487 90
561 4431 586 4502 s.
606 4432 673 4487 319
690 4447 737 4488 or.
759 4432 840 4487 1867.

358 4647 479 4714 loco.
509 4649 596 4713 1329
619 4650 758 4716 Jaouur
781 4651 833 4714 24.
861 4647 1027 4736 Aoipooa.

362 4789 521 4857 Iohannes
544 4791 644 4858 XXII
678 4792 817 4858 Henrico
846 4791 887 4858 de
911 4791 1085 4877 Spanheim
1119 4791 1281 4878 preposito
1315 4795 1393 4860 eccl.
1425 4794 1462 4860 B.
1488 4794 1589 4860 llario
