3642 5509
747 436 816 492 1321
835 436 921 507 April
940 436 986 491 tt.

307 617 425 684 2895
450 617 593 699 (11840).
632 620 717 681 1327
741 638 802 682 eor
826 616 930 702 April
952 620 1007 681 27.

307 757 533 823 Heidenricus
559 758 754 841 prepoeitas
789 757 823 823 S.
853 756 1008 822 Severini
1039 752 1153 821 Color.
1188 758 1369 842 supplicat,
1404 764 1442 821 at
1473 757 1537 821 sihi

199 865 323 930 deutur
346 872 541 930 caecatores
564 884 646 928 aooe
670 864 872 948 provisionis
896 863 937 928 de
955 865 1178 948 prepositura
1202 865 1294 930 dicta
1316 885 1382 949 per
1405 865 1537 930 litteras

200 973 403 1057 apostolicae
426 993 501 1037 cam
524 973 608 1036 data
632 972 830 1056 anticipata.

307 1096 430 1161 Littcre
465 1096 615 1161 faciende
650 1116 746 1180 super
781 1096 970 1161 executione
1005 1096 1110 1178 gratie
1147 1096 1340 1180 provisionis
1370 1095 1467 1161 miehi
1496 1095 1537 1160 de

199 1204 400 1289 prepositura
417 1204 449 1269 S.
467 1204 611 1269 Severini
637 1203 836 1269 Coloniensis
860 1212 947 1266 motu
971 1203 1100 1287 proprio
1124 1201 1165 1267 de
1191 1202 1392 1287 benignitate
1416 1201 1536 1268 domiui

200 1312 319 1375 nostri*
347 1311 435 1376 facte
469 1318 516 1375 tot
545 1309 704 1395 recipiunt
733 1310 766 1373 iu
796 1310 990 1374 cancellaria
1018 1329 1076 1393 per
1100 1309 1334 1394 disputationes
1359 1310 1466 1375 varias
1489 1310 1536 1373 in·

199 1419 349 1500 staucias,
385 1419 443 1483 sub
476 1438 539 1501 que
571 1418 674 1482 torma
707 1416 831 1499 deutur,
868 1415 954 1498 quod
988 1416 1073 1481 nullo
1104 1415 1199 1482 modo
1222 1418 1285 1481 iam
1309 1422 1383 1482 octo
1407 1416 1533 1496 diebus,

200 1526 313 1607 quibus
337 1545 394 1610 pro
423 1526 501 1610 ipsis
530 1524 687 1590 habendis
716 1524 871 1604 laboravi,
907 1524 997 1608 potui
1026 1543 1086 1588 nec
1110 1523 1216 1588 adhuc
1239 1544 1368 1610 possum
1391 1522 1432 1589 de
1455 1524 1534 1609 ipsis

200 1632 317 1698 habere
341 1632 448 1697 finem.
498 1632 539 1696 Et
562 1632 609 1697 sic
633 1630 777 1697 detineor
803 1630 856 1695 hic
880 1630 1107 1710 involuntarie3
1136 1637 1169 1695 et
1202 1630 1263 1696 hoc
1296 1637 1423 1717 oportet
1450 1631 1534 1713 fieri,

200 1741 274 1823 quia
306 1741 332 1805 si
365 1739 558 1819 recederem,
593 1759 752 1821 uunquam
786 1738 937 1803 haberem
966 1758 1022 1804 eas
1050 1739 1084 1802 in
1107 1739 1265 1803 absentia.
1314 1738 1537 1823 Data.provi-

199 1847 296 1912 sionis
320 1846 465 1930 predicte
489 1848 593 1931 posita
622 1852 671 1911 est
696 1845 722 1909 V
747 1846 791 1909 kl.
816 1844 903 1909 maii.
959 1846 994 1910 Si
1029 1852 1139 1929 posset
1168 1846 1339 1930 anticipari
1368 1846 1401 1909 in
1428 1864 1537 1910 mense

200 1953 385 2038 precedenti
420 1954 541 2039 aprilis,
578 1951 731 2018 videlicet
765 1952 865 2016 XIIII
891 1952 935 2017 hl.
973 1954 1090 2017 mensis
1121 1953 1244 2038 aprilis,
1280 1953 1341 2017 hoa
1369 1952 1538 2038 expediret

200 2060 296 2125 michi
329 2068 460 2147 propter
495 2059 604 2126 datam
637 2060 741 2143 gratie
775 2079 844 2124 mee
878 2058 919 2124 de
944 2081 1024 2125 voce
1059 2060 1193 2144 capituli
1222 2060 1264 2125 ad
1289 2059 1320 2125 S.
1339 2058 1538 2141 Severinum,

200 2169 290 2232 cuius
314 2167 392 2232 data
416 2175 465 2232 cst
488 2168 553 2232 XII
579 2167 622 2231 kl.
648 2167 790 2251 aprilis¹,
825 2174 858 2231 ut
888 2165 968 2231 data
997 2167 1188 2251 provisionis
1216 2166 1405 2253 precederet
1428 2165 1538 2231 datam

202 2273 390 2360 predictam.
438 2273 502 2339 Sed
527 2276 554 2340 si
579 2274 611 2339 id
636 2274 709 2339 fieri
745 2295 807 2339 non
843 2275 981 2358 potuerit
1015 2276 1084 2339 sine
1116 2274 1269 2339 mandato
1294 2273 1413 2340 domini
1437 2275 1537 2340 nostri

200 2382 346 2466 speciali,
371 2402 433 2446 uon
458 2380 561 2446 audeo
587 2381 627 2446 de
651 2402 734 2446 novo
758 2401 830 2446 eum
855 2388 986 2466 propter
1010 2381 1071 2446 hoc
1095 2379 1242 2465 rogareb.

351 2505 463 2560 Cadata
480 2508 627 2574 cartaceo,
646 2504 734 2559 cuius
756 2504 789 2559 ia
809 2506 918 2560 dorso:
938 2506 984 2558 Ex
1005 2511 1092 2575 parte
1111 2505 1208 2575 Heyd.
1230 2506 1374 2575 preposIti
1395 2504 1423 2559 S.
1446 2503 1539 2560 Seve-

349 2597 407 2649 riui
426 2594 618 2649 Coloniensis.
644 2596 735 2650 lustr.
754 2592 877 2649 miscell.
897 2592 1020 2648 Arraar.
1042 2594 1071 2648 0.
1091 2594 1167 2663 fasc.
1189 2596 1307 2649 18-87.
1336 2594 1537 2661 G.Scbwatm,

350 2684 450 2739 Neues
469 2680 580 2737 Archia
600 2684 694 2753 XXV,
714 2686 778 2738 743.

307 2897 427 2962 aare
452 2897 596 2977 (0000.
634 2899 713 2960 rear
739 2898 814 2961 Mas
839 2898 889 2960 rs.
916 2899 959 2973 r.)

311 3020 524 3088 Heidenricus
548 3022 728 3106 prepositus
752 3023 784 3086 S.
803 3020 948 3086 Severini
975 3020 1175 3086 colomensis
1197 3019 1361 3085 Bcruardo
1382 3018 1537 3104 Stephani

207 3128 445 3193 archidiacono.

309 3236 407 3300 Pater
430 3243 462 3300 et
486 3236 614 3301 domine
640 3234 827 3319 B[ernarde]
852 3234 1038 3320 Sltcphaue]
1063 3234 1301 3301 archidiacone.

309 3344 401 3407 Mitto
427 3343 518 3408 vobis
545 3343 672 3427 signata
702 3344 829 3408 nomina
858 3343 1056 3425 quorundam
1087 3341 1285 3407 dominorum
1314 3339 1482 3406 civitatum
1508 3347 1541 3404 et

203 3448 371 3533 opidorum
402 3451 538 3533 partium
566 3450 730 3514 Alemauie
759 3458 792 3514 et
814 3450 968 3534 precipue
992 3450 1080 3514 circa
1101 3449 1227 3514 Renum
1251 3456 1284 3513 et
1307 3445 1469 3530 quandam
1493 3447 1540 3510 in-

203 3558 407 3622 structionem
436 3558 469 3620 in
499 3558 564 3621 line
592 3558 740 3641 positam,
775 3576 831 3641 per
855 3576 960 3639 quarn,
991 3555 1152 3635 sitierat,
1187 3555 1342 3621 Bawarus
1370 3559 1539 3635 artaretur,

204 3663 279 3743 quia
303 3684 364 3727 000
389 3670 512 3728 tantum
537 3664 780 3728 executionihus
804 3662 998 3727 litteralibus
1023 3661 1081 3727 sed
1098 3670 1130 3727 et
1154 3661 1357 3747 appositione
1381 3679 1540 3742 manuum,

203 3778 238 3835 ut
261 3768 377 3834 dentur
399 3769 460 3834 sibi
484 3769 660 3835 adversarii
682 3770 870 3835 invadentes
887 3789 972 3850 eum,
995 3788 1054 3834 sua
1070 3769 1248 3853 pertinacia
1265 3775 1314 3834 est
1329 3766 1539 3833 retundenda.

203 3876 246 3940 Et
268 3877 337 3942 sine
362 3875 469 3959 dublo,
494 3878 521 3941 si
546 3876 606 3941 hoc
631 3878 752 3941 lactum
776 3876 885 3957 fuerit,
911 3884 1047 3959 cogetur
1069 3873 1298 3941 Lombardiam
1323 3873 1484 3939 dimittere
1509 3880 1542 3939 et

204 3982 323 4063 redire3
363 4004 435 4047 nam
467 3992 637 4066 arrtequam
669 3984 810 4068 patiatur
834 3983 915 4047 alios
938 3985 1059 4048 intrare
1083 3980 1296 4048 hereditatem
1320 4001 1421 4063 suam,
1445 4002 1541 4063 quam

205 4090 372 4172 habuerat,
406 4091 474 4175 ipse
498 4092 604 4175 potius
628 4090 708 4156 alias
733 4092 801 4155 vias
825 4102 946 4172 queret.
1000 4088 1104 4173 Super
1127 4089 1207 4171 istis,
1241 4090 1268 4153 si
1293 4087 1334 4153 ad
1359 4096 1467 4173 partes
1491 4108 1542 4153 ve·

204 4217 291 4278 nero,
327 4198 449 4279 omnia,
492 4218 553 4280 000
588 4207 715 4281 potero,
756 4218 812 4281 pcr
854 4196 1074 4262 Colouieusem
1111 4195 1387 4281 archiepiscopum
1422 4196 1542 4261 faciam

205 4306 338 4371 tractari
363 4314 405 4379 et,
431 4324 492 4387 que
515 4304 608 4386 fiunt,
633 4305 777 4369 rescribi.

312 4412 473 4495 Scriptum
498 4412 637 4477 crastino
662 4411 836 4477 dominice:
862 4412 982 4475 Vocem
1006 4409 1224 4478 iucunditatis.

356 4517 470 4573 cedula
489 4520 636 4572 cartaceo.
674 4518 766 4571 Iastr.
786 4516 910 4573 miscell.
930 4518 1051 4571 Armar.
1075 4516 1190 4587 Cfaac.
1205 4518 1321 4571 78-87.
1343 4514 1542 4583 caesana,

356 4607 456 4661 Neues
475 4604 586 4661 Archiv
605 4608 700 4673 XXV,
721 4608 781 4660 711.

207 4698 421 4708 ————-—-

317 4736 346 4801 a)
368 4734 462 4788 nostri
481 4735 569 4787 michi
589 4750 642 4789 ms.
719 4734 748 4800 b)
767 4735 871 4801 rogari
889 4748 945 4787 ms.

318 4824 345 4891 1)
365 4824 405 4894 of.
426 4840 474 4877 ar.
495 4824 576 4878 1170.
