3642 5509
293 440 348 496 376
814 440 885 497 1330
902 439 1080 512 September
1099 441 1142 497 29.

294 620 510 706 supplicatum
528 630 587 688 etc.
611 623 679 689 Nos
694 623 804 704 itaque
822 671 828 683 .
847 671 854 686 .
874 671 881 686 .
898 643 1024 687 onmem
1041 623 1254 689 inhabilitatis
1274 633 1306 688 et
1322 624 1453 690 infamis
1470 622 1626 689 maculam

295 729 515 795 ...totaliter
542 729 708 794 abolemus
735 736 830 812 teque
853 730 949 815 plene
973 729 1179 798 habilitamus
1196 779 1203 794 .
1222 780 1230 795 .
1248 780 1256 795 .
1273 731 1395 798 fructus
1424 753 1480 817 per
1504 739 1536 798 te
1559 753 1628 817 per-

295 843 407 923 ceptos
430 857 472 901 ex
495 836 660 902 beneficiis
684 836 877 922 supradictis
900 838 959 903 tibi
984 883 991 899 .
1017 887 1024 902 .
1048 886 1055 902 .
1079 839 1288 904 remittentes.
1335 839 1488 906 Volumus
1512 845 1628 920 tamen,

294 943 380 1027 qnod
404 942 523 1009 dictam
545 943 779 1029 parrochialem
803 943 972 1010 ecclesiam
990 946 1022 1008 in
1047 945 1193 1010 manibus
1217 945 1381 1012 diocesani
1404 947 1467 1012 loei
1491 947 1627 1030 realiter,

294 1049 431 1116 eandem
454 1050 587 1116 ulterius
610 1050 792 1117 nullatenus
815 1057 1043 1138 resumpturus,
1069 1072 1107 1117 ac
1132 1053 1353 1118 canonicatum
1379 1060 1412 1118 ct
1432 1053 1627 1139 prebendam

295 1177 367 1222 cum
383 1157 605 1242 supplemento
628 1159 803 1225 secundum
827 1161 984 1244 premissa
1008 1159 1048 1225 de
1072 1159 1141 1225 iure
1158 1166 1311 1228 vacantes
1335 1163 1462 1228 omnino
1486 1161 1629 1230 dimittas

403 1264 480 1330 Dat.
504 1265 600 1331 Avin.
625 1268 640 1331 Ι
664 1267 709 1332 kl.
734 1267 875 1334 octobris
898 1288 927 1332 a.
953 1265 1202 1350 quintodecimo.

453 1391 526 1460 ch.
546 1391 584 1447 99
601 1391 627 1463 f.
646 1390 713 1447 367‘
730 1406 779 1445 ur.
798 1391 879 1448 1921.

400 1665 523 1733 lero.
549 1667 637 1732 1330
659 1665 854 1751 September
877 1667 931 1731 29.
956 1664 1122 1752 Aoipuou.

402 1808 573 1892 [lohannes
602 1807 714 1891 XXII]
751 1809 915 1894 preposito
951 1809 984 1874 S.
1010 1808 1175 1874 Ouniberti
1214 1815 1247 1874 et
1281 1808 1405 1875 decano
1439 1808 1473 1875 S.
1498 1809 1627 1893 Georgii

294 1914 406 1982 Goion.
430 1936 471 1982 ac
492 1915 664 1982 scolastico
688 1914 849 1981 Tullensis
872 1914 952 1982 eccl.

400 2021 581 2088 Laudabile
604 2022 833 2105 testimonium,
867 2021 954 2105 quod
976 2072 984 2088 .
1008 2071 1045 2087 ..
1092 2021 1178 2088 Sanc
1201 2043 1302 2108 nuper
1335 2044 1393 2109 pro
1416 2029 1508 2108 parte
1531 2025 1630 2109 ipsius

294 2129 473 2215 Hyldegeri
507 2127 561 2213 [de
590 2129 739 2195 Ecclesia
768 2127 926 2214 Lysolpbi
959 2130 1068 2196 clerici
1101 2130 1313 2215 Coloniensis]
1346 2131 1437 2196 nobis
1469 2132 1627 2216 exposito,

294 2236 378 2320 quod
403 2237 473 2322 ipse
496 2236 571 2302 olim
595 2237 628 2301 in
644 2237 796 2303 vicesimo
820 2242 934 2319 quarto
958 2238 1054 2305 etatis
1075 2257 1131 2304 sue
1155 2259 1238 2303 anno
1262 2259 1301 2304 ac
1324 2238 1357 2302 in
1380 2237 1629 2304 subdiaconatus

294 2343 408 2410 ordine
440 2345 632 2411 constitutus
664 2344 898 2429 parrochialem
932 2346 1102 2412 eeclesiam
1136 2347 1168 2410 in
1197 2346 1375 2412 Eschvvilre
1399 2344 1510 2412 Gelon.
1544 2344 1628 2411 dioc.

293 2457 370 2516 tunc
393 2458 565 2517 vacantem
597 2451 703 2517 suerat
737 2450 819 2518 alias
842 2453 997 2518 canonice
1030 2459 1196 2519 assecutus
1219 2455 1386 2538 ipsamque
1419 2472 1476 2537 per
1509 2452 1625 2517 multos

293 2579 395 2625 annos
418 2565 574 2635 tenuerat,
608 2559 691 2624 sicut
715 2579 785 2624 eam
810 2558 916 2624 adhuc
940 2558 1115 2636 detinebat,
1139 2609 1146 2626 .
1169 2611 1177 2626 .
1201 2609 1208 2625 .
1231 2559 1274 2625 ad
1296 2559 1465 2626 ulteriores
1497 2557 1626 2624 ordines

293 2686 357 2731 non
372 2674 547 2751 promotus,
571 2686 632 2732 nec
647 2667 745 2732 etiam
761 2665 927 2732 resederat
943 2667 1153 2752 personaliter
1168 2669 1201 2732 iu
1219 2666 1343 2750 eadem,
1367 2686 1407 2732 ac
1422 2664 1624 2752 postmodum

292 2771 334 2838 de
358 2772 549 2838 canonicatu
573 2779 606 2839 et
621 2772 786 2859 prebenda
807 2772 943 2838 ecclesie
960 2773 994 2838 S.
1011 2773 1156 2839 Severini
1173 2772 1284 2841 (tolon.
1309 2794 1380 2840 cunr
1404 2774 1625 2859 supplemento

292 2885 369 2946 tunc
392 2880 581 2947 vacantibus
604 2881 665 2946 sibi
689 2879 870 2965 apostolica
892 2880 974 2946 alias
997 2881 1151 2946 canonice
1180 2881 1284 2948 luerat
1307 2881 1500 2948 auctoritate
1522 2879 1626 2966 provi·

291 3005 372 3069 sum,
404 3007 442 3054 ac
466 2985 558 3054 nobis
582 2986 745 3053 humiliter
767 2986 963 3072 supplicavit
992 2995 1050 3052 etc.
1096 2988 1165 3056 Nos
1182 3037 1189 3053 .
1209 3037 1216 3052 .
1235 3037 1242 3053 .
1259 3008 1384 3054 omnem
1413 2987 1625 3054 inhabilitatis

207 3109 212 3118 ’
292 3097 325 3158 et
347 3092 480 3158 infamie
504 3094 663 3160 maculam
685 3143 692 3159 .
716 3144 723 3159 .
748 3143 755 3159 .
781 3094 924 3160 totaliter
948 3095 1147 3160 abolevimus
1170 3096 1337 3180 ipsumque
1361 3096 1454 3181 plene
1479 3095 1621 3161 habilita-

291 3200 394 3265 vimus
418 3206 451 3266 et
482 3202 515 3264 in
538 3202 698 3284 integrum
721 3200 948 3266 restituimus.
973 3249 1009 3265 ..
1036 3200 1157 3267 linctus
1189 3221 1246 3286 per
1279 3221 1350 3267 eum
1382 3211 1553 3288 preceptor
1585 3221 1625 3267 ex

291 3307 456 3373 benefieiis
472 3307 665 3393 supradictis
681 3307 742 3373 sibi
761 3357 768 3372 .
788 3358 795 3372 .
815 3358 822 3372 .
839 3308 1049 3374 remittentes.
1090 3307 1255 3374 Voluimus
1271 3314 1388 3392 tamen,
1405 3308 1490 3392 quod
1507 3309 1625 3374 dictam

290 3415 525 3500 parrochialem
564 3414 735 3480 ecclesiam
770 3414 804 3478 in
838 3415 986 3480 manibus
1019 3413 1184 3481 diocesani
1218 3415 1281 3480 Ioci
1316 3414 1457 3499 realiter,
1493 3415 1625 3481 eandem

290 3521 473 3587 nullatenus
489 3527 718 3606 resumpturus,
744 3540 783 3586 ac
806 3522 1030 3587 canonicatum
1048 3528 1080 3587 et
1096 3521 1294 3607 prebendam
1311 3541 1382 3588 cum
1405 3522 1626 3608 supplemento

292 3628 500 3694 ...omnino
525 3625 687 3692 dimittere
712 3632 873 3693 teneretur
897 3678 904 3692 .
928 3677 935 3692 .
959 3676 966 3690 .
1002 3628 1206 3696 Discretione
1230 3635 1335 3695 vestre
1353 3679 1360 3694 .
1379 3678 1386 3694 .
1405 3679 1412 3694 .
1430 3628 1626 3710 mandamus,

291 3735 443 3818 quatinus
468 3783 474 3799 .
500 3783 507 3798 .
532 3734 781 3798 canonicatum
805 3744 837 3799 ct
860 3735 1057 3818 prebendam
1083 3757 1153 3801 oum
1178 3737 1400 3822 supplemento
1418 3786 1425 3801 .
1444 3784 1451 3798 .
1470 3785 1477 3801 .
1495 3734 1536 3802 de
1559 3737 1626 3800 inre

291 3847 469 3907 vacantes.
489 3888 496 3905 .
515 3887 522 3903 .
541 3837 644 3905 eidem
659 3839 836 3926 Hildegero
853 3842 904 3907 vel
929 3844 1129 3926 procuratori
1152 3863 1210 3909 suo
1229 3893 1236 3908 .
1254 3892 1261 3906 .
1281 3894 1288 3908 .
1306 3843 1452 3910 conferre
1476 3850 1509 3910 ct
1528 3843 1626 3927 assig-

290 3968 368 4014 nare
392 3950 511 4014 curetis
529 3997 536 4013 .
554 3946 588 4013 .'.
635 3950 710 4014 Dat.
734 3948 832 4013 Avin.
857 3950 907 4015 III
932 3950 977 4015 kl.
1002 3951 1143 4017 octobris
1167 3972 1197 4016 a.
1222 3950 1469 4034 quintodecimo.

451 4073 523 4142 Req,
543 4071 622 4142 991'.
642 4073 700 4126 366
718 4088 765 4128 rar.
785 4073 866 4128 1913.

399 4335 513 4401 1971.
540 4337 628 4401 1330
651 4335 844 4421 September
869 4338 924 4401 30.
950 4335 1114 4423 Acipuoa.

400 4475 569 4564 [Iohannes
593 4479 706 4563 XXII]
732 4478 895 4545 Walramo
920 4479 961 4545 de
986 4480 1109 4546 luliaco
1135 4483 1290 4548 canonico
1317 4483 1500 4549 Coloniensi
1525 4482 1627 4567 capel·

291 4585 364 4650 lano
388 4590 506 4653 nostro.

396 4692 557 4761 Nobilitas
572 4693 712 4778 generis,
737 4695 804 4760 vite
822 4743 830 4760 .
849 4744 855 4759 .
874 4745 882 4761 .
929 4695 1015 4762 Sane
1038 4697 1151 4782 petitio
1168 4703 1224 4762 tua
1248 4698 1340 4764 uobis
1356 4717 1458 4783 nuper
1481 4695 1625 4762 exhibita

292 4797 490 4884 continebat,
520 4799 605 4884 qnod
629 4806 663 4866 tn
688 4801 763 4866 olim
786 4803 820 4867 iu
844 4801 1036 4870 duodecimo
1060 4804 1111 4870 vel
1136 4805 1223 4871 circa
1245 4807 1341 4871 etatis
1364 4812 1418 4870 tue
1450 4825 1533 4870 anno
1558 4824 1627 4870 eon-
1720 4793 1725 4800 ’
