3642 5509
293 388 347 448 ato
814 387 885 444 1829
903 385 1036 444 October
1054 385 1078 443 7.

292 572 444 639 stolorum
468 571 577 637 (lolon.
606 571 665 636 sub
695 569 920 656 expectatione
950 568 1113 655 prebende
1141 567 1304 654 provisum
1328 569 1506 634 extitit...
1532 587 1635 634 cassa

292 681 452 763 eththa,
487 685 581 764 prout
608 685 691 759 sunt,
724 677 793 743 fure
826 676 1027 743 decernImus
1046 727 1053 742 .
1071 723 1105 742 ..
1131 677 1283 742 Volumus
1307 677 1415 759 etiam,
1444 675 1529 759 quod
1554 697 1634 761 par-

291 787 466 853 rochialem
496 786 666 851 ecclesiam
701 786 733 848 ln
772 783 1014 869 Leychelingen
1050 805 1089 849 ac
1124 785 1333 850 canonicatus
1366 789 1399 848 et
1431 783 1634 869 prebendae,

293 915 382 978 quos,
406 900 442 959 ut
465 893 635 978 prefertur,
665 891 799 974 detines,
830 897 961 976 propter
983 892 1139 976 premissa
1162 889 1203 956 de
1228 892 1295 956 iure
1320 896 1474 957 vacantes
1497 892 1633 956 omnino

293 1000 502 1065 dimittas...
549 1001 624 1066 Dat.
648 998 743 1065 Avin.
767 1019 868 1064 nouas
892 999 1032 1065 octobris
1056 1019 1139 1063 auno
1163 998 1274 1063 XIIII.

453 1115 525 1184 ch.
544 1116 582 1168 94
600 1130 647 1168 rar.
667 1115 731 1168 469.

397 1410 511 1477 1771.
550 1412 635 1476 1329
657 1411 798 1477 October
822 1413 852 1475 7.
888 1408 1053 1498 Aoipnon.

400 1553 560 1620 Iohannes
583 1553 682 1618 XXII
710 1552 834 1619 decano
864 1559 896 1619 et
924 1553 1094 1619 scolastico
1119 1551 1153 1617 S.
1177 1551 1279 1618 Mario
1302 1550 1345 1617 ad
1369 1549 1489 1635 gradus
1514 1549 1630 1616 Oolon.

293 1682 332 1727 ac
356 1661 524 1728 Ambrosio
549 1660 590 1727 de
613 1660 796 1727 Mediolano
820 1661 975 1726 canonico
1000 1659 1172 1725 Mediolan.
1198 1659 1276 1725 cccl.
1301 1657 1443 1740 mandat,
1474 1657 1631 1740 quatinus

293 1768 486 1834 Thilmauno
519 1767 560 1834 de
584 1768 678 1834 Unua
710 1766 908 1834 subdiacono
937 1766 1047 1833 Goion.
1078 1765 1162 1832 dioc.
1190 1765 1424 1851 parrochialem
1454 1764 1630 1830 ecclesiam

292 1877 325 1941 in
347 1875 590 1961 Leycheliugen
614 1895 653 1940 ac
677 1876 885 1941 canonicatus
908 1881 942 1940 et
965 1873 1146 1960 prebendas
1170 1873 1348 1939 Bonnensis
1364 1869 1571 1938 Assindensis
1594 1877 1631 1936 et

292 1983 511 2066 Ditkirgeusis
535 1981 742 2048 ecclesiarum
767 1981 809 2047 de
832 1981 901 2047 inre
918 1987 1072 2048 vacantes
1096 1979 1241 2048 conferre
1265 1987 1298 2046 et
1314 1981 1480 2063 assignare
1505 1983 1630 2044 curent..

400 2090 472 2155 Vile
496 2110 535 2155 ac
559 2109 679 2155 morum
705 2089 855 2155 honestas
873 2137 880 2152 .
899 2138 933 2153 ..
981 2089 1056 2153 Dat.
1074 2089 1168 2154 Avin.
1193 2107 1293 2153 nonas
1317 2085 1457 2153 octobris
1481 2109 1511 2152 a.
1536 2106 1631 2170 quar·

294 2198 465 2264 todccimo.

442 2321 516 2392 Rep.
536 2322 575 2376 96
593 2312 641 2375 ar.
660 2323 745 2376 3593.

400 2580 519 2648 1⁷72.
546 2582 632 2645 1329
656 2580 795 2647 October
819 2582 849 2646 7.
878 2579 1045 2666 Avtpaoa.

398 2725 566 2791 Iohuaaer
593 2725 703 2789 XXII
738 2724 917 2790 Ihlmaaao
942 2725 982 2790 dc
1013 2726 1121 2801 Uarro,
1156 2747 1252 2811 quem
1285 2727 1476 2792 debilitavit
1509 2728 1628 2812 cuique

294 2834 429 2913 (danao)
448 2833 604 2919 providit
627 2832 668 2897 dc
685 2832 881 2917 parochiali
904 2831 1042 2897 eccleaia
1066 2833 1102 2897 io
1126 2832 1341 2919 Letclrliopea
1364 2854 1404 2899 ac
1427 2835 1468 2899 de
1492 2835 1627 2901 caconi-

294 2943 424 3007 cotibua
451 2947 483 3006 et
509 2939 689 3026 prebendis
716 2940 911 3005 Baaacaaio
934 2937 1152 3006 Aaaiodeaor'a
1176 2946 1206 3006 et
1230 2941 1499 3007 Dietho'rclreaaia
1528 2943 1627 3008 eccle-

293 3050 435 3130 ac'arum,
469 3048 605 3132 (deado)
636 3049 769 3132 confert
802 3049 1037 3112 canonicatum
1061 3048 1193 3113 ecclesie
1217 3047 1279 3114 SS.
1304 3047 1545 3134 Apostolorum
1570 3047 1627 3115 Go-

293 3157 454 3222 loaieaaia
478 3139 571 3241 eique
594 3161 745 3221 reservat
763 3155 974 3239 prebendam
997 3156 1033 3219 to
1058 3157 1174 3221 eadem
1198 3155 1345 3221 ecclesio.

401 3280 562 3347 Iohannes
578 3279 678 3345 XXII
701 3279 870 3345 Tilmanno
894 3277 936 3345 de
958 3279 1053 3346 Unna
1076 3280 1232 3345 canonico
1256 3278 1392 3346 ecclesie
1415 3279 1474 3347 SS.
1492 3280 1625 3365 Aposto-

294 3389 396 3454 lorum
420 3387 630 3454 Coloniensis.

401 3495 475 3560 Vite
504 3515 543 3560 ac
572 3516 693 3560 morum
722 3495 872 3562 honestas
901 3544 908 3559 .
939 3543 946 3560 .
976 3545 983 3560 .
1019 3494 1105 3561 Saue
1132 3516 1190 3580 pro
1214 3502 1306 3581 parte
1330 3501 1386 3561 tua
1409 3515 1511 3580 nuper
1534 3495 1625 3561 nobis

294 3603 453 3687 exposito,
477 3599 563 3684 quod
588 3608 622 3666 tu
646 3601 765 3667 dudum
784 3650 791 3667 .
810 3651 843 3666 ..
869 3600 1046 3688 (Sequitur
1070 3605 1186 3668 eudem
1209 3605 1365 3669 narratio
1390 3611 1489 3688 atque
1512 3604 1550 3668 ia
1573 3624 1625 3668 ar.

296 3711 384 3774 1770
407 3730 509 3794 coque
532 3711 609 3790 ads)
628 3756 635 3773 .
654 3757 686 3773 ..
712 3708 950 3792 reservandam,
988 3710 1143 3792 uobisque
1176 3730 1234 3795 pro
1264 3716 1296 3774 te
1320 3709 1481 3776 humiliter·
1509 3709 1628 3795 suppli·

294 3824 368 3882 cato
385 3822 420 3880 ut
436 3814 606 3899 providere
623 3816 681 3882 tibi
698 3818 729 3880 in
746 3816 962 3900 dignaremur,
987 3837 1045 3882 nos
1069 3816 1165 3882 hodIe
1183 3865 1190 3880 .
1209 3869 1215 3884 .
1235 3867 1241 3880 .
1260 3824 1292 3882 te
1309 3865 1316 3880 .
1335 3866 1342 3880 .
1361 3868 1368 3882 .
1386 3816 1626 3883 habilitavimus

296 3971 355 3988 ...
375 3923 496 4005 tibique
520 3921 644 3988 fructus
668 3923 874 4008 predictos..
893 3973 900 3988 .
918 3924 1117 3990 remisimus.
1136 3973 1143 3988 .
1163 3973 1170 3988 .
1188 3923 1338 3989 Prefatas
1362 3929 1469 3989 autem
1494 3923 1626 4006 litteras,

295 4051 352 4115 per
377 4050 456 4113 quas
479 4031 538 4096 tibi
566 4029 607 4096 dc
631 4031 823 4097 canonicatu
851 4031 884 4096 in
908 4031 997 4097 dicta
1020 4032 1159 4098 ecclesia
1183 4032 1242 4098 SS.
1265 4031 1491 4115 Apostolorum
1517 4032 1626 4098 Colou.

294 4139 353 4205 sub
377 4139 602 4222 expectatione
631 4139 794 4224 prebende
818 4140 979 4224 provisum
1011 4139 1173 4221 extiterat,
1196 4187 1203 4202 .
1223 4189 1229 4204 .
1249 4184 1255 4201 .
1274 4138 1407 4224 cassula]
1433 4144 1465 4203 ct
1486 4139 1626 4223 irritalsl,

295 4250 388 4331 prout
411 4250 513 4328 eraut,
546 4245 615 4310 fore
640 4245 923 4312 decrevimus...
960 4246 1124 4311 VoluImus
1147 4245 1255 4328 etiam,
1286 4244 1371 4328 quod
1395 4244 1626 4330 parrochialem

296 4351 464 4418 ecclesiam
489 4353 521 4417 in
545 4353 766 4439 Leychlingen
790 4373 829 4418 ac
853 4355 1062 4419 canonicatus
1086 4361 1118 4419 et
1142 4352 1333 4438 prehendas,
1358 4373 1437 4436 quos
1460 4401 1520 4419 ...
1547 4352 1627 4419 deti·

295 4459 407 4543 nobas,
424 4507 432 4523 .
450 4506 457 4520 .
476 4508 483 4523 .
501 4459 542 4525 de
565 4460 634 4526 iure
658 4467 810 4526 vacantes
828 4509 835 4526 .
853 4509 860 4526 .
878 4511 885 4524 .
902 4461 1030 4526 omnino
1055 4459 1218 4526 dimittere
1241 4461 1391 4526 tenearis.
1437 4461 1506 4528 Nos
1529 4461 1627 4544 igitur

383 4567 605 4631 canonicatum
634 4565 778 4632 eiusdem
806 4568 943 4633 ecclesie
967 4567 1025 4632 SS.
1050 4566 1275 4653 Apostolorum
1390 4567 1449 4633 tibi
1479 4567 1520 4632 de
1544 4586 1626 4633 novo

297 4672 490 4740 conferimus
508 4723 515 4737 .
533 4721 541 4737 .
559 4727 566 4741 .
584 4672 780 4758 prehendam
804 4694 880 4741 vcro
899 4723 905 4738 .
926 4723 933 4738 .
952 4726 959 4741 .
981 4675 1014 4738 in
1044 4673 1158 4740 eadem
1182 4673 1321 4740 ccclesia
1339 4723 1345 4738 .
1364 4723 1397 4739 ..
1419 4673 1478 4739 tibi
1496 4723 1503 4738 .
1522 4722 1554 4738 ..
1580 4693 1627 4739 re·

295 4801 460 4850 servamus
571 4782 805 4848 nonobstante
833 4829 892 4848 ...
919 4781 1005 4866 quod
1035 4781 1131 4848 hodie
1155 4783 1214 4848 tibi
1238 4781 1280 4848 de
1309 4781 1405 4847 dictis
1434 4780 1627 4869 parrochiali
