3642 5509
777 416 849 473 1334
867 415 942 472 Juni
961 415 1005 472 11.

329 615 454 683 2201.
481 618 567 681 1334
590 617 677 682 Juaa‘
702 618 754 680 11.
778 614 973 702 (Aeipraoa.)

332 758 505 844 [lohannes
530 758 639 842 XXII]
665 757 798 824 Iohanni
822 757 892 841 regi
918 757 1061 823 Boemie.

332 865 462 932 Pridem
486 864 624 931 dilectos
649 864 731 932 lilios
755 865 928 956 magistros
945 862 1165 929 Boemundum
1190 862 1232 928 de
1255 864 1437 949 Saraponte
1462 865 1565 930 archi·

225 971 395 1039 diaconum
421 974 654 1038 'l'rcrerensem
678 979 710 1037 et
733 971 942 1038 Guillermum
958 971 1104 1036 Pinchon
1129 971 1355 1040 cancellarium
1379 992 1418 1036 ac
1442 973 1565 1037 nobiles

225 1081 311 1147 viros
332 1079 535 1146 Ludovicum
558 1079 600 1145 de
624 1079 775 1144 Pictavia
799 1084 833 1144 et
856 1078 1031 1163 Symonem
1056 1077 1198 1164 Philippi
1223 1079 1340 1144 milites
1365 1081 1565 1146 consiliarios

225 1195 258 1254 et
280 1187 414 1254 nuncios
436 1187 544 1270 regios
567 1185 609 1252 ad
634 1195 775 1252 nostram
803 1186 999 1272 presentiam
1023 1186 1190 1251 venientes
1223 1193 1341 1268 tueque
1365 1187 1566 1254 celsitudinis

225 1295 349 1360 litteras
372 1295 413 1361 alr
431 1295 477 1361 eis
502 1300 610 1359 nostro
635 1293 832 1379 apostolatui
858 1299 1062 1378 presentatus
1085 1293 1226 1377 benigne
1251 1294 1431 1379 recepimus
1455 1301 1488 1361 et
1504 1286 1566 1379 que

224 1402 287 1487 ipsi
310 1423 369 1488 pro
392 1409 484 1487 parte
507 1401 598 1484 regia
622 1407 814 1466 curaverunt
838 1398 1015 1485 prudenter
1038 1407 1071 1466 et
1094 1400 1264 1484 eleganter
1294 1421 1474 1486 proponere
1497 1424 1568 1490 pre-

225 1507 376 1592 dicteque
400 1508 505 1573 littere
537 1507 755 1590 continebant,
786 1508 954 1592 pacienter
982 1505 1167 1574 audirimus
1192 1514 1225 1572 et
1249 1508 1466 1576 intelleximus
1496 1510 1567 1576 dili·

224 1622 348 1700 genter.
386 1613 596 1698 Tandemque
619 1613 662 1680 ad
677 1615 733 1680 illa
750 1613 792 1680 de
818 1614 952 1681 consilio
976 1614 1199 1680 nonnullorum
1216 1634 1258 1679 ex
1274 1617 1391 1682 nostris
1414 1617 1567 1686 iratribus

225 1722 353 1789 adhoc
377 1743 434 1808 per
463 1742 521 1788 nos
551 1722 736 1806 specialiter
766 1722 910 1788 evocatis
942 1721 1176 1806 respondimus,
1211 1730 1306 1809 prout
1334 1725 1422 1808 regie
1445 1726 1568 1810 magni·

226 1829 354 1896 licentie
379 1831 519 1896 breviter
543 1828 737 1895 intendimus
760 1849 818 1915 per
834 1830 918 1894 alias
935 1835 1062 1895 nostras
1085 1830 1209 1896 litteras
1224 1832 1376 1897 seriosius
1392 1832 1565 1916 explicare.

227 1938 303 2003 Dat.
330 1937 381 2002 lll
405 1935 479 2002 idus
502 1937 582 2002 iunii
606 1957 636 2002 a.
660 1937 785 2003 XVIII.

387 2060 460 2131 Rep.
481 2058 575 2129 llis.
595 2059 653 2115 225
673 2076 721 2115 ar.
741 2063 828 2126 usu,-
859 2063 910 2117 Rs.
932 2062 1015 2116 1669.

334 2358 463 2425 22⁰2.
489 2359 577 2423 1334
598 2358 686 2424 Juai
710 2359 753 2423 16
776 2359 858 2424 oder
881 2359 958 2424 Jati
982 2360 1034 2424 16.
1065 2357 1256 2445 (Auiqaou.)

335 2501 508 2586 [lohannes
537 2500 647 2584 XXII]
680 2499 816 2567 Iohanni
840 2503 910 2585 regi
936 2501 1077 2567 Boomie.

335 2608 465 2674 Dudum
490 2606 718 2673 Wormatiensi
743 2608 881 2676 ecclesie
900 2659 907 2672 .
927 2657 960 2674 ..
987 2607 1029 2674 de
1052 2629 1191 2694 persona
1208 2657 1215 2671 .
1235 2658 1269 2676 ..
1294 2611 1428 2676 Silmani
1442 2614 1477 2692 (l)
1502 2612 1568 2698 epi-

229 2717 318 2801 scopi
344 2714 570 2780 Wormatiensi
585 2763 592 2778 .
608 2763 614 2776 .
631 2764 638 2778 .
658 2714 857 2800 providimus
871 2764 925 2780 ...
951 2715 993 2780 Et
1018 2715 1094 2781 licet
1117 2717 1187 2800 ipse
1211 2716 1391 2782 huiusmodi
1416 2739 1473 2785 sue
1496 2741 1568 2805 pro·

229 2823 362 2888 visionis
386 2821 511 2888 litteras
535 2821 732 2906 apostolicas
757 2841 815 2907 per
831 2843 905 2890 suos
928 2823 1091 2889 ministros
1114 2831 1148 2890 et
1172 2835 1405 2908 procuratores,
1430 2846 1510 2908 quos
1526 2828 1568 2893 ad

230 2929 450 3014 episcopatum
475 2947 567 2993 suum
592 2928 860 2994 Wormatiensem
885 2927 1048 2994 destinare
1079 2931 1211 2995 curavit.
1235 2932 1297 2996 iam
1323 2931 1443 2998 dudum
1468 2943 1569 3000 trans·

229 3035 361 3112 miserit,
386 3054 443 3121 per
467 3033 622 3118 quosdam
647 3043 754 3101 umen
769 3085 776 3099 .
792 3083 800 3099 .
817 3085 824 3100 .
844 3035 928 3101 adeo
952 3038 1060 3101 extitit
1083 3056 1183 3119 usque
1206 3058 1291 3104 nunc
1313 3040 1567 3125 ..impeditus

230 3140 315 3227 quod
339 3142 650 3208 administrationem
673 3143 883 3227 episcopatus
908 3141 1051 3208 eiusdem
1073 3164 1137 3208 non
1160 3144 1266 3228 potuit
1288 3144 1437 3232 adipisci.
1489 3148 1568 3214 Cum

229 3256 336 3316 autem
372 3248 457 3315 idem
493 3249 664 3334 episcopus
700 3268 800 3334 nuper
835 3248 877 3315 de
913 3251 1059 3335 partibus
1089 3251 1279 3316 Alamannia
1313 3252 1356 3317 ad
1389 3253 1567 3322 Romanam

231 3358 350 3423 curiam
376 3357 508 3422 veniens
532 3363 565 3422 et
589 3356 796 3421 serenitatem
827 3361 915 3422 tuam
945 3356 1053 3422 multis
1076 3356 1205 3423 laudum
1229 3359 1390 3444 preconiis
1415 3409 1423 3425 .
1449 3411 1456 3426 .
1483 3412 1490 3428 .
1514 3383 1569 3429 ex·

231 3464 346 3530 tollens
369 3484 403 3530 se
427 3482 557 3548 sperare
581 3483 639 3548 pro
664 3461 753 3529 lirmo
777 3469 911 3547 asserat,
939 3462 1025 3546 qnod
1049 3465 1077 3529 si
1093 3470 1149 3529 tua
1172 3462 1308 3530 dextera
1330 3466 1393 3532 sibi
1416 3468 1568 3536 assistere

230 3571 368 3638 voluerit
396 3569 532 3636 viriliter
555 3570 588 3634 in
612 3569 674 3636 hac
705 3576 797 3655 parte
823 3619 830 3634 .
852 3619 860 3635 .
882 3619 889 3635 .
913 3590 1006 3638 suum
1030 3572 1251 3657 episcopatum
1278 3572 1458 3658 predictum
1482 3596 1568 3645 asse·

232 3685 355 3761 quatur,
380 3677 522 3761 regalem
539 3676 763 3743 excellentiam
785 3678 940 3744 attentius
955 3677 1177 3763 deprecamur,
1201 3680 1394 3762 quatinus..
1410 3731 1417 3747 .
1431 3682 1567 3751 eundem

232 3785 417 3871 episcopum
452 3785 583 3866 eiusque
616 3789 841 3868 procuratores
871 3792 903 3850 et
934 3784 1087 3850 familiam
1117 3784 1238 3852 habens
1266 3789 1455 3872 propensius
1483 3811 1568 3857 com·

232 3891 399 3956 mendatos
432 3889 553 3956 eisdem
587 3911 683 3975 super
718 3892 962 3976 recuperatione
986 3899 1018 3958 et
1042 3893 1244 3958 assecutione
1277 3894 1414 3979 pacifica
1445 3900 1568 3984 episco·

232 4007 328 4084 patus
351 3997 494 4064 eiusdem
510 4046 517 4062 .
532 4046 562 4063 ..
588 4005 619 4063 te
644 3998 723 4064 velis
746 3997 930 4064 munificum
954 3999 1118 4065 exhibere.
1143 4000 1219 4065 Dat.
1237 4001 1315 4066 XVI
1331 4003 1398 4069 iulii
1415 4025 1445 4071 a.
1462 4006 1568 4074 XVll.

391 4137 464 4208 aaa.
484 4137 538 4191 117
554 4135 578 4206 f.
598 4135 657 4191 aas
675 4153 723 4192 ar.
745 4139 836 4205 mo,-
854 4139 907 4194 aa.
927 4140 1010 4195 roco.

339 4423 471 4493 22⁰8.
497 4375 585 4492 1334¹
607 4429 695 4495 Jaai
720 4431 762 4493 16
785 4428 867 4496 oder
890 4430 967 4497 Jula‘
992 4434 1044 4497 16.
1069 4431 1262 4521 (Aoiqaou.)

342 4569 502 4636 lohannes
523 4570 621 4635 XXll
645 4571 888 4658 archiepiscopo
918 4573 1099 4642 Coloniensi
1123 4576 1264 4643 destinat
1288 4578 1423 4664 litteras,
1454 4580 1570 4663 quibus

234 4695 305 4743 eum
339 4683 443 4760 rogat,
480 4677 629 4760 quatinus
661 4679 835 4746 Salmanuo
868 4682 1021 4766 episeopo
1046 4683 1272 4751 Wormatiensi
1311 4686 1353 4752 ad
1391 4687 1567 4755 Romanam

234 4784 355 4850 curiam
379 4782 484 4850 redire
509 4792 623 4852 coacto
647 4787 779 4870 eiusque
802 4788 954 4870 gentibus
977 4795 1010 4855 et
1034 4790 1168 4876 familie,
1193 4812 1263 4858 cunr
1290 4814 1349 4879 per
1373 4795 1445 4861 loca
1467 4796 1570 4862 arohi-
