3642 5509
267 431 321 488 176
808 430 878 488 1329
896 431 1029 488 October
1049 431 1092 486 20.

375 613 524 679 Direetas
553 613 645 679 nobis
676 611 800 698 pridem
829 613 919 695 regie
948 612 1153 678 sublimitatis
1182 611 1306 677 litteras
1329 611 1529 698 benignitate
1553 632 1598 677 re-

269 719 412 805 cepimus
444 726 598 786 66161611
621 728 654 784 61
677 726 828 785 contenta
851 721 883 783 in
914 721 962 785 eis
994 719 1210 785 intelleximus
1243 717 1425 803 diligenter.
1472 720 1599 801 Verum,

268 827 311 891 1111
346 827 522 909 carissime,
556 827 631 910 quia
665 826 937 912 dispensationem
970 827 1002 890 in
1034 828 1078 892 eis
1103 827 1152 891 vel
1182 828 1278 891 etiam
1302 848 1323 891 a
1346 827 1454 892 multis
1484 826 1600 911 prinoi-

268 935 362 1020 pibus
385 936 418 999 11
442 954 517 1000 casu
541 935 637 999 simili
668 934 862 1019 postulatam
896 954 1057 1017 nunquam
1086 933 1182 998 alicui
1206 934 1294 999 velut
1322 935 1382 999 iuri
1407 939 1439 999 et
1463 934 1598 1018 apostoli

269 1041 329 1107 deo
352 1042 540 1107 militantem
569 1041 766 1107 secularibus
790 1061 824 1106 se
848 1041 1017 1106 inmiscere
1047 1041 1185 1124 negotiis
1209 1040 1408 1125 prohibentis
1432 1039 1520 1104 dioto
1545 1060 1599 1105 ex-

268 1169 376 1234 presse
405 1150 532 1214 obviam
562 1147 760 1213 meminimus
789 1148 996 1230 concessisse,
1029 1149 1056 1213 si
1087 1149 1148 1214 tuis
1173 1148 1332 1233 precibus,
1367 1167 1447 1230 quas
1470 1148 1599 1226 intesta,

268 1263 303 1320 ut
336 1254 505 1338 oredimus,
541 1256 695 1321 instantia
727 1256 922 1339 impetravit,
959 1276 1098 1320 annuere
1131 1257 1343 1338 nequivimus,
1379 1275 1436 1321 nes
1470 1255 1598 1334 habeat,

269 1382 447 1445 quesumus,
473 1362 664 1427 excellentia
688 1362 779 1445 regia
802 1369 973 1427 excusatos
996 1363 1029 1426 111
1053 1362 1124 1444 hiis,
1158 1382 1220 1444 qne
1245 1361 1404 1427 honestati
1429 1361 1600 1427 straboni

268 1489 408 1534 consona
437 1475 526 1533 tuum
551 1475 746 1534 concernunt
768 1468 932 1550 honorem,
963 1468 1005 1532 ad
1029 1488 1086 1534 nos
1110 1489 1273 1534 recursum
1296 1468 1489 1533 tidueialitcr
1513 1467 1600 1532 habi-

268 1583 367 1642 turus.
414 1576 489 1640 Dat.
515 1576 608 1641 Avin.
633 1576 733 1640 Xllll
756 1575 801 1640 kl.
826 1575 1010 1640 novembris
1032 1597 1062 1640 a.
1088 1575 1339 1658 quartodecimo.

428 1701 501 1770 Rep.
521 1702 575 1754 115
592 1713 638 1767 pe.
658 1699 731 1768 Hs.
750 1699 808 1752 159
826 1715 873 1753 nr.
892 1699 985 1754 1902:
1006 1701 1056 1754 Ra.
1077 1699 1157 1753 1213.

374 1971 496 2040 1⁷84.
523 1973 609 2037 1329
634 1972 774 2037 October
796 1973 850 2036 20.
875 1971 1040 2058 Aoipaou.

373 2117 534 2182 Iohannes
560 2115 660 2179 XXll
695 2113 940 2200 archiepiscopo
966 2114 1149 2180 Coloniensi
1177 2115 1320 2197 mandat,
1345 2117 1495 2198 quatinus
1519 2115 1598 2182 (161-

268 2223 380 2289 redum
405 2223 525 2288 dictum
550 2221 591 2287 de
614 2222 804 2306 ltlorkiugen
829 2223 1016 2287 canonicum
1042 2222 1126 2289 Novi
1145 2223 1330 2288 Monasterii
1347 2223 1597 2307 Herbipolensis,

267 2332 321 2414 qui
355 2329 527 2395 adheserat
560 2328 725 2394 Ludcvico
759 2329 897 2411 Bavaro,
932 2329 1078 2394 absolvat
1107 2351 1125 2393 a
1155 2330 1315 2395 sententia
1347 2331 1599 2399 exeommunica-

267 2438 373 2518 tionis,
397 2435 556 2501 abolendo
580 2456 703 2502 omnem
726 2436 857 2502 iufamie
881 2443 914 2502 et
937 2437 1149 2503 inhabilitatis
1173 2439 1329 2504 maculam
1354 2439 1394 2503 ab
1419 2437 1541 2504 eodem.

374 2543 490 2610 Oblate
519 2542 611 2608 nobis
641 2564 698 2628 pro
728 2549 821 2628 parte
846 2592 853 2608 .
879 2592 887 2608 .
913 2591 921 2608 .
969 2544 1043 2608 Dat.
1069 2544 1163 2609 Avin.
1189 2545 1271 2608 Xlll
1294 2544 1339 2609 kl.
1364 2546 1545 2611 novembris
1567 2567 1598 2610 a.

267 2650 518 2735 quartodecimo.

416 2757 489 2828 Ray.
508 2758 545 2811 95
564 2772 612 2810 ar.
631 2759 693 2810 611.

374 3042 492 3110 1785.
520 3043 607 3109 1329
629 3044 768 3109 October
790 3045 844 3109 26.
878 3041 1043 3130 Avipaoa.

370 3187 538 3252 Iohannes
562 3187 673 3250 XXII
702 3207 777 3250 6611
801 3187 951 3252 Iohanne
975 3187 1015 3251 de
1042 3181 1151 3252 Cleois
1183 3189 1309 3252 decano
1343 3189 1476 3254 66616616
1507 3185 1598 3253 Golo-

265 3295 393 3360 aiearr'a
425 3301 456 3358 61
487 3293 662 3358 scolastico
697 3292 831 3357 66616116
854 3295 1055 3378 1169661116
1089 3295 1273 3379 disperaset,
1307 3302 1344 3359 61
1362 3316 1428 3379 per
1452 3296 1597 3360 alterum

266 3403 436 3467 biennium
459 3421 527 3464 aon
551 3407 706 3465 terreatur
728 3421 763 3464 oe
785 3401 899 3484 fucere
918 3402 1113 3485 promoueri
1136 3401 1182 3465 ud
1205 3421 1320 3466 sacros
1343 3403 1488 3466 ordines.

374 3542 546 3626 [Iohannes
569 3541 680 3626 XXII]
717 3541 851 3607 Iohanni
881 3541 922 3608 de
946 3543 1053 3610 Olevis
1085 3543 1210 3610 decano
1244 3542 1458 3610 6661116161.
1492 3542 1597 3628 capel-

265 3651 339 3716 lano
363 3650 483 3735 papali.

372 3757 442 3821 Tne
465 3755 658 3822 sinceritatis
681 3755 818 3823 affectus
835 3806 842 3821 .
858 3805 887 3822 ..
904 3758 1056 3824 nobilitas
1072 3760 1200 3843 generis
1217 3807 1224 3820 .
1240 3807 1269 3824 ..
1296 3756 1423 3823 Dudum
1439 3757 1597 3840 siquidem

266 3885 307 3930 ex
329 3869 422 3949 parte
445 3870 501 3928 tua
524 3863 615 3928 nohis
638 3862 796 3948 exposito,
827 3862 913 3946 quod
941 3885 1000 3931 nos
1023 3865 1097 3930 olim
1122 3866 1266 3931 volentes
1290 3871 1323 3929 16
1345 3864 1496 3949 prosequi
1525 3885 1598 3948 gra-

266 3973 358 4053 tiose,
383 3978 499 4053 tecum,
524 3971 577 4053 qui
602 3971 635 4035 in
658 3971 832 4037 minoribus
855 3977 980 4036 tantum
1004 3991 1076 4037 eras
1099 3971 1264 4037 ordinibus
1287 3973 1489 4055 constitutus,
1514 3972 1598 4037 sieut

266 4076 372 4143 adhuc
393 4077 515 4160 existis,
538 4098 594 4163 per
613 4084 740 4144 nostras
756 4076 949 4144 duxeramus
967 4079 1044 4144 certi
1062 4079 1181 4145 tenoris
1198 4079 1320 4144 litteras
1337 4077 1596 4162 dispensandum,

264 4191 301 4250 ut
323 4183 447 4249 ratione
471 4183 657 4268 decanatus,
687 4204 780 4267 quern
804 4186 837 4250 in
861 4185 999 4251 ecclesia
1024 4185 1206 4251 Coloniensi
1230 4185 1409 4268 obtinebas,
1433 4184 1597 4250 11611611-

265 4290 329 4356 huc
352 4290 487 4374 obtines,
520 4289 562 4355 ad
590 4311 699 4358 sacros
729 4290 857 4357 ordines
881 4310 981 4374 usque
1006 4291 1049 4356 ad
1072 4292 1152 4356 certi
1176 4291 1328 4376 temporis
1352 4292 1497 4376 spacium
1521 4297 1596 4357 tnnc

265 4417 329 4463 non
352 4397 452 4482 elapsi
478 4398 658 4482 promoveri
680 4399 810 4463 minime
827 4399 991 4482 tenereris,
1016 4405 1111 4482 teque
1128 4418 1168 4464 ex
1185 4419 1233 4480 eo,
1258 4397 1343 4480 quod
1366 4399 1451 4464 infra
1475 4398 1596 4465 dictum

265 4509 400 4590 tempus,
426 4506 516 4571 cuius
538 4504 619 4588 finis,
643 4512 678 4570 ut
702 4505 870 4572 asserebas
886 4507 931 4588 (l),
956 4505 1098 4571 instabat
1122 4505 1164 4571 ad
1188 4505 1368 4571 huiusmodi
1393 4504 1513 4572 ordinis
1533 4526 1596 4571 non

264 4617 394 4695 poteras
419 4610 552 4677 comode
575 4611 684 4677 facere
707 4613 898 4697 promoveri,
929 4611 1022 4678 nohis
1046 4611 1209 4678 humiliter·
1231 4612 1443 4697 supplicante,
1467 4619 1596 4699 11116-

265 4716 375 4783 videre
399 4717 458 4782 tibi
481 4739 577 4803 super
600 4718 663 4784 hoc
686 4717 727 4783 de
751 4724 907 4803 oportuno
932 4717 1073 4784 remedio
1098 4719 1313 4804 dignaremur,
1338 4739 1395 4784 nos
1410 4768 1417 4783 .
1432 4768 1439 4785 .
1455 4769 1462 4784 .
1480 4726 1594 4803 tecum,

265 4831 300 4893 ut
332 4825 455 4890 rationo
488 4824 567 4890 dieti
600 4824 777 4892 decanatus
810 4845 910 4909 usque
940 4825 983 4890 ad
1013 4826 1183 4892 triennium
1208 4848 1228 4892 a
1252 4826 1313 4892 fine
1342 4824 1421 4893 dicti
1444 4828 1594 4912 temporis
