3642 5509
282 391 336 455 242
825 396 894 452 1329
913 390 996 453 littra
1014 391 1058 452 27.

373 580 454 645 Tam
471 599 528 664 per
543 579 778 663 inquisitionem
795 585 901 664 perte
917 578 1107 644 anctoritate
1123 575 1286 642 ordinaria
1302 576 1444 642 habitam
1460 576 1616 658 nobisque

284 708 342 773 per
367 693 399 751 te
425 687 643 753 transmissam
670 705 764 768 qnam
791 706 848 771 per
864 684 1048 770 indaginem
1067 683 1267 770 postmodum
1284 683 1493 750 demandato
1509 692 1617 750 nostro

283 797 315 860 in
331 794 478 859 Romana
502 793 591 860 curia
615 798 802 859 renovatam
818 799 851 857 et
867 793 964 858 etiam
981 811 1039 876 per
1055 791 1287 857 confessionem
1314 791 1475 875 quondam
1490 791 1616 856 Ekardi

283 902 434 984 doctoris,
466 907 501 965 ut
525 901 637 982 fertur,
670 919 761 965 sacre
786 899 904 984 pagine
929 919 968 964 ao
991 898 1185 983 professoris
1208 898 1330 964 ordinis
1353 899 1487 965 fratrum
1506 898 1617 964 Predi-

284 1015 427 1074 catorum
460 1009 673 1093 comperimus
707 1006 872 1072 evidenter
903 1026 975 1072 eum
1006 1006 1192 1091 predicasse
1215 1007 1381 1090 scripsisse
1404 1014 1436 1071 et
1460 1004 1618 1090 dogmati-

284 1135 374 1181 zasse
398 1114 565 1180 nonnullos
589 1113 742 1179 articulos
766 1119 878 1178 contra
903 1111 1096 1178 catholicam
1121 1115 1300 1196 veritatem,
1331 1133 1464 1195 quorum
1493 1113 1618 1196 aliquos

284 1228 435 1305 tanquam
466 1221 635 1303 hereticos,
670 1218 826 1304 quosdam
849 1239 927 1287 vero
957 1226 1118 1302 tamquam
1146 1220 1230 1285 male
1257 1227 1409 1285 sonantes
1432 1221 1618 1285 temerarios

285 1336 318 1395 et
340 1336 507 1414 suspectos
531 1329 571 1394 de
595 1327 699 1393 heresi
716 1327 757 1392 de
774 1327 908 1393 fratrum
934 1335 1111 1392 nostrorum
1136 1329 1269 1394 consilio
1286 1326 1508 1412 dampnandos
1527 1328 1618 1392 duxi·

284 1455 355 1502 mus
378 1456 416 1501 ac
445 1437 543 1500 etiam
575 1433 795 1520 reprobandos
819 1453 858 1499 ac
882 1433 1106 1500 nichilominus
1140 1441 1252 1499 contra
1284 1434 1366 1516 illos,
1401 1433 1454 1518 qui
1488 1434 1616 1501 eosdem

284 1542 437 1609 articulos
470 1542 677 1627 pertinaciter
709 1539 885 1606 defendere
919 1541 970 1606 vel
1006 1541 1186 1626 approbare
1218 1549 1454 1626 presumerent,
1488 1541 1618 1607 manda·

285 1652 387 1715 vimus
419 1647 669 1734 procedendum,
706 1655 798 1734 prout
821 1649 853 1713 in
877 1647 992 1713 litteris
1022 1649 1139 1714 nostris
1172 1647 1248 1712 iude
1280 1648 1447 1730 confectis,
1485 1669 1616 1732 quarum

286 1765 428 1822 tenorem
453 1756 493 1822 dc
518 1756 615 1822 verbo
640 1754 838 1820 adverbum
862 1754 1065 1840 presentibus
1093 1756 1189 1820 inseri
1220 1754 1364 1836 fecimus,
1397 1755 1521 1839 plenius
1544 1774 1615 1821 corr·

285 1864 413 1930 tinetnr.
460 1862 620 1941 Quocirca
654 1862 851 1927 fraternitati
885 1869 940 1928 tue
971 1881 1029 1947 per
1060 1861 1240 1946 apostolica
1268 1863 1390 1946 scripta
1419 1862 1617 1945 mandamus,

286 1971 436 2054 quatinus
459 1978 602 2036 tenorem
625 1968 816 2054 predictum,
852 1974 1023 2053 postquam
1047 1989 1119 2033 euur
1143 1968 1316 2052 diligenter
1338 1969 1526 2053 inspexeris,
1561 1988 1619 2052 per

287 2084 320 2143 te
335 2078 388 2144 vel
405 2097 461 2162 per
486 2078 582 2141 alium
605 2095 663 2142 seu
686 2077 768 2141 alios
785 2077 815 2139 in
841 2074 904 2141 tuis
929 2074 1061 2141 civitate
1083 2074 1205 2140 diocesi
1230 2083 1262 2140 et
1285 2076 1451 2159 provincia
1474 2076 1619 2161 publices

286 2190 318 2249 et
342 2183 445 2250 iacias
468 2183 676 2268 solempniter
699 2182 867 2266 publicari,
900 2188 936 2247 ut
968 2201 1026 2268 per
1058 2182 1307 2267 publicationem
1338 2181 1518 2249 huiusmodi
1548 2184 1621 2249 sim·

286 2289 419 2376 plicinm
443 2288 552 2371 corda,
587 2290 642 2372 qui
666 2289 807 2354 laciliter
830 2288 1037 2372 seducuntur,
1070 2295 1102 2352 et
1130 2289 1269 2353 maxime
1297 2289 1354 2371 illi,
1390 2290 1505 2372 quihus
1534 2289 1618 2354 idem

286 2395 448 2480 Ekardus,
473 2397 548 2461 dum
572 2398 664 2478 vixit,
689 2395 852 2481 predictos
876 2396 1029 2462 articulos
1053 2395 1244 2481 predicavit,
1274 2395 1434 2462 erroribus
1462 2397 1619 2462 contentis

287 2505 319 2568 in
344 2505 390 2570 eis
414 2504 542 2569 minime
565 2503 756 2568 imbuantur.
811 2503 920 2568 Tenor
942 2509 1048 2572 auteur
1073 2502 1230 2568 dictarum
1254 2503 1430 2568 litterarum
1456 2503 1529 2569 talis
1552 2510 1617 2569 est:

288 2610 447 2676 Iohannes
471 2610 641 2694 episcopus
664 2629 775 2675 servus
798 2629 962 2675 servorum
986 2609 1048 2675 dei.
1081 2608 1133 2674 Ad
1150 2616 1337 2694 perpetuam
1361 2610 1407 2675 rei
1423 2612 1618 2676 memoriam.

287 2717 325 2780 ln
350 2738 429 2802 agro
454 2715 625 2798 dominico,
650 2717 739 2782 cuins
762 2716 1049 2800 dispositione...
1069 2719 1214 2797 (Tectae
1236 2717 1414 2782 uniuersos
1437 2739 1513 2783 caru
1536 2721 1618 2783 arti·

288 2824 373 2889 culis
397 2845 418 2889 a
441 2845 529 2909 pape
552 2825 753 2908 reprobatus
770 2825 902 2908 publici
925 2825 1012 2888 iuria
1036 2832 1084 2889 eat
1104 2826 1222 2909 fuctus
1244 2846 1266 2888 α
1291 2825 1329 2887 Ρ.
1358 2824 1402 2888 Η.
1425 2825 1559 2910 Dcaiflc
1582 2827 1619 2889 ic

289 2931 483 3015 Zeitschrift
513 2931 575 3016 Γᾶν
604 2930 775 2995 deutschcc
799 2927 984 3010 Altcrtum)
1003 2979 1010 2994 .
1026 2978 1055 2994 ..
1103 2929 1256 2996 Volumus
1280 2937 1389 2997 notum
1413 2950 1493 3014 esse,
1519 2930 1615 3014 quod,

287 3044 382 3121 prout
418 3043 543 3102 constat
579 3055 635 3121 per
669 3035 833 3121 publicum
868 3038 1113 3102 instrumentum
1140 3035 1216 3101 inde
1248 3038 1441 3121 confectum,
1474 3038 1620 3123 prefatus

287 3143 438 3210 Ekardus
471 3144 503 3208 in
535 3142 598 3210 fine
621 3143 689 3208 vite
721 3162 777 3209 suc
805 3142 900 3208 iidem
925 3142 1116 3213 catholicam
1141 3143 1293 3227 profitens
1317 3143 1480 3229 predictos
1504 3147 1619 3234 viginti

287 3270 344 3316 sex
368 3250 530 3333 articulos,
565 3270 644 3332 qnos
673 3270 708 3317 se
734 3249 919 3334 predicasse
943 3251 1060 3333 extitit,
1094 3250 1259 3316 confessus
1283 3271 1408 3317 necnon
1432 3271 1620 3335 quecunque

286 3357 351 3424 alia
384 3377 444 3442 per
473 3377 544 3422 eum
573 3359 695 3442 scripta
724 3364 757 3421 ct
786 3355 883 3422 docta
916 3358 985 3422 sive
1013 3358 1046 3421 in
1069 3356 1166 3422 scolis
1189 3357 1258 3422 sive
1281 3359 1314 3422 in
1337 3357 1619 3442 predicationibus,

289 3483 351 3547 que
374 3471 505 3548 possent
528 3483 685 3547 generare
708 3463 741 3528 in
765 3463 924 3529 mentibus
948 3462 1090 3528 fidelium
1114 3483 1240 3530 sensum
1266 3463 1441 3531 hereticum
1464 3467 1515 3532 vel
1539 3485 1621 3532 erro·

289 3589 384 3635 neum
407 3590 447 3635 ac
471 3588 546 3636 vere
569 3567 644 3634 fidei
668 3570 840 3653 inimicum,
866 3576 1017 3652 quantum
1042 3569 1085 3635 ad
1108 3570 1195 3635 illnm
1219 3590 1347 3637 sensum
1370 3573 1619 3639 revocaavit...

291 3677 366 3741 Dat.
390 3677 486 3743 Arin.
514 3677 557 3741 Vl
580 3675 626 3740 kl.
650 3676 761 3760 aprilis
785 3697 816 3763 p.
834 3698 864 3743 n.
881 3699 912 3743 a.
937 3677 1175 3743 terciodecimo.

439 3817 511 3889 Περ.
531 3817 570 3871 89
586 3816 610 3886 f.
629 3817 649 3871 2
667 3833 716 3871 ar.
735 3819 762 3872 5.

397 4088 516 4157 1704.
554 4091 641 4156 1329
664 4091 764 4158 Mdra
787 4091 840 4157 27.
877 4089 1044 4178 Aoipaoa.

395 4233 556 4300 lohannes
583 4234 682 4300 XXII
717 4235 880 4320 preposito
916 4235 1053 4301 ecclesie
1081 4233 1121 4318 ,8.
1150 4236 1297 4303 Severini
1331 4236 1442 4303 Colon.
1477 4235 1620 4320 mandat,

288 4341 438 4424 quatinus
472 4337 698 4408 Gevchardum
732 4341 772 4406 de
797 4341 972 4407 Bortvelde
1001 4348 1223 4427 preceptorem
1256 4343 1421 4410 domorum
1452 4343 1620 4430 hospitalis

288 4448 322 4513 S.
346 4446 500 4514 Iohannis
523 4448 768 4515 lerosohmitani
798 4448 832 4512 in
867 4448 1012 4514 Saxonis
1045 4447 1191 4515 Marchia
1218 4456 1251 4515 et
1286 4450 1408 4518 Slavvia
1442 4451 1620 4518 consisten-

288 4555 367 4618 tinm
390 4574 448 4639 per
472 4573 639 4621 censuram
663 4555 916 4621 ecclesiasticam
945 4555 1126 4640 compellat,
1155 4558 1305 4624 invocato
1329 4556 1370 4623 ad
1395 4557 1467 4641 hoc,
1491 4559 1518 4624 si
1542 4577 1621 4644 opus

289 4660 394 4744 fuerit,
433 4661 553 4727 auxilio
586 4661 709 4728 brachii
743 4661 906 4744 secularis,
942 4661 985 4727 ad
1012 4662 1276 4730 satisfaciendum
1308 4667 1405 4732 Petro
1428 4664 1470 4731 de
1493 4665 1621 4750 Ungula

290 4768 389 4854 priori
428 4767 540 4836 domus
574 4768 758 4836 Tholosane
793 4769 962 4854 hospitalis
996 4769 1135 4855 predicti
1170 4773 1347 4858 apostolice
1381 4771 1468 4839 sedis
1506 4774 1621 4839 nuncio
