3642 5509
271 397 323 451 sas
820 399 889 455 rost
907 398 1031 471 August
1051 401 1094 456 ra

269 578 358 643 licite
381 579 505 665 possint
529 599 706 664 remanere,
730 581 851 666 prolem
869 586 1053 666 susceptam
1077 589 1110 647 et
1126 579 1364 668 suscipiendam
1390 583 1507 649 exinde
1531 583 1607 666 legi·

273 684 382 751 timum
406 686 600 752 nunciando.

378 793 495 860 Oblate
518 795 610 860 nobis
634 815 692 880 pro
717 802 810 880 parte
835 845 842 860 .
869 845 875 860 .
900 844 907 858 .
956 797 1032 862 Dat.
1057 796 1198 862 Arinv
1222 796 1266 862 hl.
1291 798 1419 881 augusti
1447 818 1477 863 a.
1501 798 1607 863 tertio.

419 919 493 988 Ray.
513 918 569 972 124
588 933 635 974 ur.
655 921 721 974 434.

309 1288 314 1300 Ι
378 1208 505 1276 2295.
534 1212 619 1275 1337
643 1208 776 1297 Aupaat
801 1212 853 1275 12.
879 1207 1044 1297 Avipuoa.

378 1353 584 1438 [Benedictus
607 1354 685 1438 XII]
710 1353 837 1420 dilectis
859 1353 933 1421 filiis
956 1355 1120 1441 magistris
1144 1356 1284 1441 Guigoni
1318 1355 1359 1422 de
1382 1355 1503 1422 Sancto
1527 1357 1608 1422 Ger·

271 1481 364 1526 mano
380 1461 560 1528 Aniciensis
584 1467 617 1526 et
641 1460 777 1530 Nicolao
799 1461 935 1548 Capotie
951 1461 992 1528 de
1008 1463 1087 1528 urbe
1103 1463 1216 1530 Sancti
1232 1463 1407 1530 Audomari
1430 1461 1472 1529 de
1487 1463 1608 1530 Sancto

272 1567 455 1633 Andomaro
495 1569 684 1635 Morinensis
723 1568 806 1636 dioc.
846 1569 1054 1637 ecclesiarum
1094 1571 1268 1656 prepositis
1305 1572 1483 1659 apostolice
1520 1569 1608 1638 sedis

273 1677 407 1742 nunciis.

378 1783 507 1850 Dudum
541 1783 582 1850 dc
610 1784 824 1852 solicitudinis
848 1794 955 1852 vestre
988 1785 1158 1870 diligentia
1187 1792 1220 1852 et
1252 1784 1418 1852 fidelitatis
1449 1782 1608 1850 industria

271 1891 397 1977 plenam
421 1892 453 1956 in
477 1891 606 1959 domino
629 1892 778 1959 fiduciam
803 1893 984 1960 obtinentes
1010 1914 1068 1960 vos
1090 1893 1133 1960 ad
1159 1895 1328 1960 ecclesiam
1352 1901 1385 1958 et
1408 1891 1607 1977 provinciam

271 1999 490 2082 Magantinam
514 2022 571 2085 pro
597 2002 693 2066 certis
716 2008 749 2066 et
772 1999 881 2068 arduis
904 2001 1045 2086 negotiis
1069 2001 1218 2067 duximus
1242 1999 1460 2082 destinandos,
1485 2019 1608 2082 vosque

271 2105 314 2172 ad
330 2115 439 2192 partes
455 2107 528 2172 illas
544 2107 755 2192 personaliter
770 2105 964 2174 accedentes
987 2109 1020 2174 in
1041 2108 1266 2193 premissorum
1284 2107 1483 2180 executione,
1507 2126 1605 2189 quan·

272 2220 337 2278 tum
362 2212 395 2278 in
418 2215 510 2280 vohis
537 2214 608 2296 init,
644 2213 770 2279 solicite
805 2220 837 2278 et
860 2212 998 2280 fideliter
1032 2215 1213 2281 laborastis.
1261 2215 1341 2280 Cum
1377 2219 1486 2279 autem
1509 2211 1606 2279 certis

272 2339 312 2384 ex
330 2319 435 2386 causis
451 2319 604 2405 expedire
621 2319 800 2401 credamus,
825 2320 910 2403 quod
928 2341 985 2388 vos
1001 2321 1044 2386 ad
1067 2321 1176 2388 sedem
1197 2322 1408 2408 apostolicam
1432 2319 1474 2385 dc
1497 2327 1608 2386 nostra

273 2427 404 2492 lieentia
437 2425 588 2509 redeatis,
619 2426 710 2492 vobis
738 2425 780 2492 ad
804 2426 913 2493 sedem
937 2428 1093 2495 redeundi
1116 2429 1276 2514 prefatam
1300 2429 1473 2512 benignam
1496 2435 1607 2492 tenore

273 2535 467 2618 presentium
492 2533 654 2599 licentiam
679 2533 888 2619 impertimur.
935 2535 1014 2601 Dat.
1031 2535 1126 2601 Avin.
1151 2537 1183 2602 ll
1207 2535 1279 2602 idus
1302 2535 1430 2620 augusti
1454 2556 1484 2601 a.
1502 2535 1606 2600 tertio.

433 2651 508 2720 Περ.
527 2651 581 2705 124
599 2665 648 2705 nr.
669 2651 716 2715 13,·
736 2652 788 2706 Ra.
808 2652 890 2706 1895.

376 2919 523 2989 *229ss
549 2925 635 2988 1337
659 2920 791 3009 Aapust
815 2926 867 2990 13.
892 2922 1057 3012 Aoipmm

381 3059 578 3128 Benedictus
601 3061 667 3127 XII
691 3061 935 3149 archiepiscopo
959 3064 1110 3130 Iannonsi
1140 3070 1173 3129 et
1195 3064 1348 3150 episcopo
1371 3062 1544 3129 Leodiensi
1567 3083 1608 3128 ac

273 3168 382 3235 abbati
417 3170 603 3235 monasterii
635 3169 668 3236 S.
693 3171 804 3236 Iacchi
827 3169 1019 3237 Leodiensis
1051 3169 1194 3255 mandat,
1231 3171 1381 3254 quatinus
1404 3169 1607 3236 Theoderico

273 3275 401 3344 domino
426 3276 466 3342 de
491 3277 684 3361 Heynsberg
713 3284 746 3342 et
770 3276 912 3362 capitulo
942 3278 1080 3345 ecclesie
1102 3277 1293 3344 Leodiensis
1315 3277 1461 3344 inhibere
1484 3283 1606 3360 curent,

273 3401 313 3447 ne
329 3383 489 3468 pendente
514 3384 570 3450 lite
594 3383 636 3449 de
652 3383 805 3450 comitatu
821 3383 959 3450 Losensi
982 3386 1159 3468 antiquitus
1174 3385 1343 3470 Haspigau
1359 3391 1476 3450 vocato
1500 3404 1607 3449 coram

273 3511 359 3575 papa
393 3491 547 3557 alterutra
581 3491 719 3577 partium
754 3491 787 3556 in
816 3490 1029 3575 preiudicinm
1064 3491 1196 3557 alterius
1231 3499 1402 3576 attemptet
1435 3493 1607 3575 quicquam

273 3596 395 3663 directe
424 3599 476 3662 vel
508 3598 665 3664 indirecte
699 3617 795 3680 super
828 3601 1029 3684 possessione
1063 3619 1120 3664 sen
1156 3619 1233 3664 cura
1257 3599 1307 3664 vel
1340 3598 1496 3684 regimine
1528 3597 1608 3665 dicti

275 3706 454 3772 comitatus.

381 3812 464 3879 Olim
488 3812 742 3898 significantibus
764 3814 856 3881 nobis
881 3863 889 3878 .
916 3863 924 3878 .
950 3861 958 3879 .
998 3814 1073 3881 Dat.
1098 3813 1192 3879 Asin.
1218 3813 1290 3880 idus
1313 3814 1441 3897 augusti
1464 3834 1496 3899 p.
1520 3833 1552 3877 n.
1576 3835 1606 3878 a.

275 3921 379 3986 tertio.

436 4027 590 4082 Bormum
614 4029 641 4082 et
666 4026 908 4095 Schoohueatera
938 4025 1112 4083 cartulaire
1140 4027 1177 4081 de
1205 4025 1319 4098 l'epliae
1337 4027 1380 4082 St.
1399 4028 1543 4082 Lambert
1570 4026 1609 4081 de

435 4115 535 4189 Diope,
554 4117 606 4171 ΙΙΙ
620 4133 667 4170 nr.
687 4117 768 4170 1213.
800 4114 844 4185 Of.
863 4115 981 4173 ibidem
999 4133 1028 4170 n.
1048 4119 1065 4170 1
1084 4118 1112 4170 et
1130 4131 1178 4170 ur.
1197 4116 1283 4171 1226.

379 4405 507 4473 229⁷.
534 4408 619 4472 1337
644 4404 777 4492 Aupust
800 4409 853 4472 24.

383 4549 563 4615 Walramus
579 4548 841 4635 archiepiscopus
852 4548 1054 4616 coloniensis
1070 4549 1184 4633 recipit
1200 4549 1309 4615 literas
1325 4546 1532 4614 aBencdicto
1542 4546 1609 4611 XII

275 4657 336 4723 sibi
360 4657 530 4722 novissime
554 4655 743 4724 destinatas.
783 4659 860 4737 (Nr.
884 4659 996 4739 2294.)

439 4779 525 4852 Coos.
544 4797 592 4835 nr.
612 4780 698 4836 2299.
