3642 5509
773 453 841 510 lass
860 452 1030 511 December
1047 453 1091 508 21.

337 632 459 700 1583.
485 636 573 699 1328
592 633 775 700 December
797 637 850 698 21.
884 633 1048 722 Aoipnoa.

342 774 513 859 [lohannes
530 776 642 861 XXII]
669 777 808 842 Henrico
832 777 1076 863 archiepiscopo
1101 778 1291 844 Coloniensi.

344 882 406 948 Pro
440 882 568 949 dilectis
600 883 727 950 filiabus
759 885 791 950 11
825 883 962 965 Christo,
997 883 1135 967 quadam
1170 885 1211 949 de
1245 884 1365 970 oppido
1401 884 1573 967 Bunnensi,

240 989 402 1073 quemad
432 990 553 1056 factam
578 992 671 1057 nobis
695 1013 752 1077 pro
777 993 847 1077 ipsa
871 992 1116 1077 supplicationis
1139 993 1323 1058 instantiam
1348 993 1380 1057 in
1405 990 1575 1058 monialem

235 1096 399 1162 cuiusdam
425 1098 609 1163 monasterii
635 1119 734 1183 prope
758 1120 865 1166 muros
888 1097 1031 1167 eiusdem
1056 1099 1167 1184 oppidi
1192 1099 1233 1164 ab
1257 1100 1331 1163 olim
1356 1098 1507 1165 iussimus
1530 1095 1573 1163 ad

234 1206 460 1270 monasterium
493 1204 581 1270 aliud
607 1206 902 1288 transferendam,
932 1214 966 1273 et
990 1206 1115 1292 Aleyde
1137 1206 1304 1272 abbatissa
1333 1206 1476 1273 eiusdem
1508 1227 1573 1271 mo·

234 1311 365 1378 casterii
390 1312 532 1377 reditura
556 1311 598 1376 de
613 1319 724 1380 nostra
743 1315 874 1379 licentia
890 1313 933 1379 ad
949 1315 1177 1380 monasterium
1195 1312 1236 1379 de
1253 1313 1353 1381 Orrco
1372 1314 1574 1378 Treverensc

235 1417 356 1485 ordinis
380 1419 413 1485 S.
441 1420 623 1502 Augustini,
656 1421 711 1485 ubi
744 1428 820 1485 tunc
853 1420 1000 1486 monialis
1032 1422 1174 1486 existens
1204 1417 1413 1486 enutritiisb
1449 1439 1573 1486 secere

236 1532 335 1607 verat,
364 1525 460 1592 solita
484 1527 684 1610 benignitate
713 1528 892 1612 recepimus
916 1527 1128 1593 lratcmitatis
1157 1534 1211 1592 tue
1236 1527 1359 1592 litteras
1383 1527 1573 1592 inculcatas.

234 1633 319 1698 Sane
343 1640 378 1697 ut
402 1638 464 1706 tuo,
489 1632 598 1714 frater,
634 1633 675 1698 de
708 1632 933 1699 transferenda
965 1634 1095 1699 moniali
1128 1633 1191 1698 iarn
1221 1632 1310 1703 dicta
1333 1633 1570 1699 satisfaciamus

234 1739 376 1823 affectui,
410 1759 561 1824 procures
594 1741 693 1826 prius,
727 1740 813 1824 quod
847 1743 918 1826 ipsa
951 1740 1153 1807 translationi
1185 1740 1365 1806 consentiat
1394 1738 1566 1825 postulate.

235 1848 284 1912 De
308 1846 474 1913 abbatissa
497 1867 574 1913 vero
609 1848 745 1933 prefata,
779 1849 855 1932 quia
886 1868 947 1914 nec
980 1847 1075 1914 decet
1107 1867 1211 1930 neque
1240 1849 1461 1913 consuevimus
1492 1846 1573 1912 talia

236 1952 356 2035 lacere,
392 1960 487 2039 prout
520 1953 600 2019 alias
633 1955 692 2020 tibi
725 1955 927 2040 rescripsisse
958 1953 1139 2035 recolimus,
1167 1953 1272 2019 eidem
1297 1951 1494 2018 fraternitati
1518 1959 1572 2017 tne

239 2057 345 2125 denuo
370 2079 570 2127 excusamus.
606 2060 681 2126 Dat.
705 2059 770 2126 XII
795 2060 839 2125 kl.
865 2061 1000 2126 ianuarii
1025 2081 1055 2127 a.
1081 2058 1319 2126 terciodecimo.

396 2185 468 2254 Ray.
489 2187 543 2238 115
556 2199 606 2254 ps.
626 2184 645 2237 1
659 2184 685 2254 f.
704 2185 750 2240 941
768 2201 816 2239 rar.
835 2185 909 2250 53¹7,·
930 2185 982 2240 Re.
1002 2184 1085 2238 1103.

341 2470 465 2536 1584.
500 2471 587 2535 1328
613 2469 802 2537 December
826 2474 879 2536 22.
907 2468 1072 2557 Aoipaon.

338 2614 499 2680 lohannes
525 2613 624 2679 XXII
660 2614 693 2680 S.
723 2614 929 2680 Pantaleonis
963 2613 1075 2680 Gelon.
1110 2622 1143 2678 et
1178 2613 1209 2678 S.
1246 2613 1385 2679 Cornelii
1421 2610 1568 2678 Indensis

234 2719 344 2787 Golon.
379 2718 464 2787 dioc.
500 2721 762 2788 monasteriorum
795 2721 968 2787 abbatibus
1000 2741 1040 2786 ac
1073 2722 1226 2805 magistro
1256 2719 1425 2786 Ambrosio
1460 2719 1501 2784 dc
1534 2718 1566 2784 la

235 2828 380 2912 Mayrola
414 2831 569 2894 canonico
601 2825 831 2895 Mediolanensi
865 2825 1007 2905 mandat,
1042 2828 1191 2910 quatinus
1214 2827 1349 2892 Mariam
1381 2833 1489 2893 111111
1517 2825 1568 2891 Io

234 2933 349 3002 hannis
381 2933 460 3001 dicti
484 2935 574 3020 Pape
606 2934 775 3001 monialem
808 2935 994 3001 monasterii
1027 2935 1060 2999 in
1093 2933 1239 3019 Rindorp
1272 2932 1342 2999 ord.
1375 2933 1410 3000 S.
1443 2930 1566 2999 Bened.

234 3041 343 3107 Gelon.
366 3040 450 3108 dioc.
483 3043 665 3129 cupientem
697 3040 739 3108 ad
773 3043 1000 3108 monasterinm
1024 3041 1060 3107 B.
1087 3041 1188 3107 Maris
1211 3040 1245 3105 in
1268 3040 1429 3126 Capitolio
1453 3039 1565 3106 Gelon.

234 3147 314 3214 dicti
346 3147 468 3216 ordinis
498 3149 531 3214 in
564 3149 673 3214 tutiori
696 3149 767 3215 loco
791 3149 954 3232 situatum,
987 3149 1020 3213 in
1044 3168 1109 3232 qua
1131 3149 1221 3232 viget
1244 3146 1451 3214 observantia
1474 3165 1567 3230 regu·

233 3255 321 3339 laris,
345 3255 473 3322 domino
496 3254 656 3339 famulari,
680 3255 874 3322 transferant
897 3253 941 3320 ad
965 3255 1027 3321 hoc
1049 3255 1285 3323 monasterium.

341 3363 408 3429 lllis
431 3362 568 3429 libenter
590 3363 735 3448 personis
760 3412 767 3428 .
792 3410 801 3431 .
827 3411 835 3428 .
881 3363 957 3429 Dat.
975 3362 1069 3428 Asin.
1094 3362 1143 3428 XI
1168 3362 1212 3427 kl.
1236 3359 1373 3426 ianuarii
1397 3380 1426 3425 a.
1452 3359 1567 3426 tercio·

234 3469 370 3536 decimo.

394 3595 466 3665 Rep.
487 3594 526 3650 90
542 3594 567 3665 f.
587 3593 644 3649 152
663 3609 710 3648 nr.
730 3595 810 3649 1415.

342 3881 465 3947 1585.
493 3883 862 3948 1328111111111122.
887 3879 1053 3968 Acipaoa.

342 4025 510 4090 Iohannes
531 4025 638 4090 XXII
664 4024 848 4091 senecam
872 4025 913 4090 de
937 4024 1083 4091 Mirlaer
1106 4025 1271 4090 habilitat.

343 4145 513 4231 [lohannes
537 4148 648 4233 XXII]
682 4148 824 4215 Henrico
857 4146 898 4213 de
927 4149 1077 4214 Mierlaer
1109 4156 1185 4214 nato
1215 4147 1324 4214 Iacobi
1355 4146 1397 4214 de
1421 4146 1569 4214 ldierlaer

234 4254 345 4320 militis
369 4255 487 4322 elerico
510 4254 702 4344 Leodiensis
725 4254 809 4322 dioc.

342 4361 517 4429 Personam
542 4371 628 4429 tuam
653 4361 739 4450 apud
763 4382 821 4428 nos
843 4408 850 4424 .
876 4411 883 4426 .
908 4415 916 4430 .
949 4362 1037 4428 Sane
1061 4362 1174 4448 petitio
1199 4370 1254 4428 tna
1277 4362 1369 4428 nobis
1390 4381 1494 4447 nuper
1516 4381 1569 4428 ex-

235 4467 339 4533 hibita
362 4469 557 4543 continebat,
588 4469 674 4553 quod
703 4475 738 4535 111
761 4467 836 4536 olim
866 4469 899 4533 in
929 4466 1099 4536 undecimo
1127 4469 1223 4535 etatis
1251 4476 1306 4535 111
1328 4488 1412 4534 anno
1435 4468 1487 4535 vel
1511 4469 1570 4534 cir·

235 4575 316 4641 citer
340 4577 531 4643 constitutus
564 4575 605 4643 de
628 4574 796 4661 Millingen
828 4575 920 4643 fcisti
952 4575 1034 4643 alias
1066 4577 1220 4643 11111111
1249 4583 1416 4643 assecutus
1442 4582 1476 4643 et
1498 4596 1570 4642 eam

340 4736 370 4804 a)
389 4735 601 4792 transferendc
619 4733 655 4791 111
672 4752 735 4806 rep.

338 4825 368 4889 1)
387 4825 550 4882 matricula
569 4823 604 4880 11
622 4839 684 4895 rep.
