3642 5509
785 442 856 500 1328
874 440 950 499 Junl
967 440 1011 499 30.

347 623 471 692 1500.
498 626 585 690 1328
608 626 696 693 Jam·
717 626 772 690 30.
799 622 966 713 Aoiprroa.

352 797 512 864 Iohannes
536 798 636 864 XXII
673 798 903 865 archidiacono
927 798 1090 864 Bunuensi
1118 798 1152 862 in
1180 798 1260 864 eccl.
1286 797 1466 864 Coloniensi
1495 818 1582 863 man·

244 904 311 989 dat,
346 904 506 989 quatinus,
541 925 612 971 cum
637 905 744 972 Oonzo
776 905 817 971 de
840 904 1018 972 Vichenich
1047 905 1140 971 miles
1163 905 1272 971 Colon.
1302 905 1386 971 dioc.
1411 925 1581 990 personam

243 1011 403 1097 ydoneam
427 1012 471 1078 ari
494 1011 665 1079 ecclesiam
688 1011 730 1079 de
753 1011 991 1079 Lucaclberche
1017 1010 1104 1077 dicte
1136 1010 1221 1079 dioc.
1245 1019 1415 1078 vacantem
1447 1011 1489 1077 ari
1511 1032 1582 1097 pre-

244 1139 329 1203 sens,
358 1119 391 1184 in
416 1139 480 1202 qua
502 1120 553 1185 ius
575 1125 764 1205 patronatus
787 1118 830 1185 ari
854 1120 959 1204 ipsum
982 1139 1022 1185 ac
1045 1120 1205 1186 institutio
1235 1120 1369 1185 rectoris
1393 1118 1436 1185 ad
1460 1118 1582 1184 dictum

244 1224 507 1293 archidiaconum
530 1227 702 1312 pertinent,
726 1226 962 1312 presentaverit
986 1226 1058 1309 sibi,
1083 1224 1217 1291 candem
1241 1246 1410 1312 personam
1434 1226 1582 1293 instituat

243 1334 278 1399 in
300 1338 456 1399 rectorem
481 1333 618 1399 ecclesie
642 1339 827 1399 memorate.

351 1440 484 1507 Sincere
514 1440 695 1507 devotionis
725 1439 863 1506 affectus
887 1489 895 1506 .
922 1490 929 1506 .
957 1490 964 1506 .
1017 1441 1093 1506 Dat.
1118 1440 1213 1507 Asin.
1237 1442 1269 1506 ll
1293 1440 1339 1507 kl.
1363 1441 1431 1506 iulii
1455 1461 1484 1509 a.
1508 1439 1585 1507 duo·

246 1546 383 1615 decimo.

405 1672 479 1742 Ray.
498 1673 537 1726 88
554 1671 578 1742 f.
598 1669 664 1726 124‘
679 1687 728 1726 ur.
747 1673 830 1727 1318.
888 1669 895 1681 '

349 1940 471 2008 1504.
505 1942 593 2005 1328
616 1942 703 2008 Jaat
726 1943 781 2007 30.
815 1938 980 2028 Aoiprrorr.

354 2084 521 2150 Iohannes
545 2085 656 2149 XXII
680 2083 897 2150 Tilmarrbom
921 2085 962 2150 do
992 2087 1092 2152 Ulmo
1115 2086 1282 2152 habilitat.

352 2226 524 2312 [Iohannes
546 2225 659 2311 XXII]
684 2227 856 2293 Tilmanno
881 2226 923 2293 de
946 2228 1041 2295 Unua
1065 2228 1182 2296 clerico
1207 2230 1317 2296 Colon.

352 2335 548 2400 Litterarum
570 2334 717 2410 scientia,
741 2330 872 2421 {morum
896 2332 1061 2401 decor...
1086 2336 1172 2402 Sane
1196 2335 1311 2422 petitio
1334 2343 1391 2402 tua
1413 2337 1505 2403 nobis
1529 2356 1583 2402 ex·

244 2440 349 2507 hibita
372 2441 568 2525 continebat,
592 2441 679 2524 quod
703 2442 779 2507 olim
796 2448 830 2507 tu
845 2443 879 2507 in
895 2442 1010 2507 minori
1034 2445 1227 2509 constitutus
1243 2450 1331 2509 etate
1347 2443 1581 2529 parrochialem

245 2548 415 2615 ecclesiam
449 2548 482 2613 in
516 2548 635 2634 Kirspe
669 2554 703 2613 et
738 2547 856 2614 deinde
889 2549 923 2614 in
947 2548 1151 2616 Essenclerrai
1180 2558 1212 2615 et
1240 2552 1404 2618 Bnnuensi
1437 2554 1582 2620 ecclesiis

246 2654 356 2721 Colon.
373 2653 457 2721 dioc.
481 2655 690 2720 canonicatus
712 2661 746 2720 et
770 2655 962 2741 prebendas,
987 2656 1068 2723 alias
1093 2664 1201 2723 tamen
1225 2658 1391 2742 canonice,
1415 2667 1582 2727 assecutus

243 2762 344 2846 fuisti,
380 2782 477 2844 quarn
504 2761 740 2848 parrochialem
771 2762 943 2829 ecclesiam
970 2764 1169 2849 permultos
1192 2785 1303 2849 annos,
1337 2764 1482 2851 prelatos
1505 2785 1583 2833 uero

245 2868 453 2936 canonicatus
476 2876 509 2934 et
532 2868 712 2955 prebendas
740 2870 782 2935 ab
810 2870 1023 2936 assecutionis
1051 2872 1192 2956 ipsorum
1216 2879 1359 2957 tempore
1383 2874 1515 2939 tenuisti
1539 2895 1579 2941 ac

244 2977 372 3043 demum
394 2976 515 3042 dictam
539 2976 772 3063 parrochialem
796 2979 967 3045 ecclesiam
992 2999 1064 3044 eum
1089 2978 1153 3045 alio
1177 2978 1332 3044 beneficio
1357 2980 1578 3047 ecclesiastico

244 3086 313 3152 sine
337 3104 415 3151 cura
438 3086 626 3169 permutasti
655 3092 688 3152 et
715 3085 837 3152 fructus
860 3088 1034 3172 percepisti
1059 3107 1099 3151 ex
1123 3088 1185 3167 eis;
1225 3105 1288 3169 quo
1312 3086 1468 3152 beneficio
1493 3089 1580 3153 circa

244 3192 339 3258 finem
362 3192 457 3257 trium
481 3192 636 3258 mensium
658 3212 716 3278 per
733 3200 766 3259 te
782 3192 924 3276 dimisso,
949 3194 1184 3279 parrochialem
1209 3194 1379 3259 ecclesiam
1395 3194 1428 3258 in
1444 3193 1581 3259 Leiche·

245 3299 353 3383 lingon
376 3320 417 3365 ac
440 3299 665 3366 canonicatum
689 3307 722 3366 et
745 3299 944 3386 prebendam
966 3300 1200 3367 sacerdotalem
1224 3302 1258 3365 in
1273 3300 1467 3384 Deitlrirgcn
1493 3299 1581 3367 dicte

245 3405 395 3490 diocesis,
428 3407 510 3473 alias
544 3408 698 3473 canonice
727 3408 787 3474 tibi
816 3408 961 3492 collatos,
995 3409 1146 3493 recepisti
1170 3427 1230 3473 nec
1254 3414 1286 3472 te
1310 3408 1416 3473 fecisti
1439 3409 1471 3473 in
1495 3428 1583 3493 pres·

245 3512 383 3580 biterum
407 3514 597 3599 promoveri,
622 3513 862 3599 dispensatione
963 3534 1025 3580 non
1049 3516 1192 3596 obtenta,
1226 3535 1267 3580 ex
1298 3514 1452 3581 beneficio
1477 3521 1583 3581 tamen

246 3626 279 3685 ct
305 3620 419 3686 ultima
450 3621 646 3707 parrochiali
679 3621 817 3688 ecclesia
851 3620 1045 3707 huiusmodi,
1075 3642 1170 3705 quarn
1194 3641 1390 3706 perannum
1415 3628 1447 3687 et
1471 3622 1583 3688 decem

244 3747 371 3793 menses
394 3728 446 3793 vel
470 3728 557 3793 circa
587 3727 717 3794 tenuisti
742 3736 775 3793 et
798 3727 904 3797 adhuc
929 3736 1029 3813 tenes,
1060 3730 1163 3795 nullos
1187 3728 1318 3812 fructus,
1348 3729 1431 3795 sicut
1455 3729 1583 3811 asseris,

247 3834 433 3920 percepisti.
480 3834 587 3913 Quare
610 3835 703 3901 nobis
726 3834 888 3902 humiliter
911 3836 1146 3922 supplicasti..
1162 3883 1169 3900 .
1194 3836 1261 3905 Nos
1277 3836 1396 3919 igitur.
1412 3884 1419 3900 .
1434 3883 1441 3900 .
1458 3855 1583 3919 ornnem

245 3940 460 4008 inhabilitatis
483 3948 516 4007 ct
539 3942 670 4008 infamio
692 3941 852 4009 maculam
873 3992 881 4008 .
955 3944 1082 4028 penitus
1106 3942 1269 4008 abolemus
1292 3951 1389 4026 teque
1412 3943 1506 4027 plene
1528 3942 1585 4007 ha-

246 4049 343 4115 bilem
366 4048 531 4117 reddimus
553 4058 586 4115 et
602 4049 636 4115 in
651 4050 810 4134 integrum
832 4051 1075 4117 restituimus..
1091 4050 1298 4133 ,fructusque
1314 4049 1373 4114 tibi
1394 4050 1584 4116 remittimus

245 4158 517 4243 supradictos...
565 4158 640 4223 Dat.
665 4159 761 4225 Ario.
785 4158 819 4224 ll
842 4158 889 4227 kl.
913 4159 981 4224 iulii
1005 4180 1034 4224 a.
1060 4156 1262 4223 duodecimo.
1391 4202 1399 4217 .

396 4282 469 4353 aeq.
487 4281 569 4354 ses.
588 4282 636 4337 aar
653 4298 702 4337 nr.
722 4281 807 4337 arar.

353 4560 478 4630 1505.
504 4564 592 4630 1328
615 4562 703 4631 Juaa‘
725 4564 780 4629 30.
804 4563 974 4653 Aoipnoo.

320 4704 323 4709 ’
352 4706 514 4773 Iohannes
533 4706 634 4773 XXII
658 4728 730 4774 curn
753 4710 849 4775 Petro
874 4706 1007 4791 Georgii
1029 4704 1209 4792 presbitero
1233 4713 1389 4791 perpetuo
1414 4705 1583 4792 capellano

245 4815 359 4883 altaris
382 4817 522 4882 omnium
542 4815 733 4882 Sanctorum
755 4816 789 4881 in
812 4814 941 4903 capella
965 4814 1095 4882 claustri
1120 4814 1259 4881 ecclesie
1277 4813 1488 4897 coloniensis,
1514 4831 1590 4897 quo·
