3642 5509
803 449 873 504 1329
891 446 955 505 Juli
972 447 1016 505 29.

338 649 670 717 1745.1329Jult
700 652 753 716 29.
779 649 973 736 (Aoipnon.)

342 791 514 877 [Iohannes
537 793 648 877 XXII]
676 792 824 879 ridulpho
849 795 960 859 comiti
984 792 1025 859 de
1048 795 1167 860 Monte.

342 900 447 966 Tanto
473 907 505 965 te
528 899 597 965 fili.
618 949 651 965 ..
681 900 760 966 Cum
784 901 918 984 itaque.
939 951 973 965 ..
1003 901 1134 967 Martha
1158 903 1323 968 abbatissa
1346 902 1499 969 secularis
1523 922 1572 967 ec·

236 1007 332 1074 alesia
356 1007 553 1092 Geresheyrn
577 1006 776 1074 (boloniensis
809 1006 949 1073 diocesis
979 1008 1097 1074 dieitur·
1127 1010 1192 1075 tuis
1215 1009 1380 1075 favoribus
1403 1009 1572 1094 plurimum

235 1115 392 1199 indigere,
422 1116 618 1181 abbatissam
641 1116 743 1200 ipsam
770 1121 823 1180 tue
847 1114 1063 1180 benivolentie
1087 1117 1277 1201 propensius
1300 1115 1572 1191 commendantes,

237 1222 438 1288 nobilitatem
463 1227 550 1286 tuam
574 1242 726 1304 rogamus
750 1223 904 1287 attentius
921 1223 1003 1286 etin
1028 1221 1156 1287 domino
1181 1223 1397 1305 exhortamur,
1423 1224 1573 1306 quatinus

237 1328 340 1394 eidem
358 1378 366 1394 .
384 1379 392 1394 .
411 1376 418 1393 .
435 1330 598 1413 assistens,
623 1329 725 1414 ipsam
742 1330 789 1395 sic
806 1349 898 1394 cures
919 1330 1059 1412 benigne
1075 1336 1281 1395 manutenere
1306 1330 1340 1394 in
1362 1330 1429 1396 suis
1451 1329 1574 1394 iuribus

237 1443 270 1502 et
292 1437 374 1503 tueri
398 1436 439 1502 ab
463 1436 587 1502 iniuriIs
611 1436 940 1519 quibuscumque...
988 1436 1064 1501 Dat.
1089 1437 1156 1501 llll
1180 1437 1225 1501 kl.
1251 1436 1381 1521 augusti
1405 1458 1435 1501 a.
1460 1438 1573 1502 tercio·

238 1543 374 1610 decimo.
577 1545 579 1550 ⁴

399 1669 473 1738 step.
494 1670 549 1721 115
566 1683 612 1736 ps.
632 1667 652 1720 I
666 1666 690 1736 f.
710 1667 748 1722 98
766 1683 812 1722 nr.
833 1669 905 1732 560,·
927 1670 979 1724 Ra.
1000 1668 1082 1723 1192.

345 1928 464 1995 174⁶.
500 1931 587 1995 1329
611 1930 687 1996 Jatt
711 1933 763 1995 26.
799 1929 992 2017 (Aot'prtoa.)

343 2071 515 2157 [Iohannes
537 2071 647 2156 XXII]
671 2073 815 2159 Roperto
841 2072 951 2139 comiti
975 2072 1017 2138 de
1042 2073 1254 2156 Vimenburg.

344 2179 444 2247 Novit
467 2185 521 2244 tue
544 2179 720 2245 nobilitatis
743 2178 923 2265 prudentia,
958 2178 1044 2262 qnod
1074 2178 1194 2244 dudum
1222 2228 1229 2244 .
1257 2229 1264 2244 .
1289 2179 1429 2245 Henrico
1460 2179 1501 2246 de
1525 2181 1575 2244 In·

238 2286 322 2352 liaeo
345 2287 509 2373 preposito
533 2287 669 2353 ecelesia
694 2287 730 2352 B.
748 2287 849 2353 Marie
873 2285 917 2352 ad
940 2285 1062 2370 gradus
1085 2286 1284 2352 Coloniensis
1307 2286 1348 2353 de
1373 2289 1575 2372 prepositura

240 2392 382 2460 eiusdem
414 2392 551 2460 ecclesie
583 2393 731 2459 duximus
759 2392 802 2459 ad
826 2399 903 2459 tuel
928 2394 1172 2479 supplicationis
1196 2394 1379 2460 instantiam
1404 2393 1573 2479 providen-

240 2501 326 2566 dum.
374 2501 459 2568 Sane
484 2521 554 2567 cum
580 2501 665 2566 idem
688 2501 848 2568 Henrieus
870 2502 904 2566 in
927 2499 1041 2567 eadem
1070 2501 1273 2586 prepositura
1296 2502 1430 2585 eiusque
1452 2501 1573 2566 iuribus

240 2615 273 2674 et
296 2609 503 2693 proventibus
526 2629 583 2694 per
606 2615 700 2674 natos
724 2615 796 2674 tuos
820 2607 1040 2692 multipliciter
1063 2609 1329 2674 molestetur...
1354 2607 1497 2673 eiusdem
1520 2627 1574 2672 uo·

240 2715 376 2781 bilitatis
399 2723 453 2781 tue
482 2714 717 2801 providentiam
747 2715 938 2797 requirimus
967 2722 1000 2781 et
1031 2714 1195 2781 hortamur
1227 2718 1390 2799 attentius,
1425 2715 1575 2798 quatinus

240 2823 370 2891 eosdem
393 2831 487 2891 natos
509 2831 582 2891 tuos
606 2873 612 2885 .
632 2873 665 2888 ..
690 2845 710 2889 a
733 2822 957 2890 molestatione
980 2821 1161 2889 huiusmodi
1184 2823 1287 2889 facias
1310 2823 1471 2888 abstinere
1495 2868 1502 2883 .
1529 2871 1537 2888 .
1564 2870 1573 2888 .

240 2933 315 2997 Dat.
340 2938 494 3016 utsupra
519 2935 570 3013 (=
588 2932 654 2996 IIII
678 2932 723 2996 kl.
748 2933 876 3014 augusti
900 2951 930 2994 a.
955 2929 1207 3011 terciodecimo).

401 3057 473 3127 ch.
492 3057 547 3110 115
563 3071 612 3125 ps.
632 3055 651 3108 I
665 3055 689 3125 f.
710 3056 748 3110 98
765 3071 812 3110 nr.
833 3057 907 3120 561,·
929 3056 980 3110 Ita.
1000 3055 1082 3109 1193.

346 3353 465 3420 1747.
492 3353 578 3418 1329
602 3353 679 3419 Joti
703 3354 756 3417 29.
790 3351 985 3439 (Aoiqnoa.)

344 3496 516 3581 [lohannes
539 3494 650 3578 XXII]
676 3494 798 3560 decano
822 3501 855 3559 et
879 3493 1021 3579 capitulo
1048 3493 1184 3560 ecclesie
1209 3493 1245 3558 B.
1264 3492 1364 3558 Marie
1387 3492 1431 3558 ad
1454 3492 1575 3576 gradus

241 3605 448 3672 Coloniensis.

346 3712 425 3778 (lum
455 3711 575 3778 dudum
599 3712 640 3778 de
664 3713 864 3798 prepositure
894 3713 1031 3778 ecclesie
1055 3718 1161 3778 vestre
1187 3761 1195 3776 .
1223 3761 1229 3778 .
1258 3763 1265 3776 .
1297 3712 1437 3778 Heorieo
1460 3711 1503 3777 de
1525 3713 1575 3777 Iu·

241 3821 324 3885 liaeo
351 3869 357 3883 .
386 3869 392 3884 .
421 3868 428 3883 .
453 3818 686 3905 providendum
710 3818 904 3902 duxerimus,
934 3820 1017 3884 sicut
1040 3820 1152 3899 nostis,
1177 3817 1411 3903 providentiam
1435 3825 1575 3885 vestram

241 3929 430 4010 requirimus
453 3933 486 3991 et
519 3927 683 3992 hortamur
717 3927 879 4008 attentius,
918 3927 1069 4009 quatinus
1101 3932 1309 3991 memoratum
1334 3927 1374 3990 H.
1399 3931 1431 3991 et
1453 3925 1574 3991 nullum

241 4034 336 4099 alium
362 4035 518 4100 habentes
541 4042 573 4100 et
597 4039 782 4118 reputantes
805 4054 863 4118 pro
885 4034 1050 4118 preposito
1075 4033 1211 4098 ecclesie
1235 4040 1419 4115 memorate,
1443 4032 1504 4099 sibi
1522 4033 1574 4098 vel

241 4143 308 4207 eius
341 4142 542 4226 procuratori
566 4161 624 4225 pro
648 4142 717 4225 ipso
742 4139 783 4204 de
807 4141 929 4206 iuribus
953 4147 986 4204 et
1014 4140 1221 4224 proventibus
1254 4138 1341 4205 dicte
1373 4141 1574 4224 prepositure

240 4249 331 4313 iuxta
364 4256 492 4314 tenores
525 4247 701 4313 litterarum
734 4253 913 4312 nostrarum
938 4254 971 4312 et
1002 4266 1206 4331 processuum
1241 4247 1432 4312 auctoritate
1464 4253 1575 4312 nostra

241 4356 317 4422 iude
341 4356 499 4423 tactorum
523 4354 728 4440 respondere,
753 4363 905 4436 quantum
930 4355 961 4419 in
986 4355 1078 4419 vobis
1101 4354 1210 4434 fuerit,
1239 4374 1278 4419 ne
1303 4355 1393 4439 penis
1416 4355 1575 4422 contentis

240 4463 273 4528 in
306 4463 354 4529 eis
386 4463 605 4544 involvamini,
639 4462 825 4546 procuretis.
883 4463 958 4526 Dat.
984 4469 1138 4546 utsupra
1162 4460 1367 4541 (=lllIkl.
1391 4463 1520 4546 augusti
1543 4483 1574 4527 a.

241 4569 479 4636 terciodecimo.

390 4695 463 4764 Rep.
483 4697 536 4748 115
552 4709 600 4764 pa.
621 4693 678 4763 If.
699 4695 737 4749 98
755 4710 803 4748 nr.
823 4693 889 4747 562.

242 4807 456 4815 mn*-

341 4864 371 4926 a)
392 4860 434 4912 tui
454 4856 487 4911 iu
506 4874 568 4928 rep.
