3642 5509
258 435 277 489 8
811 431 882 488 1327
900 432 1020 488 Januar
1036 433 1082 488 24.

259 615 454 681 restituimus
477 633 668 697 omnemque
691 613 824 679 iulamie
847 633 887 679 ac
910 613 944 678 in
967 612 1147 679 habilitatis
1168 621 1278 680 uotam
1292 664 1300 678 .
1313 662 1345 679 ..
1367 614 1498 700 penitus
1519 615 1594 680 abo

259 721 360 788 lomus
391 720 578 804 fructusque
610 719 775 806 predictos
796 770 849 785 ...
873 730 1046 806 perceptos
1068 721 1181 786 illicite
1203 722 1263 787 tibi
1359 721 1592 788 donamus...

259 829 335 897 Dat.
359 829 455 896 Avia.
480 828 577 894 vl111
601 827 646 893 kl.
670 828 824 894 februarii
849 849 878 894 a.
903 827 1086 893 undecimo.

408 954 481 1024 Rep.
501 951 580 1022 82f.
600 955 659 1008 337
677 967 725 1006 nr.
744 954 818 1017 858,-
837 953 890 1007 Re.
909 952 974 1007 801.

366 1219 483 1286 112³.
513 1221 600 1284 1327
623 1220 764 1286 Jouuur
786 1219 841 1282 24.
869 1214 1036 1304 Aoipaoa.

365 1365 535 1430 lohoaaes
558 1362 669 1427 XXII
687 1363 827 1448 deputat
851 1368 921 1426 tres
943 1369 1146 1445 executores,
1169 1365 1228 1448 qui
1251 1364 1398 1429 Iohanni
1419 1363 1462 1429 de
1480 1364 1594 1428 Vtrae

152 1559 158 1572 1
259 1473 343 1558 hurp
366 1472 545 1558 conseruat
564 1471 819 1555 preposituram
842 1468 975 1535 ecclesie
993 1471 1194 1536 xanctensis
1216 1491 1239 1536 o
1254 1471 1406 1536 Iohanne
1428 1471 1470 1536 de
1484 1469 1593 1538 Oleois

258 1579 382 1645 iniuste
404 1584 580 1644 retentum.

367 1701 538 1788 [Iohannes
560 1700 672 1786 XXII]
695 1699 728 1766 S.
746 1701 953 1767 Penteleonis
976 1701 1176 1769 Coloniensis
1199 1708 1233 1768 et
1256 1701 1297 1768 de
1319 1701 1411 1768 Lacu
1434 1709 1591 1768 monaste

259 1812 376 1877 riorum
400 1809 570 1876 abbatibus
594 1827 633 1874 sc
650 1806 774 1874 decano
790 1807 929 1874 ecclesie
945 1807 988 1874 de
1002 1809 1198 1875 hlouasterio
1213 1811 1246 1874 in
1262 1809 1448 1894 hleynevelt
1461 1811 1591 1876 Trever.

259 1916 406 1986 diocesis.

367 2025 502 2091 Generis
529 2030 561 2088 et
587 2042 709 2088 morum
733 2021 885 2088 nobilitas
993 2023 1081 2088 Saue
1109 2043 1212 2109 nuper
1241 2044 1282 2089 ex
1311 2024 1413 2110 ipsius
1439 2023 1592 2090 lohaunis

260 2133 315 2212 (de
338 2129 584 2215 Wirnemhurgh
618 2130 764 2195 canonici
789 2128 990 2196 Golouiensis
1020 2130 1182 2215 capellani
1210 2131 1325 2211 nostri)
1353 2131 1524 2217 peticionis
1545 2137 1591 2198 te·

256 2259 333 2306 nore
356 2243 520 2324 percepto,
545 2234 631 2321 quod
655 2239 726 2321 ipse
748 2237 824 2302 olim
849 2236 1050 2304 coloniensis
1074 2243 1107 2303 et
1130 2239 1310 2305 Buunensis
1333 2240 1475 2306 existens
1498 2259 1591 2304 eano-

256 2347 348 2414 nicus
376 2344 609 2432 preposituram
634 2343 830 2430 Carpensem
856 2395 863 2409 .
890 2392 897 2406 .
924 2393 932 2409 .
958 2365 1067 2411 euram
1096 2345 1272 2411 animarum
1300 2345 1471 2411 habentem
1495 2366 1535 2412 ae
1557 2347 1591 2411 iu

257 2452 396 2522 ecelesia
419 2453 452 2520 S.
480 2451 599 2517 Floriui
633 2452 666 2516 in
694 2450 895 2517 Continentia
928 2451 1152 2518 canonicatum
1176 2459 1209 2519 et
1238 2452 1435 2538 prebendam
1466 2459 1499 2519 et
1521 2473 1591 2539 par·

255 2559 430 2628 rochialem
464 2558 633 2625 ecclesiam
666 2557 707 2623 de
731 2558 822 2626 (iisse
854 2579 894 2625 ae
925 2560 960 2625 in
992 2558 1170 2644 Hugarden
1203 2561 1411 2628 Treverensis
1444 2567 1476 2626 et
1508 2559 1589 2627 Leo·

256 2666 378 2734 diensis
400 2666 484 2733 dioc.
509 2666 732 2732 canonicatum
757 2671 789 2731 et
812 2665 1021 2752 prebendam,
1056 2686 1152 2752 snper
1181 2688 1245 2750 qua
1274 2666 1402 2751 quidem
1425 2667 1591 2754 prebenda

256 2772 461 2860 Hugardeusi
496 2773 625 2857 litigare
657 2793 692 2838 se
725 2772 859 2856 asserit,
898 2793 1023 2839 necnon
1052 2774 1085 2838 iu
1119 2772 1233 2840 eadem
1257 2772 1368 2842 (lolou.
1402 2775 1482 2842 eccl.
1516 2796 1589 2860 eap-

255 2881 392 2968 plariam
427 2887 460 2946 et
495 2878 632 2964 quedam
667 2879 886 2965 prestimonia,
923 2899 985 2963 qne
1018 2879 1147 2964 quidem
1182 2881 1349 2967 capplaria
1382 2881 1526 2967 dignitas
1558 2883 1590 2948 in

256 2988 371 3056 eadem
394 2987 533 3055 eeclesia
555 2987 627 3054 fore
652 2986 828 3054 dinoscitur
853 3037 860 3052 .
886 3037 894 3052 .
921 3036 928 3050 .
955 2989 1138 3056 successive
1162 2989 1330 3076 recipiens,
1354 2992 1590 3076 preposituram

257 3095 455 3182 supplentem
480 3101 513 3162 et
535 3094 769 3181 parrochialem
793 3095 964 3162 ecelesiam
995 3095 1160 3181 predictas
1182 3097 1309 3162 insimul
1332 3097 1402 3163 sine
1425 3097 1590 3183 dispeusa-

256 3203 348 3270 cione
380 3202 526 3289 legitima
542 3252 549 3269 .
568 3251 576 3269 .
595 3251 603 3269 .
620 3223 683 3269 uua
718 3222 791 3268 eum
826 3204 1069 3270 canonicatibus
1103 3203 1277 3290 prebendis
1309 3211 1342 3270 et
1374 3205 1590 3291 prestimouiis

254 3309 389 3396 prelatis
403 3360 410 3376 .
425 3360 433 3375 .
447 3359 454 3375 .
468 3330 526 3396 per
549 3310 665 3376 multos
688 3329 789 3376 annos
812 3315 970 3393 tenuerat,
995 3312 1080 3377 sieut
1103 3311 1210 3377 adhuc
1234 3318 1365 3378 tenere.
1381 3333 1460 3379 ..se
1476 3323 1590 3379 assent

257 3436 382 3484 ...uec
405 3436 440 3483 se
465 3416 587 3482 fecerat
609 3417 695 3481 inira
718 3436 834 3482 anuum
858 3418 984 3482 ratione
1007 3417 1094 3483 dicte
1117 3417 1328 3504 parrochialis
1351 3419 1488 3486 ecclesie
1502 3469 1509 3484 .
1525 3469 1532 3485 .
1548 3418 1591 3485 ad

254 3521 470 3591 sacerdotium
493 3522 683 3609 promoveri,
708 3523 831 3589 fruetus
849 3524 1032 3610 percipiens
1055 3543 1096 3589 ex
1120 3524 1263 3592 eisdem.
1281 3575 1288 3590 .
1308 3577 1315 3591 .
1332 3546 1391 3591 nos
1417 3527 1591 3611 ...ipsam

255 3679 263 3696 .
283 3680 290 3696 .
310 3628 551 3696 habilitauimus
572 3629 652 3694 etin
673 3629 832 3714 integrum
857 3629 1103 3696 restituimus..
1123 3681 1131 3696 .
1148 3631 1227 3698 Cum
1252 3640 1369 3716 autem,
1394 3633 1477 3700 sicut
1500 3653 1590 3700 acee-

253 3739 368 3824 pimus,
402 3735 604 3823 prepositura
628 3736 766 3802 ecclesie
789 3736 985 3804 Xauctensis
1009 3738 1118 3805 Oolon.
1144 3738 1236 3824 dioc,
1271 3740 1322 3805 cui
1347 3760 1424 3806 cura
1447 3740 1591 3805 imminet

254 3841 441 3922 animarum,
478 3858 517 3904 ex
554 3858 592 3904 eo
628 3858 746 3904 vacare
781 3838 908 3904 dicatur
943 3839 985 3905 ad
1021 3861 1163 3927 presens,
1199 3840 1285 3925 quod
1303 3890 1310 3907 .
1330 3891 1337 3906 .
1355 3841 1515 3909 lohannes
1547 3841 1588 3908 de

253 3945 370 4028 Olevis,
395 3946 448 4029 qui
473 3964 530 4031 pro
555 3944 678 4011 decano
703 3945 839 4012 ecclesie
863 3946 1062 4013 Coloniensis
1086 3967 1121 4014 se
1145 3949 1240 4033 gerit,
1263 3947 1306 4014 ad
1330 3947 1452 4014 dictam
1475 3969 1589 4035 prepo-

253 4054 386 4120 situram
408 4052 628 4118 Xanuteusem
663 4058 738 4117 tuuc
771 4059 940 4118 vacantem
973 4053 1163 4138 postulatus,
1196 4055 1445 4140 postulationem
1481 4054 1590 4121 huius·

253 4159 340 4225 modi
363 4159 485 4226 factam
509 4157 550 4224 de
573 4159 644 4245 ipso
667 4180 731 4224 uon
754 4159 827 4242 fuit,
852 4167 886 4224 ut
910 4160 1032 4243 debuit,
1056 4169 1254 4246 prosecutus,
1278 4161 1336 4228 sed
1360 4160 1495 4227 eandem
1519 4181 1589 4246 pre-

251 4267 426 4352 posituram
452 4265 540 4332 dicta
564 4265 779 4351 postulatione
802 4287 861 4333 sua
884 4267 1030 4352 legitime
1053 4289 1117 4334 uon
1144 4268 1286 4335 admissa
1309 4289 1481 4354 occupans,
1515 4289 1586 4334 eam

255 4393 325 4440 eum
357 4371 516 4439 decanatu
542 4370 684 4439 eiusdem
715 4373 852 4439 ecclesie
885 4373 1086 4441 Coloniensis
1114 4375 1249 4442 similem
1281 4395 1390 4441 curam
1413 4375 1587 4442 habentem

251 4500 310 4567 per
333 4480 503 4545 triennium
534 4479 585 4545 vel
619 4480 707 4546 circa
735 4479 873 4546 detinuit
902 4487 935 4545 et
970 4480 1094 4546 detinet
1121 4489 1323 4568 occupatam,
1360 4503 1418 4548 nos
1442 4482 1586 4550 volentes

251 4586 292 4653 de
322 4586 527 4672 prepositura
557 4585 703 4671 predicte
731 4586 920 4670 Xaneteusi,
945 4587 983 4667 si,
1008 4595 1043 4653 ut
1072 4590 1277 4673 premittitur,
1313 4596 1409 4654 vacat
1433 4596 1466 4656 et
1490 4589 1522 4654 iu
1546 4609 1587 4655 ea

250 4700 396 4780 tempore
420 4692 496 4759 date
519 4695 719 4778 presencium
744 4714 806 4759 nou
835 4695 876 4759 sit
899 4696 1082 4779 specialiter
1106 4696 1202 4761 alicui
1226 4697 1317 4762 alteri
1342 4697 1392 4762 ius
1415 4697 1585 4781 quesitum,

251 4800 340 4870 dieto
373 4799 508 4867 Iohanni
541 4799 582 4866 de
609 4800 855 4886 Wirnemburgh
967 4801 1148 4887 providere,
1181 4802 1368 4870 discretioni
1400 4810 1584 4871 vestre...
