3642 5509
805 420 873 477 1338
890 420 963 477 Junl
983 420 1026 477 27.
1508 422 1562 478 549

227 623 267 668 ao
290 600 459 687 dignitatis
483 607 539 666 aut
561 607 750 687 personatus
772 603 823 668 vel
847 601 943 668 officii
968 602 1100 686 fructus,
1124 605 1152 670 si
1178 624 1246 668 cum
1272 625 1359 687 eura,
1384 604 1508 688 viginti,
1533 604 1560 668 si

227 730 302 776 vero
326 711 395 775 sine
425 729 501 774 cura
528 710 638 793 lorint,
672 708 855 793 quindecim
884 709 1087 776 marcharum
1111 713 1247 795 argenti,
1280 732 1305 777 s.
1324 718 1345 777 t.
1363 710 1395 776 d.
1419 712 1561 777 valorem

227 837 365 884 annuum
388 837 451 882 non
476 815 671 883 excederent
687 855 730 863 —-
747 817 1120 900 reservavit,concedit,
1145 818 1230 902 quod
1255 817 1435 884 huiusmodi
1457 817 1560 902 digni·

227 932 328 991 tatem
357 924 409 990 vel
441 930 647 1008 personatum
679 944 736 991 seu
769 925 918 1008 officium,
951 927 1047 992 etiam
1073 925 1099 991 si
1124 925 1166 992 ad
1189 926 1277 992 illam
1302 927 1352 991 vel
1382 926 1469 991 illum
1504 947 1560 992 seu

228 1032 305 1098 illud
330 1034 401 1116 quis
425 1034 627 1098 consueverit
658 1052 715 1117 per
743 1032 932 1099 electionem
956 1034 1085 1116 assumi,
1119 1052 1160 1098 ex
1184 1052 1267 1098 nunc
1290 1032 1424 1118 perinde
1448 1052 1560 1118 accep·

227 1147 296 1207 tare
320 1142 440 1206 valeat.

335 1248 409 1314 Vite
432 1269 471 1314 ac
494 1269 616 1315 morum
639 1249 791 1318 honestas
818 1300 825 1317 .
854 1299 862 1316 .
890 1299 897 1315 .
946 1249 1023 1316 Dat.
1048 1250 1142 1316 Avia.
1169 1251 1195 1315 V
1220 1249 1264 1316 lrl.
1290 1249 1357 1315 iulii
1381 1270 1410 1314 a.
1436 1254 1560 1332 quarto.

375 1374 448 1444 Rep.
468 1374 525 1428 126
542 1390 589 1429 nr.
609 1374 676 1430 238.

334 1637 463 1704 2336.
491 1641 576 1704 1338
599 1641 686 1706 June?
705 1641 759 1706 27.
784 1638 950 1728 Aoiqaoa.

334 1782 530 1849 Benedictus
552 1783 619 1848 XII
654 1781 777 1852 decano
808 1784 842 1850 S.
870 1783 1017 1851 Severini
1040 1784 1150 1851 Oolon.
1185 1759 1228 1851 et·
1250 1783 1403 1868 magIstro
1437 1781 1561 1847 Thone

228 1889 355 1956 Fastoll
387 1891 584 1976 Bangorensi
618 1890 786 1976 capellano
820 1893 997 1978 apostolice
1030 1891 1117 1958 sedis
1151 1911 1189 1957 ac
1221 1891 1354 1957 Alberto
1382 1887 1423 1954 de
1448 1888 1560 1973 Lynue

228 1999 337 2064 (tolon.
369 1998 448 2063 eccl.
482 1997 645 2064 canonicis
678 1997 821 2082 mandat,
855 2000 1006 2083 quatinus
1040 1999 1193 2066 Iacobum
1223 1997 1264 2064 de
1292 1997 1411 2066 Nekim
1440 1996 1481 2061 de
1506 1995 1560 2061 Or·

227 2106 343 2192 schoyt
372 2107 523 2173 clericum
548 2105 616 2172 (iol.
647 2105 730 2173 dioc.
764 2108 945 2192 cupientem
978 2108 1009 2173 in
1044 2108 1237 2175 monasterio
1261 2106 1457 2193 Sybergensi
1490 2103 1559 2170 ord.

228 2213 261 2280 S.
286 2212 407 2278 Bened.
433 2213 543 2279 (tolon.
568 2213 652 2280 dioc.
677 2214 807 2280 domino
832 2215 993 2298 famulari,
1017 2216 1044 2282 si
1065 2215 1107 2281 sit
1130 2215 1276 2301 ydoneus
1299 2221 1332 2280 et
1355 2211 1441 2278 aliud
1467 2231 1560 2277 cano·

228 2322 333 2386 nicum
358 2341 421 2386 non
445 2322 591 2404 obsistet,
616 2321 740 2388 faciant
762 2323 863 2409 recipi
887 2324 920 2388 in
944 2321 1031 2389 dicto
1055 2323 1257 2406 monasterio,
1285 2323 1312 2388 si
1336 2323 1368 2386 in
1392 2340 1430 2386 eo
1455 2325 1560 2385 certus

227 2428 453 2494 monachorum
486 2449 636 2496 numerus
668 2450 732 2494 non
764 2429 900 2496 habetur
924 2431 976 2497 vel
1009 2431 1117 2514 etiam,
1141 2431 1168 2497 si
1198 2427 1379 2495 huiusmodi
1412 2445 1560 2493 numerus

227 2535 337 2602 forsan
362 2537 491 2619 existat,
515 2537 650 2603 simulac
673 2535 714 2602 de
738 2539 808 2623 ipso
832 2558 963 2605 numero
987 2537 1103 2622 ailquis
1127 2537 1228 2622 deest,
1252 2539 1284 2602 in
1308 2534 1508 2602 monachum.

335 2642 544 2728 Coptentibns
567 2644 668 2710 vitam
692 2644 843 2721 ducere.
862 2694 895 2710 ..
947 2647 1022 2712 Dat.
1048 2646 1141 2712 Avin.
1166 2647 1194 2712 V
1218 2644 1263 2711 kl.
1287 2645 1357 2710 inlii
1380 2665 1410 2709 a.
1434 2648 1558 2726 quarto.

377 2769 748 2840 Qfflmffif

332 3033 460 3101 2337.
490 3036 578 3100 1338
600 3035 688 3102 Jaoi
710 3035 764 3101 27.
793 3033 959 3121 Aoipaoo.

336 3177 530 3244 Benedictus
544 3177 611 3243 XII
634 3176 786 3264 episcopo
811 3177 1039 3262 Argentinensi
1063 3176 1204 3260 mandat,
1229 3177 1379 3261 quatinus
1403 3174 1559 3242 Gobelino

229 3286 316 3352 dicto
341 3287 463 3371 Bayart
491 3285 607 3352 clerico
632 3284 825 3369 Coloniensi,
859 3286 886 3351 si
916 3305 987 3351 eum
1011 3305 1081 3352 esse
1104 3284 1264 3371 ydoneum
1289 3284 1453 3367 repererit,
1487 3302 1559 3347 con·

228 3393 311 3458 ferat
335 3393 472 3460 ecclesie
496 3392 529 3459 S.
556 3392 702 3459 Severini
727 3391 837 3459 Oolon.
873 3393 1097 3459 canonicatum
1127 3397 1160 3458 ct
1188 3397 1330 3457 reservet
1362 3388 1559 3476 prebendam

228 3522 288 3568 nec
311 3521 376 3566 non
398 3501 664 3586 supplementum.

336 3609 476 3694 Dignum
500 3609 693 3674 arbitramur
716 3615 749 3674 et
772 3629 976 3694 congruum.
1005 3657 1012 3673 .
1040 3657 1048 3674 .
1095 3609 1170 3673 Dat.
1195 3607 1290 3675 Avin.
1314 3605 1343 3670 V
1366 3605 1411 3671 lrl.
1436 3604 1505 3670 iulii
1529 3624 1558 3670 a.

229 3725 352 3802 quarto.
420 3719 421 3722 ’

388 3807 462 3876 Rep.
482 3806 535 3860 126
553 3821 603 3860 nr.
622 3805 686 3860 281.

337 4070 468 4137 2338.
507 4072 594 4136 1338
617 4070 705 4138 Joai
728 4070 781 4135 27.
810 4067 976 4155 Aoipaoa.

337 4195 530 4261 Benedictus
554 4194 621 4259 XII
656 4192 832 4260 Bertholdo
865 4195 1017 4280 episcopo
1046 4194 1274 4280 Argentinensi
1306 4192 1449 4274 mandat,
1486 4211 1561 4275 qua·

230 4304 315 4368 tinus
339 4301 515 4368 GodefrIdo
540 4300 581 4367 de
605 4301 716 4366 Bolem
741 4301 859 4367 clerico
884 4300 993 4368 (tolon.
1023 4301 1119 4382 dioc,
1150 4303 1177 4369 si
1202 4321 1272 4367 eum
1302 4299 1458 4387 repererit
1481 4297 1561 4384 ydo-

229 4429 333 4492 neum,
368 4409 514 4475 conferat
545 4409 624 4474 eccl.
650 4409 812 4492 Aquensis
844 4407 946 4475 Leod.
980 4408 1064 4476 dioc.
1098 4410 1332 4490 canonicatum,
1366 4404 1561 4492 prebendam

231 4537 305 4583 vero
330 4516 435 4582 eidem
458 4525 611 4582 reservet.

336 4625 478 4708 Dignum
502 4625 693 4691 arbitramur
716 4630 749 4691 et
773 4643 979 4708 congruum.
1007 4675 1014 4688 .
1042 4675 1049 4693 .
1097 4625 1172 4690 Dat.
1196 4625 1292 4690 Avin.
1316 4623 1345 4688 V
1369 4621 1414 4687 lrl.
1438 4619 1506 4687 iulii
1531 4641 1560 4686 a.

230 4737 354 4815 quarto.

378 4826 452 4897 Rep.
472 4824 530 4880 126
547 4840 595 4879 ar.
615 4823 680 4880 230.
