3642 5509
795 423 865 482 1328
884 421 947 482 Juli
965 423 1008 480 22.
1496 419 1549 478 173

322 605 394 674 Etsi
426 605 604 692 apostolice
637 605 822 673 sedis...
880 606 958 672 Dat.
982 605 1077 673 Avin.
1106 606 1156 673 XI
1185 605 1231 672 kl.
1265 607 1392 693 augusti
1416 629 1446 673 a.
1471 605 1548 672 duo·

211 713 350 782 decimo.

318 823 355 887 In
380 843 408 888 e.
432 843 472 887 m.
509 823 674 908 preposito
698 823 731 888 S.
756 821 902 888 Severini
935 828 968 887 et
999 820 1123 888 decano
1147 823 1180 889 S.
1207 823 1339 908 Georgii
1368 821 1478 890 colon.
1508 841 1548 888 ac

213 929 370 1014 magistro
396 929 514 995 Busolo
539 927 579 994 de
603 929 720 995 Parma
744 930 899 995 canonico
925 929 1140 998 Tornacensis
1170 929 1337 1016 capellano
1366 928 1475 1015 papali
1500 949 1550 994 ec·

213 1034 392 1103 clesiarum.

374 1160 445 1230 Ray.
465 1161 503 1214 87
519 1158 544 1228 f.
564 1160 622 1214 301
639 1175 688 1214 aar.
701 1159 783 1215 2781.

322 1445 445 1514 1523.
478 1397 565 1510 raas
589 1445 666 1512 aaut
688 1447 740 1510 aa.
763 1442 929 1532 nospsos.

322 1590 481 1656 Iohannes
506 1587 606 1654 XXII
643 1588 676 1654 S.
701 1587 848 1654 Severini
877 1593 911 1654 et
939 1588 973 1655 S.
997 1588 1098 1655 Mario
1126 1588 1169 1654 ad
1196 1587 1316 1673 gradus
1340 1587 1449 1658 Solon.
1479 1610 1550 1677 pre·

147 1751 153 1760 .
212 1696 329 1783 positia
353 1716 392 1763 ac
416 1694 541 1762 decano
566 1695 600 1760 S.
625 1694 759 1778 Georgii
782 1694 892 1760 Goion.
918 1695 997 1761 cccl.
1027 1693 1169 1780 mandat,
1203 1697 1353 1781 quatinus
1377 1698 1549 1765 cristinam

215 1810 326 1870 natam
350 1804 485 1869 Winrici
510 1802 550 1868 da
580 1801 809 1886 Bonengassen
842 1802 966 1867 scabini
999 1802 1177 1882 Bunnensis
1205 1803 1343 1888 puellam
1373 1803 1548 1871 litteratam

217 1910 326 1978 Colon.
352 1910 435 1977 dioc.
462 1911 643 1996 cupientem
668 1929 738 1974 cum
763 1909 929 1975 abbatissa
952 1914 985 1976 et
1009 1916 1169 1975 conventu
1193 1911 1376 1976 monasterii
1393 1910 1549 1980 Rolands-

217 2017 326 2084 werde
349 2016 417 2085 ord.
443 2018 477 2086 S.
502 2014 624 2082 Bened.
658 2015 745 2081 dicte
777 2015 861 2081 dioc.
895 2017 929 2080 in
961 2015 1074 2082 eodem
1109 2019 1302 2084 monasterio
1326 2019 1385 2084 sub
1408 2018 1550 2102 regulari

214 2125 326 2191 habitu
356 2123 486 2191 domino
520 2125 679 2206 famulari,
715 2125 742 2190 si
766 2124 809 2190 sit
840 2122 969 2208 ydonea
998 2131 1030 2189 et
1058 2122 1147 2190 aliud
1180 2125 1369 2192 canonicum
1401 2145 1465 2192 uon
1497 2126 1549 2192 oh·

214 2233 319 2315 sistat,
343 2233 376 2297 in
400 2230 514 2297 eodem
538 2231 731 2296 monasterio
755 2229 880 2296 iaciant
903 2230 1004 2316 recipi
1029 2230 1060 2296 in
1084 2230 1285 2298 monacham.

322 2338 401 2405 (lum
435 2340 519 2404 sicut
550 2339 734 2424 accepimus
759 2386 766 2403 .
790 2389 797 2406 .
824 2385 831 2401 .
890 2337 966 2405 Dat.
990 2337 1088 2404 Avin.
1112 2338 1162 2404 XI
1185 2338 1231 2405 kl.
1260 2339 1388 2425 augusti
1417 2361 1447 2407 a.
1471 2340 1548 2406 duo·

216 2444 352 2513 decimo.
1288 2464 1290 2468 ·

381 2569 454 2640 Req.
473 2569 552 2639 88Ῑ”Ι
572 2570 618 2626 47’
636 2584 684 2623 nr.
702 2567 786 2624 3124.

318 2825 440 2896 1524.
466 2828 554 2894 1328
577 2827 654 2895 Jou
680 2831 732 2894 22.
755 2826 921 2916 Aoipaou.

322 2972 481 3038 Iohannes
510 2971 609 3038 XXII
645 2971 779 3038 Iohanni
815 2971 856 3037 de
890 2970 1121 3057 Blankenberg
1157 2973 1281 3040 confert
1315 2972 1551 3060 parrochialem

215 3079 295 3148 eccl.
319 3081 352 3145 in
375 3078 490 3145 Kessel
514 3076 616 3145 Leod.
641 3077 725 3145 dioc.
750 3085 920 3144 vacantem
952 3099 1010 3165 per
1042 3080 1164 3146 obitum
1188 3079 1370 3147 Herbrandi
1403 3079 1445 3147 de
1476 3081 1551 3148 Oas-

214 3189 363 3273 seuberg,
394 3187 448 3270 qui
477 3185 597 3251 dudum
628 3184 715 3272 apud
739 3185 849 3253 sedem
872 3187 1084 3271 apostolicam
1108 3186 1192 3253 diem
1217 3188 1334 3254 clausit
1356 3208 1550 3274 supremum,

214 3315 278 3362 non
311 3296 459 3361 obstante
492 3291 578 3376 quod
611 3293 771 3359 lohannes
803 3295 836 3358 in
869 3294 1043 3378 collegiata
1075 3292 1153 3360 eccl.
1188 3293 1387 3362 Gardonensi
1417 3295 1549 3362 Trever.

215 3400 300 3468 dioc.
324 3400 382 3467 snb
406 3399 633 3485 expectatione
657 3399 821 3486 prebende
844 3400 877 3466 in
902 3401 1090 3467 canonicum
1114 3408 1163 3467 est
1185 3406 1344 3487 receptus.

322 3507 498 3574 Probitatis
530 3513 585 3572 tue
617 3508 830 3574 merita...
877 3509 953 3573 Dat.
984 3509 1078 3573 Avin.
1109 3509 1158 3573 XI
1187 3508 1232 3575 kl.
1263 3509 1391 3594 augusti
1419 3530 1449 3575 a.
1473 3508 1551 3576 duo·

215 3615 352 3684 decimo.

323 3723 371 3788 ln.
396 3741 424 3788 e.
446 3742 489 3788 m.
514 3721 709 3789 Xanctensis
733 3729 765 3788 et
789 3721 1006 3790 EmbrIcensis
1029 3722 1139 3790 Oolou.
1164 3729 1197 3790 et
1220 3724 1362 3790 Traiect.
1387 3723 1471 3790 dioc.
1496 3724 1551 3791 de·

216 3832 306 3897 canis
335 3850 374 3897 ae
402 3831 558 3914 magistro
586 3829 722 3898 Nicolao
751 3830 792 3896 de
815 3831 943 3896 Fractis
966 3831 1122 3897 canonico
1146 3833 1350 3898 PatracensIs
1372 3831 1551 3898 litterarum

217 3937 465 4025 apostolicarum
489 3937 663 4003 correctori
687 3938 904 4003 ecclesiarum.

381 4070 456 4140 Ray.
475 4071 512 4126 87
530 4069 555 4144 s.
577 4069 636 4124 256
654 4083 702 4124 nr.
722 4069 806 4124 2674.

324 4323 446 4395 1525.
472 4327 559 4394 1328
582 4324 659 4395 Jota·
682 4329 735 4393 22.
762 4326 928 4417 Aoipcoo.

325 4469 484 4538 lohannes
496 4471 595 4537 XXII
619 4471 781 4558 Phylippo
805 4472 889 4538 Kaio
914 4471 1040 4539 coniert
1062 4471 1141 4539 eccl.
1158 4469 1386 4540 Arnhemeusis
1409 4471 1550 4540 Traiect.

218 4575 303 4648 dioc.
338 4581 562 4645 canonicatum
587 4584 620 4645 ct
643 4578 838 4664 prebendam
868 4587 1024 4646 vacantes
1055 4600 1113 4666 per
1144 4581 1266 4646 obitum
1295 4580 1476 4648 Herbrandi
1510 4579 1552 4647 dc

218 4686 440 4770 Oassemberg,
474 4687 528 4769 qui
558 4684 678 4750 dudum
707 4684 795 4771 apud
823 4684 933 4753 sedem
962 4686 1172 4772 apostolicam
1196 4686 1282 4753 diem
1307 4688 1422 4756 clausit
1444 4708 1552 4774 supre-

217 4813 314 4878 mum,
338 4813 401 4860 non
425 4794 574 4861 obstante
603 4793 688 4878 quod
712 4793 892 4882 Phylippus
925 4791 966 4860 de
1000 4795 1192 4864 canonicatu
1221 4800 1254 4864 et
1282 4794 1447 4886 prebenda
1470 4795 1550 4869 eccl.
