3642 5509
713 474 783 530 lese
801 473 974 530 November
992 473 1036 530 28.
1496 473 1548 528 193

211 673 311 740 nuper
344 655 443 720 fuisse
473 654 600 739 dicitur,
635 655 826 720 munitiones
856 663 964 721 castra
993 653 1150 719 fortalitia
1181 652 1253 719 loca
1276 664 1308 718 et
1332 655 1416 719 bona
1440 675 1547 737 quam·

212 761 350 846 plurima
381 760 524 830 eiusdem
558 761 703 843 ecclesie,
737 760 830 827 nobis
861 780 925 825 non
948 767 1135 846 presentata
1158 781 1219 825 nce
1241 759 1383 826 admissa
1406 780 1463 845 per
1487 782 1546 828 nos

212 869 429 953 postulatione
449 867 642 950 huiusmodi,
667 868 844 953 occupasti.
891 867 988 951 Sane,
1013 868 1124 950 frater,
1149 886 1219 933 cum
1244 887 1302 932 nos
1326 864 1445 932 dudum
1470 875 1545 934 ante

212 976 335 1040 obitum
358 976 410 1042 bo.
435 996 496 1042 me.
527 975 648 1042 Mathia
681 974 918 1060 archiepiscopi
941 975 1121 1058 Magantini
1155 974 1369 1060 provisionem
1402 973 1546 1041 eiusdem

213 1083 350 1148 ecclesie
450 1084 543 1149 uobis
571 1089 604 1150 et
627 1083 806 1168 apostolice
829 1081 899 1148 sedi
924 1101 963 1147 ea
986 1082 1058 1148 vice
1083 1080 1269 1146 duxerimus
1292 1082 1480 1167 specialiter
1503 1102 1549 1147 re·

212 1189 443 1273 servandam.
469 1237 509 1256 ..
546 1191 773 1266 reservatione,
812 1209 908 1273 quam
942 1191 976 1254 iu
1010 1191 1057 1255 eis
1093 1189 1239 1274 partibus
1268 1197 1375 1255 notam
1404 1191 1552 1256 extitisse

213 1317 276 1362 non
299 1297 500 1381 ambigimus,
534 1298 709 1365 obsistente
741 1295 784 1363 ad
818 1297 1010 1363 electionem
1042 1296 1094 1362 vel
1127 1296 1375 1380 postulationem
1409 1297 1550 1379 aliquam

213 1403 344 1490 procedi
368 1424 431 1470 non
455 1405 559 1490 potuit
581 1406 614 1470 iu
638 1404 776 1470 ecclesia
799 1409 986 1469 memorata.
1018 1403 1062 1468 Et
1084 1411 1154 1468 esto
1175 1401 1262 1486 quod
1286 1423 1349 1468 non
1372 1403 1551 1469 obstitisset

213 1510 302 1577 dicta
324 1511 511 1596 reservatio,
544 1518 694 1598 pretextu
721 1511 947 1596 postulationis
980 1509 1161 1591 cuiuslibet,
1195 1510 1299 1576 donec
1328 1530 1387 1595 per
1416 1530 1475 1577 nos
1497 1509 1551 1576 ad·

213 1619 311 1686 missa
333 1618 457 1703 fuisset,
482 1619 539 1685 tibi
555 1639 620 1685 non
635 1619 726 1684 licuit
740 1617 783 1683 ad
804 1617 915 1701 aliqua
938 1615 1080 1682 ciusdem
1104 1617 1243 1682 ecclesie
1266 1618 1352 1682 bona
1375 1617 1551 1684 extendere

212 1745 326 1792 manus
349 1733 430 1792 tuas.
463 1727 616 1792 Miramur
639 1723 823 1807 admodum,
848 1744 920 1789 cum
941 1743 1042 1809 penas
1065 1743 1129 1788 uon
1154 1725 1318 1806 ignorares
1341 1725 1550 1809 gravissimas

213 1832 432 1899 acanonibus
465 1839 579 1898 contra
611 1832 691 1898 talia
723 1837 946 1917 presumentes
977 1828 1127 1912 inflictas,
1161 1830 1188 1895 si
1212 1829 1255 1895 ad
1279 1851 1319 1896 ea
1342 1835 1557 1916 processeris,

213 1940 297 2004 sicut
319 1939 428 2004 lemur.
476 1937 635 2018 Quocirca
658 1938 876 2004 tratemitatis
893 1943 947 2002 tue
975 1936 1212 2022 providentiam
1238 1938 1426 2020 requirimus
1449 1946 1550 2005 atten-

213 2045 277 2121 tius
291 2053 325 2111 et
347 2045 522 2128 hortamur,
619 2044 769 2129 quatinus
793 2065 813 2109 a
835 2044 1009 2128 premissis,
1032 2044 1059 2108 si
1088 2043 1198 2109 forsan
1222 2043 1264 2108 ad
1281 2063 1320 2108 ea
1343 2049 1553 2130 processeris,

212 2151 389 2237 prudenter
421 2152 591 2219 retrahens
624 2152 816 2236 quantocius
848 2171 961 2217 manus
991 2156 1073 2232 tuas,
1104 2152 1294 2216 munitiones
1324 2159 1432 2218 castra
1455 2154 1553 2219 sorta-

213 2259 284 2325 litia
308 2265 341 2325 et
369 2259 435 2327 alia
463 2261 575 2343 quevis
599 2260 684 2326 bona
711 2257 859 2344 predicta
881 2258 1072 2340 illommqne
1095 2255 1404 2323 administrationem
1429 2259 1550 2328 dilecto

213 2365 279 2432 filio
302 2365 443 2432 ilenrico
467 2367 665 2452 Maguntino,
681 2385 775 2449 quem
799 2415 805 2431 .
826 2418 832 2434 .
853 2414 861 2430 .
884 2364 990 2430 cidem
1013 2365 1152 2430 ecclesie
1175 2364 1369 2450 prefecimus
1392 2367 1426 2431 iu
1449 2369 1553 2435 arohi-

214 2473 400 2559 episcopum
426 2481 458 2541 et
480 2481 654 2560 pastorem,
687 2473 877 2557 quantocius
905 2471 1070 2538 dimittere
1094 2479 1241 2539 cessante
1265 2471 1455 2541 difficultate
1478 2495 1554 2558 qua·

213 2579 293 2645 libet
314 2601 379 2646 non
403 2588 648 2668 postponas...
672 2580 749 2646 Dat.
775 2579 869 2646 Aviu.
894 2580 946 2644 ΙΙΙ
969 2577 1042 2646 idus
1065 2580 1247 2646 novembris
1270 2600 1300 2645 a.
1317 2580 1550 2648 tertiodecimo.

375 2724 448 2794 Περ.
467 2725 521 2778 115
535 2738 585 2793 ps.
605 2722 624 2776 I
637 2721 662 2792 f.
682 2721 720 2777 91
738 2737 786 2776 nr.
805 2724 879 2790 614;
898 2722 952 2778 Ra.
973 2722 1057 2777 1095.

323 3023 443 3093 1577.
480 3027 568 3090 1328
589 3024 777 3091 November
800 3027 854 3090 28.
893 3023 1059 3112 Aoipnon.

320 3187 491 3253 Iohannes
513 3187 624 3251 XXII
643 3185 787 3252 decanos
810 3185 847 3252 S.
871 3186 1035 3253 Gereonia
1059 3194 1091 3252 et
1114 3185 1150 3253 S.
1175 3186 1329 3254 Severini
1352 3189 1389 3254 in
1414 3186 1554 3258 Colonia

214 3317 255 3362 ac
278 3295 314 3361 S.
341 3294 447 3360 Penii
476 3295 513 3359 in
541 3295 668 3358 Leodio
701 3293 843 3378 deputat
875 3299 1126 3360 conservatores
1160 3302 1191 3361 et
1224 3296 1361 3376 indices,
1395 3297 1453 3381 qai
1485 3306 1556 3364 tam

215 3403 403 3468 rectoribus
426 3402 575 3466 civitatis
594 3398 802 3467 Colonienais
825 3408 944 3465 contra
966 3408 1112 3485 qnatnor
1135 3401 1270 3466 ordinm
1293 3403 1555 3470 mendicantium

215 3530 317 3595 qnam
348 3509 402 3574 Itis
429 3515 551 3574 contra
584 3507 661 3572 iilos
694 3508 855 3572 assistant
888 3528 993 3591 neqne
1022 3509 1224 3592 permittant
1252 3509 1383 3594 aliquid
1409 3512 1487 3596 fieri
1516 3515 1557 3578 ab

214 3616 366 3701 ntriaqne
394 3619 513 3680 eontra
539 3619 689 3680 tenorem
713 3614 909 3680 decretalis:
943 3615 1055 3700 Super
1078 3614 1358 3682 cathedram...
1381 3617 1557 3704 nBonisa·

215 3723 267 3788 cio
298 3723 390 3788 VIII
409 3723 501 3789 editi.

324 3862 500 3950 [Iohannes
521 3864 632 3950 XXII]
668 3866 701 3932 S.
728 3865 884 3932 Gereonis
913 3872 947 3931 ct
969 3866 1003 3933 S.
1028 3865 1174 3932 Severini
1199 3867 1436 3935 Coloniensinm
1461 3889 1500 3935 ao
1524 3869 1557 3936 S.

215 3973 308 4039 Pauli
332 3973 418 4038 infra
440 3992 547 4039 muros
569 3972 770 4040 Leodienses
793 3972 1003 4040 ecclesiamm
1028 3972 1170 4040 decanis.

322 4079 522 4162 Frequentes
545 4078 712 4162 hactenus,
743 4081 839 4146 immo
863 4079 1065 4146 innumerose
1092 4080 1331 4164 quodammodo
1356 4081 1397 4148 de
1420 4081 1558 4150 diversis

215 4184 326 4251 muudi
349 4187 497 4272 partibus
510 4235 518 4253 .
533 4236 563 4252 ..
586 4189 809 4273 episcoporum
833 4186 1031 4268 aliorumque
1054 4187 1253 4272 superiorum
1278 4189 1472 4274 prelatorum
1495 4210 1556 4256 uec

216 4313 280 4358 uon
294 4340 323 4357 ..
342 4300 502 4360 rectorum
527 4301 710 4360 curatorum
734 4300 766 4358 et
789 4293 1039 4378 parrochialium
1063 4294 1267 4360 sacerdotum
1292 4281 1425 4378 querele
1445 4302 1557 4363 contra

218 4399 381 4466 ..iratres
398 4399 641 4467 Predicatomm
659 4406 693 4465 et
708 4399 867 4465 blinorum
891 4397 1039 4465 ordinum
1063 4407 1203 4467 nostrum
1221 4409 1254 4467 et
1269 4401 1356 4469 sedis
1378 4404 1556 4488 apostolice

216 4507 399 4573 excitamnt
422 4505 567 4573 auditum
592 4513 625 4573 et
649 4508 799 4574 clamosis
822 4506 1092 4573 insinuationibus
1115 4509 1257 4576 excitare
1282 4517 1315 4575 et
1336 4510 1478 4594 fatigare
1494 4531 1558 4577 non

216 4621 356 4699 cessant,
390 4614 476 4698 quod
505 4613 604 4680 iidem
634 4614 749 4680 fratres
780 4613 978 4680 decretalem
1002 4613 1121 4680 dudum
1146 4616 1266 4682 editam
1291 4638 1312 4683 a
1333 4617 1377 4683 le.
1394 4637 1440 4686 rc.
1465 4618 1558 4684 Boni·

216 4722 299 4789 tatio
322 4743 409 4808 papa
432 4721 513 4788 VIll
539 4772 547 4787 .
573 4767 592 4805 .,
617 4741 680 4805 que
703 4723 835 4807 incipit:
876 4721 981 4806 Super
1010 4721 1209 4808 cathedram,
1238 4744 1278 4790 ac
1301 4723 1419 4790 deinde
1442 4744 1500 4810 per
1524 4746 1557 4811 p.

215 4850 278 4898 me.
304 4829 501 4898 Clementem
529 4850 647 4917 papam
672 4830 730 4896 V.
756 4879 764 4896 .
792 4831 824 4896 iu
850 4829 1024 4898 Viennensi
1056 4831 1192 4898 concilio
1221 4831 1406 4900 innovatum
1439 4838 1560 4901 temere

265 4971 352 5019 ΜΚ.
369 4971 498 5028 manna
512 4969 547 5018 11.
1372 4957 1406 5017 ld
