3642 5509
763 435 832 491 1328
849 436 985 493 Februar
996 437 1045 491 ‘19.

340 659 464 726 1488.
490 663 577 726 1328
608 663 759 727 Febraar
782 663 835 727 19.
859 660 1026 749 Aoiprtoa.

341 802 510 869 lebannes
542 806 654 869 XXII
683 805 887 870 monasterio
916 804 1142 871 Brawilrerrei
1175 807 1362 871 debitorem
1387 826 1486 870 onera
1510 827 1565 891 op·

227 931 349 995 praeeo
378 912 519 996 deputat
546 919 614 977 tres
636 913 774 994 iredioee,
799 914 857 998 qai
879 913 1052 978 inhibeant
1078 914 1200 979 ledeos
1225 918 1256 978 et
1279 913 1366 978 aiios
1389 914 1565 978 usurarios

233 1018 435 1083 christianos
457 1019 499 1083 ub
524 1020 715 1085 extorsione
738 1041 934 1085 bearorum.

341 1141 512 1227 [lohannes
536 1143 647 1227 XXII]
682 1142 716 1209 S.
740 1143 852 1210 Crucis
875 1144 1066 1211 Leodiensis
1095 1152 1127 1210 et
1156 1144 1402 1210 Darantriensis
1426 1144 1567 1209 Traieet.

232 1248 316 1316 dioc.
340 1247 472 1315 decanis
495 1271 535 1315 ac
557 1251 729 1316 scolastico
753 1251 961 1317 Treverensis
985 1251 1063 1317 ecel.

339 1357 567 1441 Significarunt
590 1359 682 1425 nobis
705 1356 816 1423 dilecti
839 1357 895 1423 filii
915 1357 1099 1425 Friderieus
1122 1359 1224 1425 abbas
1247 1362 1281 1425 et
1303 1364 1480 1424 conventus
1503 1379 1567 1424 mo

231 1464 363 1529 casterii
399 1464 436 1528 B.
466 1465 592 1531 Nicolai
631 1464 852 1531 Bruwilrensis
887 1465 956 1531 ord.
992 1467 1026 1532 S.
1055 1464 1175 1531 Bened.
1201 1463 1311 1531 Gelon.
1348 1464 1444 1549 dioc,
1481 1464 1567 1548 quod

232 1569 352 1636 dictum
386 1572 612 1636 monasterium
642 1578 690 1635 tot
723 1579 772 1637 est
805 1571 984 1637 debitorum
1018 1572 1152 1638 sarcinis
1177 1578 1341 1637 oneratum
1365 1578 1496 1658 propter
1520 1570 1553 1636 di

232 1697 342 1743 versas
377 1676 591 1759 obligationes
625 1678 732 1744 laetas
766 1686 831 1743 tam
867 1679 1038 1745 occasione
1067 1677 1201 1743 duorum
1231 1677 1350 1743 dudum
1373 1679 1406 1742 in
1430 1678 1566 1744 abbates

233 1783 313 1850 dicti
347 1786 530 1851 monasterii
552 1786 586 1850 iu
610 1784 773 1851 discordia
802 1785 986 1869 electorum,
1022 1784 1076 1869 qui
1101 1792 1165 1850 tam
1189 1787 1220 1849 in
1245 1786 1390 1870 partibus
1414 1804 1509 1867 quam
1533 1783 1566 1849 in

231 1890 378 1957 Romana
401 1892 491 1956 curia
513 1912 570 1977 per
593 1890 706 1957 decern
730 1912 830 1957 annos
854 1899 886 1957 et
909 1893 1046 1977 amplius
1070 1912 1166 1975 super
1189 1891 1250 1957 boe
1271 1891 1447 1975 litigarunt,
1469 1910 1564 1974 quarn

230 1998 324 2080 alias,
357 1997 443 2080 quod
476 1997 621 2064 redditus
645 2005 678 2063 et
700 2007 875 2084 proventus
903 2000 1003 2090 ipsius
1031 1999 1216 2063 monasterii
1244 2018 1308 2064 non
1337 1997 1500 2064 sufficiunt
1523 1996 1565 2063 ad

230 2104 404 2170 solvendas
431 2124 544 2172 usuras
572 2112 638 2170 tam
663 2105 772 2173 Iudeis
801 2127 895 2189 quam
925 2106 997 2171 aliis
1021 2106 1173 2172 usurariis
1197 2104 1395 2187 christianis3
1435 2112 1566 2190 propter

231 2211 317 2295 quod
341 2212 507 2278 monachis
538 2214 639 2299 ipsius
662 2212 847 2278 monasterii
871 2213 1106 2295 nequeuntibus
1128 2211 1248 2278 ibidem
1278 2211 1422 2298 recipere
1447 2212 1566 2277 vietum

230 2320 357 2385 solitum
382 2325 415 2385 et
438 2321 588 2386 vestitum
621 2320 704 2404 perit
731 2319 851 2385 ibidem
884 2321 1091 2386 observantia
1122 2319 1289 2402 regularis.
1335 2319 1417 2387 Narn
1441 2336 1566 2403 posses·

229 2427 336 2493 aiones
359 2433 467 2492 curtes
491 2431 523 2492 et
547 2426 673 2492 decime
702 2427 804 2512 ipsius
832 2426 1016 2492 monasterii
1042 2426 1185 2510 personis
1209 2424 1439 2492 ecclesiasticis
1463 2433 1495 2490 et
1517 2443 1565 2491 se-

230 2533 392 2599 cularibus
415 2534 558 2618 obligate
582 2540 614 2598 et
631 2532 762 2598 vendite
783 2534 825 2599 ab
842 2532 962 2600 eisdem
980 2533 1216 2618 presentialiter
1232 2532 1425 2616 detinentur,
1449 2552 1566 2616 graves

230 2643 327 2707 etiam
352 2643 522 2726 pensiones
550 2648 583 2706 et
609 2639 806 2706 hereditarie
829 2661 953 2706 necnon
976 2639 1177 2705 ususfructus
1201 2639 1243 2705 ad
1265 2640 1364 2704 vitam
1387 2639 1565 2721 aliquorum

229 2755 304 2814 sunt
327 2768 385 2834 pro
412 2750 492 2815 satis
524 2747 652 2814 modica
686 2748 822 2831 pecnnia
854 2748 886 2811 in
922 2747 1013 2813 bonis
1048 2745 1127 2812 dicti
1162 2747 1346 2813 monasterii
1381 2748 1565 2828 constitute,

231 2856 347 2940 quibus
370 2876 428 2941 pro
451 2856 610 2921 solutione
634 2854 793 2921 dictarum
816 2854 1004 2939 pensionum
1028 2855 1154 2937 aliquas
1177 2854 1277 2940 ipsius
1293 2854 1476 2919 monasterii
1494 2873 1565 2938 pos-

229 2964 388 3029 sessiones
412 2963 505 3028 titulo
528 2963 671 3047 pignoris
695 2961 890 3045 obligarunt,
920 2962 952 3025 in
976 2959 1122 3027 fraudem
1148 2980 1313 3027 usurarum
1338 2966 1371 3027 et
1395 2961 1564 3045 pignorum

230 3068 410 3136 huiusmodi
448 3070 619 3135 celebratis
652 3069 870 3135 contractibus
903 3071 1099 3152 emptionum
1135 3077 1167 3133 et
1202 3088 1297 3153 super
1330 3068 1376 3134 eis
1409 3068 1565 3134 confectis

228 3177 367 3263 publicis
390 3177 619 3243 instrumentis.
666 3177 774 3256 Quare
806 3176 926 3262 prefati
959 3175 1061 3241 abbas
1085 3182 1117 3240 et
1141 3181 1316 3240 conventus
1343 3175 1436 3240 nobis
1465 3174 1564 3239 hurni-

229 3286 302 3350 liter
324 3284 556 3370 supplicarunt,
580 3294 615 3349 ut
639 3284 815 3350 creditores
831 3290 864 3348 et
880 3283 961 3350 alios
984 3282 1196 3367 supradictos,
1220 3283 1247 3347 si
1265 3282 1455 3362 eonstiterit,
1477 3279 1563 3364 quod

229 3392 363 3473 fruetus,
397 3412 477 3475 quos
500 3389 542 3457 de
565 3391 721 3477 predictis
745 3390 838 3457 bonis
862 3397 894 3456 et
917 3389 1173 3475 possessionibus
1196 3388 1248 3455 rel
1272 3389 1397 3453 ratione
1420 3387 1564 3454 usufruc-

229 3506 318 3563 tuum
351 3504 385 3564 et
417 3499 603 3584 pensionum
634 3498 685 3564 vel
719 3498 915 3582 emptionum
946 3495 1124 3561 huiusmodi
1158 3496 1191 3561 in
1218 3494 1366 3561 fraudem
1398 3514 1564 3561 usurarum

230 3613 467 3671 contractarum
491 3606 682 3690 receperint,
707 3603 885 3670 ascendant
907 3622 1009 3686 nsque
1033 3602 1076 3668 ad
1092 3623 1201 3668 verum
1218 3603 1358 3687 pretium
1372 3622 1429 3669 seu
1445 3609 1563 3669 sortem

229 3712 366 3796 pecunie
389 3718 533 3778 mutuate
557 3719 613 3778 aut
636 3712 739 3778 solute
763 3731 821 3797 per
844 3730 910 3795 eos,
935 3710 1083 3795 predicta
1106 3716 1191 3777 sorte
1215 3716 1392 3792 contentos,
1423 3710 1565 3792 alioquin

229 3827 360 3904 recepto
384 3820 472 3905 prius
495 3819 537 3885 ab
561 3818 675 3885 eodem
698 3819 904 3901 monasterio,
930 3816 1015 3900 quod
1031 3838 1051 3882 a
1068 3837 1145 3893 vero
1169 3819 1271 3902 pretio
1295 3837 1350 3883 seu
1372 3823 1458 3883 sorte
1482 3837 1565 3886 oom-

231 3928 351 4011 putatis
374 3926 543 4010 fructibus,
568 3946 647 4009 quos
671 3946 712 3992 ex
736 3925 828 3991 bonis
851 3923 1033 3991 huiusmodi
1054 3930 1275 4010 perceperunt,
1300 3924 1410 3991 forsan
1426 3923 1564 4008 deesset,
1638 3946 1641 3953 ⁴

230 4033 273 4099 ad
306 4032 537 4101 restituendum
570 4033 659 4099 dicta
688 4034 772 4098 bona
801 4039 833 4098 et
863 4032 1082 4117 possessiones
1105 4052 1144 4101 ac
1167 4032 1339 4117 pensiones
1362 4050 1485 4097 annuas
1508 4050 1565 4097 sen

230 4140 452 4223 hereditarias,
485 4149 519 4206 et
548 4138 699 4224 quicquid
728 4139 813 4204 ultra
842 4146 959 4204 sortem
984 4144 1184 4224 receperunt,
1219 4156 1259 4203 ac
1282 4138 1483 4203 ususfructus
1507 4134 1563 4202 bn·

229 4247 366 4314 iuemodi
391 4247 479 4313 dicto
502 4247 696 4313 monasterio
720 4245 940 4328 relaxandum,
964 4244 1120 4311 restitutis
1137 4244 1331 4327 quibuslibet
1346 4244 1565 4310 instrumentis

229 4362 263 4420 et
285 4354 401 4420 litteris
423 4374 520 4440 super
542 4353 806 4438 promissionibus
836 4353 1004 4434 confectis,
1028 4352 1279 4435 obligationibus
1302 4371 1429 4435 quoqne
1452 4370 1565 4417 renun-

230 4461 423 4527 ciationibus
450 4469 482 4525 et
509 4461 614 4547 pactis
644 4460 896 4542 quibuscumque
925 4458 1044 4524 habitis
1073 4478 1169 4543 super
1197 4455 1260 4523 biis
1283 4458 1404 4541 recisis,
1438 4456 1564 4525 fideius-

229 4567 355 4635 soribus
389 4568 486 4633 etiam
516 4574 550 4633 et
574 4566 742 4633 obsidibus
775 4565 860 4632 datis
894 4585 990 4651 super
1027 4566 1087 4630 boc
1102 4640 1105 4649 ¹
1122 4564 1279 4631 absolutis
1312 4572 1345 4631 et
1376 4564 1564 4632 iuramentis

229 4695 326 4761 super
350 4674 412 4741 biis
435 4674 556 4741 habitis
572 4672 737 4756 relaxatis,
762 4672 910 4758 compelli
927 4692 984 4758 per
1001 4671 1157 4738 discretos
1181 4671 1305 4755 aliquos
1328 4670 1563 4739 mandaremus.

231 4781 316 4862 Quia
340 4801 417 4849 vero
440 4782 533 4847 nobis
556 4801 620 4846 non
644 4780 789 4847 constitit
812 4779 854 4845 de
876 4778 1049 4865 premissis,
1074 4778 1261 4846 discretioni
1283 4786 1389 4846 vestre
1478 4799 1565 4845 man·
