3642 5509
250 421 308 511 ato
818 455 887 510 raao
905 453 978 510 Junr
998 420 1040 509 da.

157 609 160 612 ⁴
251 635 445 704 reducendo.
493 636 535 701 lit
558 655 646 719 eece,
675 634 794 701 dilecte
817 636 873 717 lili,
908 634 992 718 quod
1023 635 1198 718 peticiones
1221 655 1279 718 pro
1303 641 1335 700 te
1360 637 1485 718 tuisque
1509 655 1585 701 nun·

252 743 311 809 oiis
334 744 427 809 nobis
455 742 582 809 oblatas
609 741 652 807 ad
682 741 898 808 exauditionis
929 742 1079 807 effectum
1104 740 1262 824 duximus,
1296 749 1390 827 prout
1412 741 1585 810 secundum

253 845 348 910 deum
372 846 542 931 potuimus,
567 845 791 911 favorabiliter
814 843 1043 910 admittendas.
1090 843 1164 908 Dat.
1190 843 1285 908 Avin.
1310 845 1371 910 XV
1395 844 1439 910 kl.
1465 844 1531 910 iulii
1555 866 1584 910 a.

252 952 505 1035 quartodecimo.

402 1077 474 1146 Rep.
494 1077 548 1130 115
564 1091 613 1145 pa.
633 1075 706 1145 Hs.
726 1075 781 1130 169
799 1082 846 1129 ur.
867 1076 949 1130 1956.

361 1338 474 1405 1917.
501 1341 589 1405 1330
611 1341 698 1407 Jum'
721 1341 775 1405 28.
795 1338 962 1425 Aoipuou.

363 1483 530 1549 Iohuuuea
554 1484 665 1548 XXII
695 1484 835 1568 deputat
863 1491 932 1548 tres
963 1489 1170 1564 assecutores,
1199 1484 1256 1568 qui
1285 1484 1586 1549 commendatorem

253 1589 372 1655 domus
395 1591 437 1655 B.
454 1591 567 1655 Maria
585 1591 863 1656 Theotom'corum
892 1587 1006 1654 Oolou.
1031 1597 1257 1654 contumacem
1280 1592 1317 1654 iu
1339 1611 1407 1655 uou
1430 1591 1585 1656 eolueudo

251 1718 380 1763 camere
404 1699 584 1782 apostolice
607 1698 780 1782 quemdum
802 1718 969 1762 summam
993 1698 1194 1762 denuncient
1213 1698 1347 1782 publice
1364 1698 1586 1763 eucommum'-

250 1813 363 1870 catum
387 1806 521 1890 eiusque
546 1805 718 1871 ecclesium
741 1805 919 1870 interdicto
942 1806 1164 1889 suppositam.

359 1927 532 2013 [lohannes
555 1928 667 2013 XXII]
704 1928 910 2013 Heynderieo
943 1928 977 1994 S.
1002 1928 1148 1994 Severini
1174 1935 1206 1994 et
1235 1979 1242 1994 .
1273 1979 1279 1994 .
1309 1927 1466 1996 Gereonio
1497 1927 1586 1995 Colo-

250 2035 407 2104 niensium
440 2034 612 2122 prepositis
645 2055 685 2101 ao
717 2034 917 2102 Godesealeo
951 2034 993 2101 de
1026 2035 1176 2120 Barbegh
1209 2036 1379 2103 scolastico
1410 2037 1587 2104 Bunneusis

254 2143 364 2210 Colon.
389 2142 474 2209 dioc.
499 2142 719 2209 ecclesiarum.

359 2249 488 2315 Dudum
512 2251 614 2333 vobis,
647 2249 704 2315 filii
729 2249 935 2335 Heynderiee
958 2271 998 2316 ac
1022 2249 1232 2334 Godesoalce,
1267 2271 1325 2337 per
1353 2256 1480 2317 nostras
1508 2251 1587 2316 certi

251 2357 373 2422 tenoris
406 2357 531 2422 litteras
564 2356 692 2422 dedisse
720 2357 922 2422 meminimus
951 2357 984 2421 in
1008 2356 1178 2441 mandatis,
1212 2356 1298 2441 quod
1418 2355 1586 2424 comenda·

250 2469 352 2529 torem
369 2463 482 2530 domus
496 2465 535 2529 B.
552 2465 654 2530 Maris
670 2465 941 2530 Theotonicorum
959 2463 1158 2531 Coloniensis
1176 2460 1368 2550 [moneatis],
1388 2471 1423 2528 ut
1438 2463 1586 2530 undecim

249 2571 398 2638 marchas
425 2573 495 2637 auri
528 2592 599 2637 cnm
628 2571 764 2637 dimidia
787 2571 830 2636 ad
862 2571 988 2657 pondus
1012 2572 1149 2657 Colonia„
1178 2572 1219 2637 ad
1253 2591 1412 2638 cameram
1444 2569 1585 2637 nostram

248 2685 443 2764 spectantes,
468 2698 548 2762 quas
571 2677 657 2744 idem
682 2677 889 2745 comendator
905 2677 1106 2744 Theoderico
1132 2678 1173 2744 de
1189 2679 1332 2760 Polonia,
1358 2678 1423 2762 qui,
1447 2684 1483 2743 ut
1507 2677 1585 2743 dioi-

249 2791 311 2868 tur,
335 2806 370 2852 se
386 2786 529 2852 iaciebat
554 2786 686 2851 fratrem
703 2786 877 2852 Iohannem
903 2786 944 2852 de
960 2786 1095 2852 Polonia
1110 2787 1276 2864 nominari,
1301 2805 1357 2851 eas
1380 2786 1442 2851 sibi
1457 2803 1585 2870 presen-

249 2898 338 2957 tante
362 2900 538 2978 receperat,
562 2893 645 2958 infra
669 2889 791 2958 certum
808 2894 975 2958 terminum
1001 2892 1139 2978 [camere
1163 2893 1310 2980 predicte
1333 2893 1484 2976 solveret,
1508 2892 1583 2958 alio·

250 3000 327 3083 quin
336 2999 542 3066 iniraeertum
556 3000 737 3085 terminum]
751 3006 827 3067 tune
840 3000 1026 3066 immediate
1040 3006 1223 3084 sequentem
1238 3000 1447 3086 personaliter
1459 3006 1586 3085 aposto·

248 3107 311 3174 lieo
325 3109 510 3193 conspectui
521 3128 555 3174 se
565 3112 781 3192 presentaret.
790 3157 814 3173 ..
829 3108 944 3173 Verum
956 3107 1274 3192 tu,filiHeynderiee,
1283 3106 1461 3173 huiusmodi
1471 3106 1586 3172 litteris

247 3217 365 3282 uostris
389 3215 508 3282 devote
531 3218 670 3302 receptis
693 3265 754 3281 ...
777 3216 855 3281 lieet
878 3214 1000 3281 dietum
1025 3213 1315 3281 commendatorem
1344 3214 1584 3300 presencialiter

249 3323 409 3390 monueris
441 3344 481 3389 ae
509 3322 614 3388 eidem
648 3322 852 3389 mandaveris
885 3323 1079 3388 auctoritate
1105 3321 1235 3407 [nostra
1264 3323 1309 3407 ut]
1334 3322 1483 3409 predicta
1517 3321 1585 3388 auri

250 3430 430 3512 quantitate
447 3430 573 3515 prefate
590 3449 716 3496 camere
732 3429 937 3495 satisfaceret
953 3429 1088 3513 integre,
1113 3429 1254 3513 alioquin
1272 3449 1379 3495 coram
1402 3429 1494 3496 nobis
1518 3449 1586 3514 per·

250 3537 405 3602 sonaliter
428 3545 652 3622 compareret.
672 3586 678 3602 .
698 3536 829 3603 ‚dictus
852 3543 960 3602 tamen
985 3535 1225 3602 commendator
1253 3586 1311 3602 ...
1340 3535 1500 3603 mandatis
1523 3537 1587 3603 tuis

249 3641 434 3710 huiusmodi
459 3644 651 3729 contempsit
675 3645 906 3710 contumaciter
933 3643 1075 3710 obedire.
1121 3643 1189 3710 Nos
1212 3643 1334 3728 igitur.
1354 3693 1361 3709 .
1380 3693 1387 3708 .
1404 3644 1508 3729 ipsum
1526 3694 1533 3710 .
1552 3693 1586 3710 ..

249 3752 500 3835 pronunciantes
516 3753 630 3818 merito
648 3759 878 3835 contumacem,
895 3753 929 3818 in
946 3772 1017 3817 eum
1035 3752 1372 3819 excommunicationis
1389 3753 1470 3818 etin
1487 3752 1587 3819 eoele-

249 3858 331 3922 siam
366 3857 454 3926 dicte
486 3859 600 3926 domus
633 3858 795 3926 interdicti
820 3860 998 3925 sententias
1021 3858 1172 3924 duximus
1195 3858 1457 3944 promulgandas.
1504 3858 1587 3938 Quo-

251 3965 338 4030 circa
361 3964 549 4032 discretioni
573 3972 680 4032 vestre
798 3966 999 4050 mandamus,
1028 3967 1178 4049 quatinus
1296 3965 1587 4035 commendatorem

248 4071 295 4137 sic
319 4074 630 4139 excommunicatum
661 4080 693 4139 et
724 4073 895 4139 ecclesiam
929 4072 1151 4140 ecclesiastico
1184 4071 1356 4138 interdicto
1389 4073 1587 4159 suppositam

249 4179 282 4243 iu
305 4179 451 4247 eeclesiis
482 4179 626 4247 civitatis
654 4188 687 4246 et
717 4180 856 4248 diocesis
879 4180 1089 4258 Coloniendn,
1118 4179 1160 4245 de
1184 4180 1298 4264 quibus
1322 4179 1476 4266 expedire
1499 4179 1586 4247 vide·

248 4285 329 4369 ritis,
363 4285 478 4353 diebus
510 4285 679 4354 dominicis
713 4295 745 4354 et
778 4288 914 4372 festivis,
949 4289 1084 4374 pulsatis
1116 4288 1284 4372 campanis
1308 4293 1341 4353 et
1364 4285 1508 4354 candelis
1536 4308 1587 4354 ac-

249 4393 364 4478 censis,
397 4393 522 4461 tamdiu
546 4395 675 4481 publice
698 4396 866 4479 nuncietis,
892 4394 1053 4462 'faciendo
1088 4394 1380 4462 commendatorem
1412 4395 1517 4481 ipsum
1545 4396 1588 4461 ab

248 4500 321 4567 aliis
345 4501 451 4567 areius
475 4503 603 4586 evitari,
627 4501 733 4569 donee
757 4525 777 4568 a
799 4503 893 4570 uobis
917 4524 1012 4590 super
1036 4503 1097 4570 hoe
1122 4501 1210 4569 aliud
1235 4503 1423 4589 receperitis
1446 4503 1478 4568 in
1501 4523 1588 4568 man·

247 4605 343 4674 datis.
390 4608 433 4674 ut
456 4609 696 4695 nichilominus,
720 4619 755 4675 ut
772 4610 999 4696 indempnitati
1023 4609 1232 4697 provideatur
1248 4629 1375 4675 camere
1391 4609 1588 4695 supradicte,

247 4713 369 4781 fructus
392 4714 540 4786 redditus
574 4725 605 4784 et
639 4725 812 4803 proventus
845 4717 989 4784 eiusdem
1022 4717 1135 4784 domus
1163 4722 1360 4784 arrestantes
1393 4717 1588 4783 auctoritate

245 4820 402 4914 predicta,
439 4823 480 4891 de
503 4826 586 4916 ipsis
610 4845 710 4911 usque
735 4825 777 4891 ad
802 4825 942 4891 valorem
968 4825 1184 4914 predictarum
1209 4822 1360 4892 undecim
1387 4823 1588 4896 marcharum
