3642 5509
776 421 845 479 lons
863 418 1001 478 Februar
1019 422 1044 477 6.
1498 414 1551 475 127

217 612 327 671 servat
350 604 539 671 beneficium
564 603 821 670 ecclesiasticum
844 623 915 669 cum
941 622 1017 668 cura
1033 601 1083 668 vel
1108 602 1177 667 sine
1201 620 1288 683 cura,
1314 601 1402 665 cuius
1419 599 1552 683 fructus,

217 713 244 778 si
269 734 340 778 cum
365 733 452 794 cura,
488 711 614 795 viginti,
652 712 679 776 si
705 730 780 776 vero
804 711 874 776 sine
898 730 976 775 cura
999 710 1107 791 fuerit,
1141 708 1322 790 quindecim
1352 706 1553 773 marcharum

218 819 355 903 argenti,
388 839 413 885 s.
432 825 456 883 t.
473 818 506 883 d.
530 818 673 884 valorem
707 837 846 883 annuum
879 838 943 883 non
979 816 1149 896 excedant,
1180 821 1330 901 spectans
1354 814 1394 879 ad
1420 814 1554 901 disposi-

217 927 336 992 tionem
361 925 515 1011 prepositi
540 924 655 990 dccani
680 932 713 990 et
738 924 871 1009 capituli
895 925 975 989 eccl.
1001 923 1058 989 SS.
1089 922 1313 1007 Apostolorum
1338 921 1447 987 Oolon.
1472 941 1554 987 com-

218 1034 356 1099 muniter
388 1032 439 1097 vel
473 1032 618 1114 divisim,
655 1052 719 1097 non
752 1032 902 1098 obstante
935 1029 1020 1113 quod
1053 1049 1149 1115 super
1181 1028 1320 1094 eeclesia
1353 1028 1394 1094 de
1427 1030 1553 1094 Putteu.

219 1140 361 1205 Traiect.
386 1137 470 1204 dioc.
494 1138 581 1222 apud
605 1137 715 1204 sedem
740 1138 951 1224 apostolicam
975 1137 1092 1220 litigat.

327 1245 507 1311 Laudabile
530 1246 745 1312 testimonium
769 1245 856 1329 quod
878 1295 885 1310 .
904 1294 938 1311 ..
986 1245 1062 1310 Dat.
1085 1245 1181 1311 Avin.
1209 1245 1284 1310 VIII
1308 1244 1380 1311 idus
1404 1245 1555 1310 februarii

220 1374 249 1418 a.
275 1352 478 1419 duodecimo.

324 1460 362 1525 ln
386 1480 414 1525 e.
430 1482 472 1525 m.
497 1460 726 1527 Darentriensi
750 1468 783 1526 et
806 1460 987 1525 Embriensi
1011 1459 1153 1526 Traiect.
1179 1458 1261 1524 dioc.
1287 1457 1420 1526 decanIs
1443 1479 1483 1524 ac
1508 1459 1555 1524 Ia·

219 1569 301 1636 eobo
325 1566 367 1633 de
391 1567 515 1634 Mutina
539 1569 694 1634 canonIeo
718 1567 963 1635 Cameracensis
985 1565 1202 1632 ecclesiarum.

369 1691 442 1762 Περ.
461 1691 499 1746 87
516 1691 540 1761 s.
558 1694 604 1746 84‘
623 1707 672 1746 nr.
691 1691 778 1746 2233.

328 1961 445 2028 141⁹.
476 1964 564 2030 1328
587 1965 741 2030 Febraar
756 1966 788 2028 6.
812 1962 979 2051 Avipnou.

332 2104 491 2174 lohannes
518 2108 618 2172 XXII
659 2105 834 2174 Iohannem
864 2106 905 2173 de
939 2106 1130 2190 Doensbrug
1160 2105 1308 2172 clericum
1340 2106 1557 2173 Traiectensis

221 2210 318 2295 dioc,
343 2212 398 2296 qui
423 2213 498 2279 olim
522 2215 756 2301 parrochialem
781 2215 953 2281 ecelesiam
978 2214 1019 2279 de
1042 2215 1131 2279 Meer
1155 2214 1265 2280 Gelon.
1290 2213 1373 2280 dinc.
1401 2214 1558 2300 recipiens

223 2339 282 2404 per
306 2319 461 2386 tredecim
485 2342 585 2388 annos
609 2323 660 2388 vel
686 2321 772 2388 eirca
796 2324 899 2388 tenuit
923 2324 955 2387 in
987 2322 1197 2407 presbiterum
1221 2341 1284 2387 non
1308 2332 1472 2407 promotus
1496 2322 1557 2387 dis·

224 2427 413 2511 pensatione
443 2448 507 2493 non
536 2430 679 2511 obtenta,
703 2430 828 2495 fructus
851 2429 1036 2515 percipiens
1059 2448 1100 2493 ex
1123 2427 1248 2511 eadem,
1279 2435 1311 2493 et
1334 2429 1557 2496 nichilominus

222 2532 328 2599 medio
353 2540 495 2618 tempore
518 2535 740 2601 canonicatum
758 2543 790 2601 et
806 2534 1001 2622 prebendam
1023 2537 1055 2599 in
1072 2536 1151 2602 ecel.
1168 2532 1397 2621 Sntphaniensi
1414 2536 1554 2603 Traicet.

223 2639 308 2705 dine.
332 2640 374 2705 ad
399 2643 670 2727 presentationem
692 2641 854 2728 Raynaldi
878 2643 1005 2711 comitis
1029 2641 1191 2709 Gelrensis
1214 2642 1411 2727 pertinentes
1434 2662 1557 2709 necnon

224 2747 383 2834 capellam
406 2748 440 2814 S.
464 2749 639 2833 Margarite
672 2750 705 2815 in
738 2748 851 2815 eadem
876 2749 1106 2834 Sutphanieusi
1140 2749 1220 2815 eccl.
1248 2748 1309 2814 fnit
1337 2757 1502 2816 assecutus
1525 2759 1558 2816 et

223 2854 347 2921 fructus
370 2876 412 2921 ex
435 2858 482 2923 eis
505 2858 651 2942 percepit
674 2877 732 2943 per
755 2877 856 2922 annos
886 2857 1021 2941 aliquos,
1056 2856 1203 2946 babilitat
1236 2855 1404 2940 eidemque
1436 2857 1559 2924 fructus

223 2970 394 3048 perceptos
426 2962 536 3048 donat,
570 2964 728 3031 lmctibus
756 2963 891 3030 duomm
922 2984 1075 3030 annorum
1105 2983 1146 3029 ex
1170 2964 1216 3030 eis
1240 2962 1408 3030 dumtaxat
1432 2984 1558 3031 camere

224 3070 401 3155 apostolice
433 3072 615 3154 reservatis,
649 3091 728 3156 quos
760 3071 844 3137 infra
867 3071 912 3138 kl.
938 3069 1079 3137 octobris
1108 3070 1255 3156 proximo
1283 3070 1409 3137 futuras
1432 3078 1559 3138 tenetur

225 3176 313 3243 dicte
335 3198 462 3244 camere
485 3178 621 3245 solvere.

330 3284 444 3351 Matris
467 3285 603 3352 ecclesie
628 3287 760 3372 copiosa
777 3334 785 3351 .
803 3335 810 3351 .
830 3336 837 3351 .
869 3287 945 3352 Dat.
963 3286 1056 3351 Avin.
1076 3284 1156 3351 VIII
1171 3283 1244 3351 idus
1259 3284 1411 3351 februarii
1434 3307 1464 3351 a.
1482 3284 1557 3353 duo·

225 3391 362 3458 decimo.

385 3499 457 3570 Περ.
474 3501 512 3555 87
530 3500 554 3570 s.
573 3501 611 3555 85
630 3515 678 3556 nr.
697 3499 784 3556 2235.

330 3755 454 3826 meo.
481 3758 568 3827 1328
591 3759 744 3828 Febraur
765 3761 797 3829 6.
826 3741 990 3849 deipnos.

334 3902 501 3969 Iohannes
526 3905 637 3969 XXII
661 3906 769 3971 tribus
792 3906 1026 3971 executoribus
1051 3903 1199 3987 maudut,
1228 3905 1388 3991 quatinus
1412 3903 1558 3970 Iohanni

226 4008 266 4075 de
290 4009 508 4098 Doensmrp,
541 4033 638 4097 quem
664 4034 762 4097 papa
795 4013 996 4095 babilituoit,
1031 4013 1139 4077 denuo
1175 4014 1352 4099 conferunt
1387 4012 1559 4078 ecclesiam

222 4117 475 4203 parrochialem
498 4120 539 4184 de
562 4119 668 4186 Meer.

334 4256 505 4346 [Iohannes
534 4260 645 4347 XXII]
674 4261 913 4328 Xanctononsis
942 4268 974 4327 et
1003 4260 1246 4328 Darentriensis
1276 4282 1315 4327 ac
1343 4262 1559 4328 Embricensis

227 4365 338 4432 colon.
362 4373 396 4432 et
419 4367 561 4433 Traieet.
585 4366 668 4434 dioc.
693 4369 900 4435 ecclesiarum
924 4367 1063 4434 decanis.

332 4472 511 4540 Probitatis
534 4474 659 4557 merita,
683 4492 779 4561 super
802 4475 918 4559 quibus
941 4474 1078 4542 dilectus
1102 4474 1185 4541 lilius
1200 4476 1360 4543 Iohannes
1380 4476 1422 4543 de
1438 4478 1560 4544 Doens-

226 4580 309 4665 burg
332 4580 467 4648 clericus
483 4581 624 4647 Traiect.
646 4580 730 4647 dioc.
748 4629 755 4644 .
774 4630 782 4647 .
800 4631 807 4647 .
826 4581 1075 4663 commendatur,
1101 4589 1243 4648 nostrum
1259 4582 1404 4649 excitant
1419 4582 1559 4650 animum

226 4693 260 4754 ct
282 4686 440 4754 inducunt
463 4687 626 4772 affectum,
650 4695 684 4754 ut
700 4690 803 4775 ipsum
820 4688 904 4755 dono
921 4689 1070 4774 specialis
1086 4690 1191 4774 gratie
1207 4711 1448 4776 prosequamur.
1472 4690 1559 4757 Sane

226 4816 285 4885 pro
302 4800 395 4881 parte
411 4796 514 4881 ipsius
530 4794 682 4862 Iohannis
697 4816 799 4882 nuper
815 4797 906 4863 nobis
924 4797 1080 4883 exposito,
1098 4796 1183 4881 quod
1201 4798 1270 4883 ipse
1286 4796 1360 4864 olim
1376 4796 1548 4883 parrochIa
