3642 5509
320 419 373 476 190
839 417 909 476 1328
927 416 1100 478 November
1117 417 1143 476 t.

320 620 507 686 perseveres
629 600 778 666 Ceterum
807 600 959 666 dilectum
983 599 1080 666 tilium
1104 600 1291 668 Walrauum
1314 601 1356 667 de
1380 601 1501 669 luliaco
1525 600 1653 668 thesau-

321 708 437 772 rarium
472 707 607 773 ecclesie
632 707 832 773 Coloniensis
865 707 995 772 fratrem
1029 718 1128 792 tuum,
1161 708 1202 774 de
1232 730 1295 792 quo
1324 711 1405 776 iecit
1431 710 1524 776 nobis
1547 709 1653 775 dietus

321 816 502 900 prepositus
525 814 709 900 specialiter
732 815 936 898 mentionem,
961 814 1080 881 habere
1104 817 1175 882 loco
1196 823 1229 883 et
1253 825 1395 902 tempore
1419 818 1584 903 oportunis
1607 816 1654 881 fo·

323 922 507 988 vor-abiliter
538 920 731 987 intendimus
761 921 1016 987 commendatum
1046 924 1172 1006 iamque
1196 925 1311 1008 ipsum,
1344 931 1380 989 nt
1402 931 1543 990 nostram
1569 924 1653 990 beni-

323 1031 495 1096 volentiam
525 1028 705 1094 evidentius
734 1029 900 1113 pereipiat,
934 1030 967 1095 in
998 1031 1200 1115 capellanum
1224 1039 1367 1097 nostrum
1390 1032 1538 1115 graciose
1562 1029 1652 1095 duxi

322 1158 391 1204 mus
423 1135 665 1202 admittendum.
720 1137 795 1201 Dat.
829 1146 864 1201 ut
896 1156 995 1221 supra
1018 1142 1069 1218 (=
1100 1137 1167 1203 llll
1195 1138 1240 1202 kl.
1274 1139 1456 1205 novembris
1483 1159 1513 1203 a,
1545 1139 1654 1203 tertio·

321 1244 470 1325 decimo).

367 1435 371 1440 Ι
470 1352 542 1422 Rep.
562 1353 616 1405 115
630 1366 663 1421 p.
685 1352 704 1404 Ι
716 1351 741 1420 s.
760 1353 805 1405 86¹
824 1367 871 1404 nr.
890 1352 961 1417 499‚·
983 1353 1035 1408 Ra.
1056 1353 1137 1407 1091.

429 1679 553 1745 157⁰.
579 1681 667 1744 1328
694 1680 883 1746 November
907 1680 939 1742 4.
968 1677 1134 1764 Aoipoon.

427 1822 598 1908 [lohannes
622 1819 733 1910 XXII]
757 1821 928 1907 Reynaldo
952 1823 1061 1887 comiti
1085 1822 1242 1890 Gelrensi.

425 1930 568 1996 Litteras
591 1948 693 2014 nuper
715 1928 808 1995 nobis
832 1950 852 1994 a
876 1935 933 1994 tuo
955 1928 1124 1994 nobilitate
1147 1931 1350 1997 transmissas
1378 1930 1444 1996 leta
1466 1951 1563 1997 manu
1589 1978 1651 1996 ...

320 2038 500 2123 recepimus
523 2056 584 2102 nee
606 2036 710 2102 minus
733 2041 899 2120 gratanter
923 2035 1197 2120 inspeximus...
1225 2038 1321 2121 Sane,
1344 2038 1401 2121 fili,
1425 2038 1651 2104 exeusationes

321 2153 392 2210 tuas
425 2144 579 2210 adversus
612 2163 677 2224 eos,
714 2163 793 2227 quos
826 2141 913 2228 apud
946 2163 1004 2209 nos
1037 2144 1095 2209 tibi
1126 2143 1306 2212 detraxisse
1329 2153 1513 2230 putaveras,
1548 2145 1653 2230 gratis

320 2251 490 2317 affectibus
513 2250 668 2316 babemus
692 2257 868 2334 acceptas.
887 2302 894 2318 .
914 2299 921 2314 .
946 2250 1110 2332 Rogamus
1133 2250 1254 2317 dietam
1278 2253 1477 2319 nobilitatem
1502 2259 1651 2317 tuam...

320 2366 356 2425 ut
379 2379 459 2441 erga
481 2357 600 2423 dictam
626 2357 795 2423 ecclesiam
820 2365 972 2438 tanquam
996 2356 1101 2424 fidelis
1124 2359 1192 2423 eius
1215 2357 1348 2426 filius..
1367 2378 1651 2445 perseveres...

322 2467 468 2532 Ceterum
494 2465 765 2550 expolitionibus
797 2485 855 2549 pro
888 2470 980 2550 parte
1014 2472 1068 2529 tna
1101 2465 1193 2531 nobis
1221 2466 1339 2532 oblatis
1367 2486 1463 2552 super
1491 2466 1557 2548 illa,
1593 2485 1651 2551 per

321 2593 415 2656 quam
439 2573 560 2658 petiisti
592 2571 749 2636 decimam
779 2571 838 2636 tibi
867 2570 1003 2637 concedi
1027 2571 1193 2654 usquead
1217 2579 1338 2639 certum
1363 2580 1489 2658 tempus
1512 2575 1651 2639 omnium

321 2686 532 2764 proventuum
556 2685 588 2744 et
611 2678 792 2744 reddituum
817 2678 1037 2761 ecelesiarum,
1071 2698 1133 2761 que
1157 2687 1231 2744 sunt
1263 2681 1295 2745 in
1328 2681 1421 2746 terris
1450 2681 1497 2745 tui
1520 2679 1650 2745 dominii

321 2789 502 2871 constitute,
528 2787 603 2869 quia
627 2786 762 2852 ecclesie
786 2785 959 2851 admodum
982 2793 1119 2868 gravate
1141 2792 1215 2852 sunt
1238 2793 1271 2852 et
1294 2795 1470 2870 quantuma
1505 2787 1652 2853 Romana

321 2896 460 2963 eeclesia
491 2893 634 2962 subsidio
667 2901 772 2979 egeat,
808 2899 864 2960 tue
888 2893 1059 2979 prudentia
1083 2915 1145 2958 non
1169 2895 1306 2978 ignorat,
1336 2915 1394 2961 nos
1417 2896 1449 2961 in
1473 2894 1535 2960 hac
1560 2900 1650 2978 parte

320 3002 554 3070 rationabiliter
578 3001 698 3067 habeas
722 3008 908 3082 excusatos3
933 3001 1062 3084 reliquis
1078 3021 1166 3084 vero,
1190 3022 1270 3086 quas
1286 3002 1439 3068 exaudire
1456 3002 1539 3069 bono
1554 2999 1650 3066 modo

320 3111 482 3197 potuimus
510 3108 680 3190 exauditis,
716 3109 749 3173 in
778 3128 817 3174 eo
840 3129 897 3193 pre
922 3107 1038 3174 ceteris
1061 3107 1102 3173 de
1126 3107 1252 3175 sincera
1275 3111 1377 3194 patris
1400 3130 1478 3193 erge
1501 3115 1533 3174 te
1556 3107 1652 3173 affec·

320 3219 407 3284 tione
431 3216 574 3285 confidas
592 3266 599 3282 .
618 3266 651 3281 ..
699 3216 774 3281 Dat.
799 3216 894 3280 Avin.
919 3215 951 3279 ll
975 3235 1077 3281 nonas
1099 3216 1281 3282 novembrio
1304 3238 1334 3283 a.
1358 3215 1593 3282 tertiodecimo.

474 3343 547 3410 Bep.
566 3341 620 3394 115
636 3355 685 3410 pe.
705 3340 725 3392 Ι
738 3340 765 3409 f.
785 3340 825 3394 93
841 3354 889 3393 ur.
908 3339 977 3404 52⁶3·
998 3340 1050 3396 uz.
1069 3340 1154 3394 1093.

427 3629 547 3699 15⁷1.
578 3633 665 3697 1328
687 3631 874 3698 November
896 3631 928 3696 8.
962 3629 1129 3717 Aoipnoo.

425 3775 584 3842 lohannes
612 3775 708 3841 XXll
745 3774 987 3859 archiepiscopo
1010 3773 1192 3842 Coloniensi
1225 3774 1369 3859 mandat,
1404 3774 1554 3859 quatinus
1577 3795 1649 3841 eum

320 3880 494 3968 Rcynardo
519 3882 606 3948 dicto
630 3882 671 3948 de
695 3883 810 3968 Spieza
834 3881 950 3947 seclari
975 3881 1169 3965 Coloniensi,
1193 3884 1220 3948 si
1236 3884 1279 3950 sit
1293 3882 1449 3969 ydoneus,
1474 3881 1650 3967 dispenset,

320 3999 356 4058 ut
380 4010 442 4056 non
466 3991 614 4056 obstante
639 3989 768 4055 deiectu
791 3989 957 4072 natalium,
992 4009 1085 4071 quem
1115 3991 1237 4074 patitur
1261 3989 1301 4055 de
1325 3989 1443 4055 acolito
1465 3989 1594 4074 genitus
1616 3997 1651 4053 et

320 4101 434 4180 soluta,
468 4096 511 4163 ad
543 4116 652 4163 omnes
685 4095 812 4162 ordines
841 4097 1021 4182 promoveri
1046 4104 1079 4163 et
1103 4097 1357 4163 ecclesiasticum
1382 4095 1570 4161 beneficium
1594 4095 1649 4160 ob·

320 4211 421 4274 tinere
446 4206 563 4288 valeat,
587 4207 683 4270 etiam
707 4205 734 4271 si
759 4223 867 4269 curam
892 4203 1011 4270 babeat
1035 4205 1222 4269 animarum.

427 4315 477 4380 Ex
510 4319 603 4398 parte
636 4311 808 4377 dilecti..
835 4359 842 4374 .
890 4311 965 4377 Dat.
991 4309 1085 4376 Avin.
1111 4309 1156 4375 Vl
1180 4309 1253 4376 idus
1275 4310 1458 4376 novembris
1484 4329 1514 4374 a.
1539 4309 1649 4374 tertio-

319 4422 456 4490 decimo.

480 4550 553 4619 Rep.
572 4549 610 4603 89
628 4550 653 4621 f.
673 4549 728 4604 201
746 4565 794 4603 nr.
815 4546 878 4602 512.

319 4723 533 4732 ——-—-—-—-.

420 4815 450 4878 a)
471 4824 652 4880 quamquam
672 4808 706 4862 ira
725 4825 786 4878 rep.
