3642 5509
262 445 297 499 76
763 447 831 501 1327
850 446 1028 517 September
1046 448 1089 503 ³0.

269 627 457 692 Werdeneia
486 649 526 692 ac
550 627 727 693 Ambrosio
753 630 794 694 de
818 629 853 693 la
877 628 1038 714 Maprola
1068 630 1218 712 munitm,
1248 632 1407 713 quatinus
1431 632 1592 717 Repuer-

261 733 342 797 dum
372 735 414 798 de
438 735 647 818 Hupilhooen
678 735 853 801 habilitent
884 737 978 819 eique
1002 737 1195 818 concedant,
1232 737 1320 821 quod
1344 738 1594 803 thesaurariam

261 862 337 905 cum
359 844 559 907 canonicatu
589 849 619 907 et
641 844 818 927 prebendo
844 845 881 907 in
905 842 1045 908 ecclesia
1069 843 1102 909 S.
1129 844 1285 909 Severini
1310 842 1517 911 Catonianae
1544 863 1593 909 rc·

263 948 369 1012 tinere
392 949 514 1014 ualeat.

368 1054 540 1138 [lohannes
560 1056 670 1141 XXII]
696 1057 729 1122 S.
751 1055 882 1141 Georgii
906 1056 1104 1123 coloniensis
1127 1063 1159 1122 et
1183 1056 1217 1123 S.
1242 1056 1383 1124 Svibcrti
1409 1056 1594 1123 werdensis

262 1160 372 1225 Calon.
397 1161 480 1227 dioc.
515 1161 646 1228 decanis
679 1183 718 1229 ac
750 1164 904 1249 magistro
929 1164 1097 1230 Ambrosio
1128 1163 1170 1229 de
1193 1163 1242 1229 La
1265 1164 1411 1250 Mayrola
1436 1165 1592 1230 canonico

262 1267 511 1336 Mediolanensis
533 1270 612 1337 eccl.

364 1375 539 1441 Probitatis
562 1376 675 1442 merita
700 1377 811 1444 dilecti
838 1377 894 1442 filii
919 1378 1083 1463 Rcynardi
1108 1377 1149 1445 de
1173 1378 1377 1463 Hngilhoven
1402 1378 1593 1444 thesaurarii

261 1483 399 1550 ecclesie
422 1484 455 1549 S.
479 1484 624 1548 Severini
648 1484 847 1552 coloniensis
876 1533 937 1549 ...
961 1504 1019 1551 nos
1043 1484 1209 1568 inducunt,
1232 1492 1267 1550 ut
1292 1506 1362 1552 eum
1387 1486 1593 1570 prerogativa

260 1590 412 1674 specialis
444 1591 565 1656 favoris
597 1597 629 1656 et
658 1591 763 1674 gratie
787 1611 1027 1676 prosequamur.
1074 1592 1161 1658 Sane
1185 1590 1265 1657 dicti
1289 1591 1456 1677 Raynardi
1479 1592 1592 1677 petitio

260 1696 352 1764 nobis
375 1697 519 1764 exhibita
543 1699 739 1783 continebat,
764 1698 850 1782 quod
874 1700 949 1766 olim
973 1720 1030 1786 pro
1054 1706 1147 1784 parte
1170 1719 1229 1767 sua
1252 1699 1345 1765 nohis
1369 1700 1517 1784 exposito
1537 1718 1593 1784 per

261 1804 419 1887 quendam
443 1826 630 1890 germanum
655 1827 756 1890 suum,
781 1805 868 1891 quod
889 1807 1007 1892 ipsein
1025 1807 1162 1873 ecclesia
1177 1806 1211 1873 S.
1229 1806 1376 1872 Severini
1394 1805 1593 1873 coloniensis

260 1913 483 1979 canonicatum
520 1922 551 1979 et
586 1914 781 1999 prebendam
814 1933 853 1979 ac
888 1912 1137 1997 thesaurariam,
1183 1933 1246 1998 que
1280 1912 1415 1999 simplex
1451 1911 1591 1978 officium

263 2019 374 2084 existit
409 2029 440 2085 et
476 2041 538 2103 que
573 2023 669 2086 etiam
705 2020 848 2087 habebat
882 2041 991 2087 euram
1028 2021 1203 2086 animarum
1234 2040 1403 2103 annexam,
1439 2020 1592 2085 canonice

261 2125 367 2191 luerat
391 2134 557 2193 assecutus
581 2135 613 2193 et
637 2128 722 2211 quod
752 2127 870 2193 deinde
897 2128 1132 2213 parrochialem
1156 2127 1325 2194 ecclesiam
1349 2129 1382 2192 in
1405 2124 1591 2210 Adeudorp.

261 2232 461 2299 coloniensis
489 2233 627 2300 diocesis
654 2235 735 2301 alias
763 2237 918 2301 canonice
946 2236 1007 2301 sibi
1031 2234 1181 2300 collatam
1211 2240 1377 2318 receperat
1400 2240 1433 2299 et
1456 2252 1513 2318 per
1537 2232 1592 2298 ali·

262 2361 341 2424 quos
364 2362 465 2407 annos
488 2362 551 2406 una
574 2361 644 2406 cum
670 2341 758 2407 dicta
783 2342 983 2408 thesauraria
1007 2343 1191 2418 retinuerat,
1226 2361 1323 2427 super
1345 2341 1407 2405 boe
1430 2339 1593 2425 dispensa·

261 2448 347 2514 tione
371 2448 518 2533 legitima
541 2469 605 2514 non
628 2450 769 2532 obtenta,
794 2449 917 2515 fructus
941 2450 1121 2535 percipiens
1146 2469 1187 2516 ex
1210 2448 1342 2532 eisdem,
1366 2468 1406 2513 ac
1421 2448 1512 2514 nobis
1536 2446 1592 2511 hu·

260 2556 378 2621 militer
409 2557 602 2641 supplicato,
638 2556 723 2640 quod
756 2577 827 2622 curn
856 2558 926 2643 ipse
950 2561 1081 2642 paratus
1105 2563 1189 2622 esset
1213 2555 1333 2621 dictam
1357 2554 1592 2640 parrochialem

259 2662 429 2730 ecclesiam
445 2662 617 2745 dimittere,
640 2662 853 2729 inhabilitatis
869 2663 1037 2745 maculam,
1064 2683 1159 2746 quam
1177 2668 1346 2748 propterea
1370 2668 1586 2743 contraxerat,

259 2770 388 2837 abolere
423 2790 557 2853 cumque
594 2770 764 2837 habilitare
798 2778 830 2837 et
862 2772 895 2836 in
931 2773 1091 2855 integrum
1126 2772 1293 2837 restituere
1328 2770 1453 2853 sibique
1487 2769 1592 2834 dictos

259 2877 382 2942 fructus
406 2880 566 2943 remittere
590 2878 805 2962 dignaremur.
864 2880 932 2947 Nos
961 2930 968 2944 .
999 2930 1006 2945 .
1036 2928 1043 2944 .
1073 2880 1176 2964 ipsum
1204 2878 1444 2945 habilitavimus
1467 2877 1591 2959 sibique

258 2983 382 3057 fructus
406 2986 599 3052 remissimus
621 2985 836 3070 supradictos,
860 2986 982 3053 dictam
1006 2986 1240 3073 parrochialem
1264 2986 1434 3053 ecclesiam
1452 3034 1459 3051 .
1477 3032 1485 3049 .
1504 3033 1512 3048 .
1529 2982 1591 3049 dis-

259 3090 418 3176 positione
451 3100 559 3158 nostre
592 3093 777 3178 specialiter
809 3101 1012 3159 reservantes
1039 3142 1099 3159 ...
1129 3092 1246 3159 Verum
1269 3092 1353 3159 sicut
1376 3089 1484 3157 dictus
1506 3090 1591 3175 Ray·

258 3198 378 3265 nardus
401 3200 525 3283 asserit,
559 3199 739 3265 huiusmodi
763 3200 922 3286 expositio
947 3221 1005 3286 per
1031 3198 1153 3267 dictum
1177 3219 1363 3283 germanum
1386 3198 1479 3265 uobis
1503 3198 1592 3263 facta

259 3312 389 3392 propter
412 3306 489 3372 facti
513 3308 726 3390 ignorantiam
751 3309 866 3373 nociva
890 3308 951 3374 sibi
976 3306 1083 3372 extitit
1107 3313 1140 3372 et
1155 3308 1252 3371 etiam
1276 3304 1439 3371 defectiva
1462 3324 1519 3390 pro
1542 3324 1591 3386 eo,

259 3412 345 3495 quod
378 3412 466 3479 dicta
499 3413 700 3480 thesauraria
733 3420 781 3480 est
813 3415 950 3499 simplex
979 3413 1120 3479 officium
1144 3413 1231 3478 nulla
1260 3412 1382 3479 ratione
1405 3412 1454 3477 sui
1478 3411 1591 3497 princi-

259 3519 375 3605 paliter
408 3540 516 3587 curam
545 3521 677 3604 habens,
713 3523 859 3604 quamvis
883 3521 970 3587 dicte
994 3519 1193 3587 thesauraria
1217 3518 1355 3603 quedam
1379 3517 1591 3603 parrochialis

259 3626 396 3693 ecclesia
419 3629 462 3693 sit
485 3626 574 3692 unita
598 3627 641 3691 ad
664 3629 764 3713 ipsius
792 3628 992 3694 thesaurario
1020 3648 1118 3695 onere
1141 3626 1371 3713 supportanda,
1404 3624 1489 3691 unde
1512 3626 1591 3691 reci-

259 3732 376 3820 piendo
400 3734 496 3799 aliam
520 3733 753 3820 parrochialem
778 3735 947 3800 ecclesiam
965 3740 998 3799 et
1013 3734 1177 3799 retinendo
1202 3754 1272 3799 eam
1296 3754 1367 3799 cum
1391 3732 1591 3799 thesauraria

259 3840 406 3926 predicta
430 3860 487 3926 per
511 3842 782 3925 constitutionem,
808 3862 902 3925 quam
927 3862 1023 3927 super
1046 3841 1229 3926 pluralitate
1253 3839 1477 3906 beneficiorum
1493 3839 1592 3905 eccle·

259 3948 459 4013 siasticarunr
478 3997 485 4011 .
504 3998 510 4013 .
530 3997 537 4012 .
555 3946 725 4031 edidimus,
751 3968 866 4034 penam
888 3949 1028 4031 aliquam
1053 3968 1114 4012 non
1137 3948 1294 4013 incurrit.
1315 3996 1322 4011 .
1341 3996 1347 4011 .
1365 3946 1515 4030 quodque
1538 3945 1591 4010 de·

259 4055 362 4121 fectus
394 4054 499 4120 fuerat
531 4056 563 4118 in
596 4053 711 4120 eadem
736 4076 793 4141 pro
818 4076 866 4131 eo,
903 4052 989 4138 quod
1013 4055 1044 4119 in
1070 4074 1108 4119 ea
1131 4054 1250 4118 mentio
1275 4074 1338 4119 non
1363 4052 1469 4135 fiebat,
1505 4050 1590 4135 qnod

257 4162 328 4246 ipsc
361 4163 485 4227 ratione
517 4160 604 4226 dicte
638 4161 778 4227 secunde
810 4160 1023 4246 parrochialis
1046 4160 1194 4243 ecclesie,
1226 4180 1320 4242 quam
1344 4160 1467 4244 recepit
1491 4165 1523 4224 et
1546 4164 1591 4223 te·

258 4267 337 4351 nuit,
370 4288 405 4333 se
428 4288 491 4333 non
515 4267 638 4335 fecerat
661 4268 744 4334 infra
767 4289 884 4335 annum
908 4270 998 4333 iuxta
1022 4268 1280 4333 constitutionem
1305 4267 1348 4333 fe.
1373 4286 1416 4332 re.
1441 4262 1588 4349 Gregorii

259 4374 391 4460 pach
419 4423 478 4439 ...
505 4375 625 4441 editam
654 4376 686 4439 in
717 4376 853 4442 concilio
876 4375 1085 4459 [lugdunensi
1110 4375 1140 4439 in
1165 4374 1376 4459 presbiterum
1400 4372 1591 4458 promoveri,

259 4489 292 4548 et
316 4480 401 4565 quod
434 4502 505 4547 eam
538 4481 764 4548 nichilominus
787 4503 850 4549 non
874 4488 1038 4568 promotus
1062 4501 1120 4567 per
1143 4482 1268 4564 aliquos
1291 4500 1392 4546 annos
1415 4481 1590 4545 retinuerat

259 4587 381 4657 fruetus
405 4590 584 4673 percipiens
608 4608 648 4653 cx
672 4588 796 4672 eadem,
824 4589 1060 4654 inhabilitatem
1085 4594 1257 4673 propterea
1281 4585 1482 4671 incurrendo,
1515 4586 1591 4651 licet

261 4714 332 4761 eam
364 4695 565 4781 postmodum
599 4693 729 4761 duxerit
761 4694 995 4762 dimittendum.
1043 4693 1149 4772 Quare
1173 4694 1257 4759 idem
1283 4692 1476 4779 Raynardus
1499 4693 1591 4758 nobis

264 4801 426 4869 humiliter
449 4802 658 4888 supplicavit,
683 4808 719 4867 ut
741 4802 922 4871 huiusmodi
946 4801 1158 4869 inhabilitatis
1181 4800 1338 4867 maculam
1362 4800 1492 4866 abolere
1516 4850 1523 4865 .
1549 4846 1557 4861 .
1583 4848 1591 4865 .
