3642 5509
272 459 308 520 50
827 461 897 521 mat
916 463 978 522 Juli
998 461 1040 522 13.

379 664 500 731 1225.
528 667 614 730 1327
636 621 714 731 uara
737 667 789 729 13.
817 662 982 752 acapna.

379 807 539 873 Iohannes
562 808 661 874 XXII
696 828 767 874 eam
791 808 936 874 Iohanne
970 808 1057 874 dicto
1086 808 1127 874 de
1151 810 1264 873 Bonna
1287 809 1466 894 presbitero
1491 806 1601 873 Colon.

272 913 356 980 dioc.
381 933 476 999 super
501 914 631 980 defectu
655 916 819 999 natalium,
844 935 939 999 quem
963 917 1085 1000 patitur
1109 935 1148 980 ex
1170 914 1367 981 subdiacono
1391 916 1442 980 vel
1466 914 1603 979 diacono

272 1022 401 1106 genitus
425 1028 457 1087 et
481 1023 663 1105 coniugata,
699 1021 878 1107 dispensat,
913 1030 948 1087 ut
972 1021 1103 1088 defectu
1127 1042 1189 1087 non
1213 1024 1361 1088 obstante
1385 1020 1605 1087 ecclesiastica

272 1128 438 1212 beneficia,
463 1130 560 1194 etiam
585 1131 612 1194 si
628 1128 804 1214 dignitates
828 1136 1018 1215 personatus
1041 1151 1098 1194 seu
1122 1131 1219 1194 etiam
1242 1129 1347 1194 officia
1370 1130 1404 1193 in
1427 1126 1604 1193 cathedrali

272 1237 410 1302 ecelesia
434 1237 575 1303 existant
600 1243 631 1302 et
655 1256 762 1302 curam
789 1237 931 1302 babeant
954 1239 1131 1303 animarum
1155 1257 1194 1301 ac
1210 1238 1308 1302 etiam
1331 1239 1357 1301 si
1380 1255 1525 1320 persone,
1550 1235 1603 1317 qui

272 1343 479 1429 preficiantur
503 1342 635 1426 elsdem,
660 1364 717 1429 per
741 1343 931 1409 electionem
955 1352 1166 1424 assumantur,
1191 1343 1290 1408 libere
1310 1344 1453 1427 recipere
1469 1348 1502 1407 et
1518 1343 1604 1406 licite

272 1452 408 1516 retinere
432 1452 566 1536 ipsaque
589 1459 771 1536 permutare
795 1451 913 1516 valeat.

380 1557 539 1624 Virtutum
563 1556 680 1641 studia,
705 1558 819 1642 quibus
833 1607 840 1622 .
856 1607 885 1623 ..
928 1559 1002 1623 Dat.
1021 1558 1113 1622 Avia.
1131 1558 1182 1622 III
1198 1556 1270 1623 idos
1292 1557 1359 1621 iulii
1376 1577 1406 1621 a.
1425 1554 1602 1621 undecimo.

423 1681 495 1753 Rep.
516 1683 554 1736 84
572 1680 596 1751 f.
616 1681 680 1736 411¹
698 1697 745 1736 ar.
765 1682 848 1737 3059.

379 1971 501 2038 1226.
533 1973 620 2038 1327
644 1972 721 2039 Jatt
750 1974 801 2038 13.
827 1969 990 2059 Aoa'paorr.

379 2111 540 2178 Iohannes
563 2113 663 2179 XXII
697 2113 833 2179 Iohanni
868 2114 909 2180 de
945 2114 1062 2198 Siberg
1097 2115 1251 2180 carronioo
1286 2112 1366 2179 eccl.
1402 2113 1436 2178 S.
1473 2112 1602 2197 Georgii

273 2220 383 2286 Golon.
400 2228 543 2286 reservat
566 2220 754 2286 beneficiam
779 2221 1032 2288 ecelesiasticam
1059 2243 1128 2286 cum
1154 2243 1230 2286 eura
1247 2222 1298 2285 vel
1321 2223 1390 2286 sine
1407 2241 1493 2302 cura,
1515 2220 1605 2284 cuius

272 2328 405 2410 fructus,
441 2329 468 2393 si
500 2328 569 2393 sine
603 2348 679 2394 cura
710 2328 821 2412 fuerit,
860 2329 1040 2410 quindecim
1075 2328 1275 2393 marcharum
1308 2328 1434 2411 argenti
1466 2347 1491 2392 s.
1521 2333 1543 2391 t.
1571 2325 1602 2390 d.

272 2454 412 2500 annuum
435 2435 576 2500 valorem
600 2456 663 2501 non
687 2433 857 2518 excedant,
882 2443 1033 2521 spectans
1050 2435 1092 2500 ad
1109 2435 1349 2520 dispositionem
1373 2432 1488 2499 decani
1504 2439 1537 2498 et
1553 2452 1604 2498 ca·

272 2540 366 2627 pituli
390 2540 500 2608 Oolon.

377 2648 427 2712 Ex
451 2655 504 2714 tue
528 2648 709 2714 devotionis
723 2698 730 2713 .
746 2697 774 2714 ..
815 2650 891 2714 Dat.
908 2650 1003 2714 Avin.
1021 2649 1070 2713 III
1086 2649 1158 2714 idus
1173 2649 1241 2714 iulii
1262 2670 1291 2713 a.
1317 2647 1497 2713 undecimo.

377 2755 415 2820 In
439 2775 467 2821 e.
490 2776 531 2820 m.
556 2755 755 2821 thesaurario
779 2756 812 2822 S.
837 2757 983 2822 Severini
1008 2757 1118 2822 Calon.
1144 2764 1176 2822 et
1199 2755 1359 2821 Tullensis
1382 2775 1422 2820 ac
1446 2758 1479 2820 S.
1504 2753 1604 2819 llario

270 2861 313 2928 ad
337 2861 457 2948 modus
481 2862 593 2928 Calon.
617 2863 695 2928 ecel.
721 2862 911 2929 scolasticis.

432 2988 506 3057 Rep.
526 2989 564 3041 84
581 2985 605 3056 s.
628 2988 680 3041 171
698 3003 746 3042 rar.
765 2987 850 3043 2415.

378 3259 498 3326 1227.
534 3261 620 3326 1327
645 3259 721 3326 Jati
747 3259 798 3324 15.
823 3256 989 3344 Aoipaon.

377 3403 542 3467 Iohannes
570 3403 679 3467 XXII
705 3403 857 3487 episcopo
888 3401 1149 3465 Moaoaterieasi
1178 3402 1329 3483 mandat,
1364 3401 1523 3484 quatinus·
1559 3422 1605 3465 ec*

270 3508 367 3574 clasis
402 3509 439 3574 in
474 3509 686 3575 Gerresbeirn
717 3509 875 3594 preficiat
913 3507 1085 3572 Murtbarn
1122 3509 1163 3572 de
1198 3509 1400 3595 Oitpeabucb
1435 3509 1471 3572 tra
1506 3509 1610 3589 abbu-¹

271 3617 398 3681 tirsum.

379 3757 548 3842 [lohannes
571 3758 682 3842 XXII]
707 3757 859 3844 episeopo
884 3758 1138 3825 Monasteriensi.

377 3865 429 3931 Ad
453 3865 631 3950 apostolice
655 3864 741 3931 sedis
765 3886 873 3930 curam
888 3915 895 3930 .
910 3913 940 3931 ..
981 3865 1109 3931 Dudum
1132 3865 1291 3947 siqnidem
1314 3866 1487 3949 intellecto,
1520 3867 1604 3950 quod

272 4022 333 4040 ...
359 3972 567 4057 Ounagundis
591 3973 632 4039 de
656 3973 765 4038 Monte
789 3973 1004 4056 Assindeusis,
1037 3973 1111 4040 olim
1136 3975 1169 4038 in
1193 3973 1399 4040 Gerinscbem
1418 4023 1425 4037 .
1447 4024 1481 4038 ..
1507 3974 1604 4039 abba·

271 4083 359 4156 tissa,
390 4081 497 4146 fuerat
519 4081 551 4144 in
576 4080 773 4146 abbatissam
797 4082 898 4165 ipsius
922 4080 1128 4147 Assindensis
1151 4081 1287 4147 ecclesie
1311 4081 1465 4146 canonice
1489 4081 1604 4161 electa,

270 4207 328 4253 nos
342 4237 349 4253 .
365 4237 372 4254 .
388 4237 395 4252 .
413 4187 628 4272 provisionem
652 4186 798 4272 predicte
822 4187 960 4253 ecclesie
983 4189 1015 4252 ln
1040 4187 1249 4254 Gerinscbem
1273 4186 1475 4273 dispositIoni
1498 4196 1606 4253 nostre

272 4301 542 4361 ...reservantes
567 4293 766 4360 decrevimus
789 4294 913 4359 irritum
937 4302 969 4359 et
992 4293 1099 4378 inane,
1122 4292 1150 4360 si
1174 4313 1266 4360 secus
1289 4315 1384 4380 super
1408 4293 1469 4361 hiis
1493 4314 1605 4376 aquo·

271 4422 366 4486 quam
384 4451 391 4466 .
410 4451 417 4466 .
436 4450 444 4466 .
462 4401 662 4484 contingeret
685 4401 879 4486 attemptari.
939 4402 1007 4469 Nos
1037 4402 1134 4485 igitur
1157 4401 1302 4467 volentes
1325 4399 1367 4464 de
1390 4421 1527 4485 persona
1544 4450 1551 4464 .
1570 4447 1603 4464 ..

271 4511 374 4576 Marte
408 4509 449 4575 de
473 4509 677 4594 Oitgenbacb
710 4511 773 4591 (ool
798 4509 1021 4593 Ortgenbach)
1056 4509 1210 4574 canonice
1241 4507 1383 4574 eiusdem
1413 4507 1550 4573 ecclesie
1573 4508 1605 4572 in

272 4616 500 4683 Gerinsebem.
517 4667 523 4682 .
539 4667 546 4682 .
564 4617 667 4683 eidem
693 4616 830 4683 ecclesie
850 4666 880 4682 ..
897 4615 1071 4703 provideri,
1095 4664 1147 4681 ...
1164 4615 1358 4682 fraternitati
1382 4623 1501 4680 tue...
1520 4635 1606 4678 nran-

271 4724 394 4802 damus‚
413 4726 571 4808 quatinus,
589 4725 616 4790 si
633 4725 761 4809 prefata
777 4723 917 4790 ecclesia
937 4772 989 4788 ...
1007 4743 1092 4789 nunc
1108 4729 1203 4788 vacat
1224 4771 1253 4787 ..
1270 4771 1277 4786 .
1294 4721 1335 4786 de
1352 4741 1489 4807 persona
1505 4722 1606 4806 ipsius

272 4831 385 4916 Marte,
415 4833 442 4898 si
466 4832 547 4898 alias
571 4852 640 4898 eam
666 4829 709 4895 ad
732 4831 876 4915 regimen
904 4829 1051 4916 predicte
1078 4829 1216 4896 ecclesie
1239 4830 1272 4894 in
1296 4828 1504 4895 GerInscbem
1526 4827 1607 4915 ydo-
