3642 5509
287 415 339 478 918
864 417 934 477 1329
952 418 1015 477 Juli
1034 420 1078 475 26.

285 605 472 689 incepisses,
508 603 626 688 prefati
659 601 804 668 homines
834 624 854 666 a
883 611 916 668 te
949 601 991 667 ad
1025 601 1135 668 sedem
1168 599 1376 685 apostolicam
1409 598 1620 685 appellarunt,

286 712 363 776 licet
396 711 645 796 appellationem
680 708 872 794 huiusmodi,
908 730 1101 792 quamquam
1131 709 1304 794 potuerint,
1338 709 1436 772 etiam
1459 707 1545 772 inira
1568 705 1621 771 tri·

288 814 415 879 ennium
440 834 503 878 non
526 812 646 878 luerint
669 811 842 897 prosecuti,
874 818 973 895 tuque
996 814 1029 876 in
1053 831 1152 878 causa
1175 809 1355 877 huiusmodi
1379 816 1498 876 extunc
1521 808 1620 874 nichi-

287 920 422 987 lominus
454 918 631 1005 procedere
667 919 836 1000 obmisisti,
873 939 1065 1003 quamquam
1100 939 1158 1003 pro
1188 923 1281 1003 parte
1304 917 1463 984 dictorum
1486 917 1621 982 fratrum

285 1028 385 1093 fueris
417 1047 513 1112 super
545 1026 606 1093 hoe
634 1025 777 1110 legitime
808 1026 991 1109 requisitus.
1039 1025 1146 1103 Quare
1169 1025 1276 1090 dictus
1298 1027 1385 1110 prior
1407 1025 1499 1091 nobis
1522 1024 1622 1089 humi-

285 1135 359 1198 liter
382 1134 588 1219 supplicavit,
613 1139 648 1198 ut
673 1133 842 1218 providere
866 1135 914 1199 eis
938 1154 1034 1218 super
1055 1133 1118 1197 hiis
1140 1132 1181 1198 de
1205 1139 1362 1218 oportuno
1385 1131 1528 1198 remedio
1551 1131 1621 1215 dig-

285 1261 442 1307 naremur.
489 1241 648 1319 Quocirca
672 1240 866 1306 fraternitati
891 1248 944 1306 tue
972 1260 1030 1325 pcr
1063 1240 1241 1325 apostolica
1273 1240 1395 1323 scripta
1422 1237 1620 1321 mandamus,

285 1349 444 1432 quatinus,
473 1349 500 1414 si
524 1354 574 1414 est
597 1347 654 1430 ita,
684 1347 903 1432 appellatione
926 1346 1073 1432 predicta
1097 1366 1301 1430 nequaquam
1324 1347 1473 1412 obstante
1497 1348 1528 1410 in
1551 1365 1621 1431 pre·

287 1456 353 1522 fato
377 1456 506 1539 negotio
530 1454 688 1540 procedas
711 1455 802 1518 iuxta
826 1453 1044 1539 predictarum
1069 1455 1209 1539 priorum
1232 1454 1293 1520 tibi
1309 1453 1525 1538 [directarum]
1548 1473 1621 1519 con·

287 1564 453 1629 tinentiam
477 1564 665 1630 litterarum.
712 1562 788 1627 Dat.
814 1563 908 1627 Avia.
933 1563 996 1627 Vll
1020 1562 1065 1626 kl.
1091 1562 1274 1646 augustia.
1301 1559 1533 1626 tertiodecimo.

447 1688 519 1758 Rep.
539 1686 578 1742 92
595 1686 620 1757 f.
638 1688 716 1742 2rrr.
739 1686 824 1740 2807.

393 1999 512 2066 1743.
539 2003 626 2066 1329
649 2001 726 2068 Julc'
749 1999 989 2088 2114119111.

394 2143 553 2210 lohannes
568 2143 668 2208 XXII
693 2143 811 2210 Ottono
836 2150 911 2209 nato
936 2143 1099 2230 Rudolpbi
1122 2143 1214 2211 ducis
1237 2143 1378 2210 Saxonie
1402 2142 1525 2208 confert
1541 2141 1621 2207 eccl.

287 2249 397 2315 Colon.
423 2251 658 2333 canonicatum,
683 2251 878 2337 prebendam
904 2272 982 2317 vero
1008 2250 1112 2316 eidem
1136 2256 1289 2317 reservat.

394 2357 554 2426 Nobilitas
578 2360 714 2442 generis,
739 2379 885 2424 morum.
906 2407 940 2423 ..
987 2359 1062 2424 Dat.
1088 2359 1183 2425 Arin.
1200 2359 1263 2424 VII
1286 2357 1332 2422 kl.
1357 2357 1486 2441 augusti
1508 2378 1538 2422 1.
1564 2363 1623 2421 111·-

288 2463 472 2530 tiodecimo.

394 2573 431 2636 In
455 2591 484 2637 e.
509 2593 549 2637 m.
581 2571 838 2657 Nuemburgensi
862 2578 895 2639 et
918 2573 1070 2638 Misnensi
1100 2575 1260 2658 episcopis
1283 2593 1323 2639 ac
1346 2572 1517 2639 scolastico
1541 2571 1621 2637 eccl.

287 2678 456 2746 Tullensis.

436 2803 509 2873 neq.
529 2803 568 2858 92
585 2802 610 2873 f.
629 2804 686 2859 202
704 2819 751 2858 nr.
772 2806 854 2859 3351.

391 3091 531 3160 *ma
567 3096 654 3160 1329
675 3095 751 3162 Julu'
775 3097 828 3161 27.

393 3227 461 3295 Nos
483 3229 600 3294 Petrus
623 3227 665 3294 de
689 3229 819 3312 Ungula
851 3230 940 3315 prior
964 3228 1095 3295 Tollose
1124 3228 1245 3294 domini
1272 3227 1375 3294 nostri
1398 3227 1550 3293 Iohannis
1577 3226 1622 3292 di·

286 3335 362 3402 vina
392 3333 596 3420 providentia
626 3356 712 3421 pape
740 3336 867 3420 legatus
899 3343 1008 3402 notum
1038 3336 1176 3401 iacimus
1204 3336 1363 3402 universis
1387 3341 1551 3420 presentes
1574 3335 1623 3399 lit-

286 3449 373 3508 teras
397 3441 513 3509 visuris
537 3449 569 3508 et
593 3442 762 3526 audituris,
799 3443 896 3525 quod,
932 3444 1008 3525 quia
1035 3463 1093 3508 nos
1122 3445 1269 3508 omnibus
1293 3443 1483 3508 tractatibus
1506 3442 1623 3507 amica·

286 3549 359 3615 bilis
383 3549 624 3634 compositionis
641 3556 673 3614 et
688 3550 960 3616 reconciliationis
977 3551 1081 3615 inter.
1100 3599 1107 3614 .
1128 3550 1323 3616 .Henricum
1348 3549 1624 3635 archiepiscopum

286 3653 506 3721 Ooloniensem
524 3656 640 3721 eteius
657 3657 778 3722 amicos
795 3677 837 3722 ex
854 3677 918 3722 una
939 3663 1032 3743 parte
1055 3677 1178 3724 necnon
1203 3657 1376 3743 prudentes
1392 3659 1477 3724 viros
1500 3655 1624 3721 iudices

288 3763 495 3829 ..scabinos
520 3810 554 3829 ..
579 3763 726 3829 consules
751 3770 940 3848 ceterosque
965 3765 1053 3831 cives
1076 3772 1110 3831 et
1133 3766 1297 3830 civitatem
1322 3764 1432 3830 Oolon.
1457 3784 1498 3830 ex
1521 3762 1623 3828 altera

286 3870 327 3936 de
351 3877 456 3937 castro
486 3877 518 3936 et
547 3869 645 3956 opido
670 3871 768 3936 Brdle
800 3870 948 3937 ordinate
976 3891 1015 3936 ac
1038 3873 1196 3937 universis
1219 3879 1252 3936 et
1275 3870 1409 3956 singulis
1433 3869 1626 3936 condicioni·

286 3981 345 4044 bus
369 3977 488 4043 dictam
513 3977 716 4044 amicabilem
747 3978 1012 4062 compositionem
1037 3978 1307 4062 contingentibus,
1330 3976 1430 4063 'prout
1453 3979 1484 4042 in
1508 3977 1624 4042 litteris

286 4085 374 4151 dicte
398 4085 644 4168 composicionis
666 4083 805 4150 lucidius
835 4085 1025 4168 continetur,
1063 4091 1227 4168 tamquam
1254 4083 1412 4151 mediator
1435 4085 1623 4170 apartibus

286 4191 360 4257 hinc
387 4191 469 4266 inde
502 4191 685 4276 specialiter
718 4191 825 4274 rogati
857 4191 1072 4258 interfuimus.
1120 4190 1198 4257 Ideo
1231 4192 1372 4276 sigillum
1405 4197 1547 4256 nostrum
1580 4190 1622 4256 ad

286 4317 398 4383 preces
432 4302 637 4380 utrarumque
670 4297 809 4383 partium
842 4297 1062 4383 predictarum
1095 4297 1299 4383 presentibus
1331 4297 1478 4363 duximus
1505 4317 1624 4381 appen-

287 4404 438 4471 dendum.
494 4406 613 4470 Datum
647 4425 730 4470 anno
764 4404 884 4470 domini
919 4405 1088 4472 millesimo
1116 4405 1340 4471 trecentesimo
1363 4404 1516 4472 vicesimo
1539 4425 1623 4470 nono

286 4514 399 4597 quinta
423 4513 507 4580 feria
529 4522 603 4600 post
626 4515 743 4581 festum
768 4514 855 4580 beati
879 4514 992 4580 Iacobi
1015 4514 1164 4599 apostoli.

450 4639 499 4693 Or.
519 4639 641 4694 membr.
666 4655 735 4694 cum
754 4637 810 4709 cip.
834 4653 918 4694 cereo
935 4639 1092 4707 pendente.
1135 4638 1223 4694 Arcb.
1243 4637 1324 4693 11111.
1345 4638 1513 4694 01111111.
1534 4639 1624 4707 1267,·

450 4728 482 4792 Q.
501 4729 550 4784 IV
564 4745 614 4786 rar.
633 4730 697 4782 156.
