<?xml version="1.0" encoding="UTF-8"?>
<!DOCTYPE html PUBLIC "-//W3C//DTD XHTML 1.0 Transitional//EN"
    "http://www.w3.org/TR/xhtml1/DTD/xhtml1-transitional.dtd">
<html xmlns="http://www.w3.org/1999/xhtml" xml:lang="en" lang="en">
 <head>
  <title>
</title>
<meta http-equiv="Content-Type" content="text/html;charset=utf-8" />
  <meta name='ocr-system' content='tesseract 3.04.00' />
  <meta name='ocr-capabilities' content='ocr_page ocr_carea ocr_par ocr_line ocrx_word'/>
</head>
<body>
  <div class='ocr_page' id='page_1' title='image "./urkundenundrege00thimgoog_0152.png"; bbox 0 0 3642 5509; ppageno 0'>
   <div class='ocr_carea' id='block_1_1' title="bbox 698 468 1500 533">
    <p class='ocr_par' dir='ltr' id='par_1_1' title="bbox 698 468 1500 533">
     <span class='ocr_line' id='line_1_1' title="bbox 698 468 1500 533; baseline -0.011 0"><span class='ocrx_word' id='word_1_1' title='bbox 698 479 768 533; x_wconf 76' lang='lat'>1328</span> <span class='ocrx_word' id='word_1_2' title='bbox 786 476 922 531; x_wconf 81' lang='lat' dir='ltr'><strong>Februsr</strong></span> <span class='ocrx_word' id='word_1_3' title='bbox 940 476 966 529; x_wconf 82' lang='lat'><strong>6.</strong></span> <span class='ocrx_word' id='word_1_4' title='bbox 1449 468 1500 524; x_wconf 74' lang='grc'><strong>188</strong></span> 
     </span>
    </p>
   </div>
   <div class='ocr_carea' id='block_1_2' title="bbox 164 650 1501 1481">
    <p class='ocr_par' dir='ltr' id='par_1_2' title="bbox 164 650 1501 1481">
     <span class='ocr_line' id='line_1_2' title="bbox 164 650 1498 743; baseline -0.01 -13"><span class='ocrx_word' id='word_1_5' title='bbox 164 664 241 731; x_wconf 88' lang='lat' dir='ltr'><strong>tatis</strong></span> <span class='ocrx_word' id='word_1_6' title='bbox 257 664 309 729; x_wconf 86' lang='lat' dir='ltr'><strong>vel</strong></span> <span class='ocrx_word' id='word_1_7' title='bbox 325 661 492 727; x_wconf 84' lang='lat' dir='ltr'><strong>affinitatis</strong></span> <span class='ocrx_word' id='word_1_8' title='bbox 515 660 693 726; x_wconf 89' lang='lat' dir='ltr'><strong>coniunctis</strong></span> <span class='ocrx_word' id='word_1_9' title='bbox 715 658 839 743; x_wconf 85' lang='lat' dir='ltr'><strong>possint</strong></span> <span class='ocrx_word' id='word_1_10' title='bbox 861 654 1140 721; x_wconf 81' lang='lat' dir='ltr'><strong>matrimonialiter</strong></span> <span class='ocrx_word' id='word_1_11' title='bbox 1164 652 1316 736; x_wconf 84' lang='lat' dir='ltr'><strong>copulari,</strong></span> <span class='ocrx_word' id='word_1_12' title='bbox 1341 650 1383 716; x_wconf 92' lang='lat' dir='ltr'><strong>de</strong></span> <span class='ocrx_word' id='word_1_13' title='bbox 1408 672 1498 735; x_wconf 93' lang='lat' dir='ltr'><strong>opor·</strong></span> 
     </span>
     <span class='ocr_line' id='line_1_3' title="bbox 164 760 1499 855; baseline -0.01 -18"><span class='ocrx_word' id='word_1_14' title='bbox 164 779 242 837; x_wconf 90' lang='lat' dir='ltr'><strong>tune</strong></span> <span class='ocrx_word' id='word_1_15' title='bbox 265 769 514 855; x_wconf 80' lang='lat' dir='ltr'><strong>dispensationis</strong></span> <span class='ocrx_word' id='word_1_16' title='bbox 537 767 692 833; x_wconf 89' lang='lat' dir='ltr'><strong>beneficio</strong></span> <span class='ocrx_word' id='word_1_17' title='bbox 716 764 893 831; x_wconf 90' lang='lat' dir='ltr'><strong>concedere</strong></span> <span class='ocrx_word' id='word_1_18' title='bbox 924 762 1139 846; x_wconf 82' lang='lat' dir='ltr'><strong>dignaremur.</strong></span> <span class='ocrx_word' id='word_1_19' title='bbox 1198 762 1265 827; x_wconf 92' lang='lat' dir='ltr'><strong>Nos</strong></span> <span class='ocrx_word' id='word_1_20' title='bbox 1289 760 1397 843; x_wconf 90' lang='lat' dir='ltr'><strong>itaque</strong></span> <span class='ocrx_word' id='word_1_21' title='bbox 1423 806 1429 821; x_wconf 91' lang='lat'><strong>.</strong></span> <span class='ocrx_word' id='word_1_22' title='bbox 1457 808 1464 823; x_wconf 92' lang='lat'><strong>.</strong></span> <span class='ocrx_word' id='word_1_23' title='bbox 1491 808 1499 824; x_wconf 88' lang='lat'><strong>.</strong></span> 
     </span>
     <span class='ocr_line' id='line_1_4' title="bbox 165 867 1497 963; baseline -0.011 -19"><span class='ocrx_word' id='word_1_24' title='bbox 165 878 252 963; x_wconf 89' lang='lat' dir='ltr'><strong>quod</strong></span> <span class='ocrx_word' id='word_1_25' title='bbox 275 898 340 943; x_wconf 91' lang='lat' dir='ltr'><strong>una</strong></span> <span class='ocrx_word' id='word_1_26' title='bbox 364 897 403 942; x_wconf 82' lang='lat' dir='ltr'><strong>ex</strong></span> <span class='ocrx_word' id='word_1_27' title='bbox 427 874 553 940; x_wconf 88' lang='lat' dir='ltr'><strong>filiabus</strong></span> <span class='ocrx_word' id='word_1_28' title='bbox 577 875 640 939; x_wconf 89' lang='lat' dir='ltr'><strong>tuis</strong></span> <span class='ocrx_word' id='word_1_29' title='bbox 662 872 827 958; x_wconf 81' lang='lat' dir='ltr'><strong>predictis,</strong></span> <span class='ocrx_word' id='word_1_30' title='bbox 853 892 946 955; x_wconf 85' lang='lat' dir='ltr'><strong>quarn</strong></span> <span class='ocrx_word' id='word_1_31' title='bbox 973 870 1102 935; x_wconf 80' lang='lat' dir='ltr'><strong>duxeris</strong></span> <span class='ocrx_word' id='word_1_32' title='bbox 1127 868 1317 953; x_wconf 87' lang='lat' dir='ltr'><strong>eligendam,</strong></span> <span class='ocrx_word' id='word_1_33' title='bbox 1348 888 1418 932; x_wconf 91' lang='lat' dir='ltr'><strong>cum</strong></span> <span class='ocrx_word' id='word_1_34' title='bbox 1443 867 1497 932; x_wconf 89' lang='lat' dir='ltr'><strong>ali-</strong></span> 
     </span>
     <span class='ocr_line' id='line_1_5' title="bbox 165 975 1499 1070; baseline -0.009 -19"><span class='ocrx_word' id='word_1_35' title='bbox 165 1007 228 1070; x_wconf 90' lang='lat' dir='ltr'><strong>quo</strong></span> <span class='ocrx_word' id='word_1_36' title='bbox 258 984 358 1051; x_wconf 91' lang='lat' dir='ltr'><strong>nobili</strong></span> <span class='ocrx_word' id='word_1_37' title='bbox 387 982 491 1049; x_wconf 87' lang='lat' dir='ltr'><strong>eidem</strong></span> <span class='ocrx_word' id='word_1_38' title='bbox 519 981 583 1047; x_wconf 87' lang='lat' dir='ltr'><strong>fille</strong></span> <span class='ocrx_word' id='word_1_39' title='bbox 612 988 666 1047; x_wconf 91' lang='lat' dir='ltr'><strong>tue</strong></span> <span class='ocrx_word' id='word_1_40' title='bbox 695 981 728 1045; x_wconf 93' lang='lat' dir='ltr'><strong>in</strong></span> <span class='ocrx_word' id='word_1_41' title='bbox 760 980 855 1045; x_wconf 91' lang='lat' dir='ltr'><strong>tertio</strong></span> <span class='ocrx_word' id='word_1_42' title='bbox 885 986 917 1044; x_wconf 92' lang='lat' dir='ltr'><strong>et</strong></span> <span class='ocrx_word' id='word_1_43' title='bbox 946 986 1059 1061; x_wconf 90' lang='lat' dir='ltr'><strong>quarto</strong></span> <span class='ocrx_word' id='word_1_44' title='bbox 1083 975 1187 1060; x_wconf 86' lang='lat' dir='ltr'><strong>gradu</strong></span> <span class='ocrx_word' id='word_1_45' title='bbox 1211 975 1499 1057; x_wconf 77' lang='lat' dir='ltr'><strong>consanguinitatis</strong></span> 
     </span>
     <span class='ocr_line' id='line_1_6' title="bbox 165 1080 1500 1170; baseline -0.01 -12"><span class='ocrx_word' id='word_1_46' title='bbox 165 1094 218 1159; x_wconf 85' lang='lat' dir='ltr'><strong>rel</strong></span> <span class='ocrx_word' id='word_1_47' title='bbox 247 1091 415 1157; x_wconf 87' lang='lat' dir='ltr'><strong>affinitatis</strong></span> <span class='ocrx_word' id='word_1_48' title='bbox 446 1090 626 1170; x_wconf 87' lang='lat' dir='ltr'><strong>conluncto,</strong></span> <span class='ocrx_word' id='word_1_49' title='bbox 660 1085 832 1152; x_wconf 91' lang='lat' dir='ltr'><strong>dummodo</strong></span> <span class='ocrx_word' id='word_1_50' title='bbox 862 1082 1043 1151; x_wconf 89' lang='lat' dir='ltr'><strong>huiusmodi</strong></span> <span class='ocrx_word' id='word_1_51' title='bbox 1072 1082 1188 1147; x_wconf 76' lang='lat' dir='ltr'><strong>nobiIIs</strong></span> <span class='ocrx_word' id='word_1_52' title='bbox 1211 1083 1253 1147; x_wconf 89' lang='lat' dir='ltr'><strong>sit</strong></span> <span class='ocrx_word' id='word_1_53' title='bbox 1277 1082 1414 1147; x_wconf 88' lang='lat' dir='ltr'><strong>ecclesie</strong></span> <span class='ocrx_word' id='word_1_54' title='bbox 1438 1080 1500 1145; x_wconf 90' lang='lat' dir='ltr'><strong>Ro·</strong></span> 
     </span>
     <span class='ocr_line' id='line_1_7' title="bbox 164 1189 1499 1280; baseline -0.01 -15"><span class='ocrx_word' id='word_1_55' title='bbox 164 1220 261 1265; x_wconf 91' lang='lat' dir='ltr'><strong>mane</strong></span> <span class='ocrx_word' id='word_1_56' title='bbox 284 1198 431 1280; x_wconf 85' lang='lat' dir='ltr'><strong>devotus,</strong></span> <span class='ocrx_word' id='word_1_57' title='bbox 465 1196 635 1279; x_wconf 89' lang='lat' dir='ltr'><strong>dictusque</strong></span> <span class='ocrx_word' id='word_1_58' title='bbox 667 1194 784 1259; x_wconf 91' lang='lat' dir='ltr'><strong>nobilis</strong></span> <span class='ocrx_word' id='word_1_59' title='bbox 817 1213 888 1258; x_wconf 91' lang='lat' dir='ltr'><strong>cum</strong></span> <span class='ocrx_word' id='word_1_60' title='bbox 923 1190 1035 1257; x_wconf 91' lang='lat' dir='ltr'><strong>eadem</strong></span> <span class='ocrx_word' id='word_1_61' title='bbox 1070 1190 1134 1255; x_wconf 84' lang='lat' dir='ltr'><strong>filia</strong></span> <span class='ocrx_word' id='word_1_62' title='bbox 1161 1238 1168 1255; x_wconf 89' lang='lat'><strong>.</strong></span> <span class='ocrx_word' id='word_1_63' title='bbox 1195 1238 1202 1253; x_wconf 92' lang='lat'><strong>.</strong></span> <span class='ocrx_word' id='word_1_64' title='bbox 1228 1238 1235 1253; x_wconf 91' lang='lat'><strong>.</strong></span> <span class='ocrx_word' id='word_1_65' title='bbox 1264 1189 1499 1253; x_wconf 88' lang='lat' dir='ltr'><strong>matrimonium</strong></span> 
     </span>
     <span class='ocr_line' id='line_1_8' title="bbox 164 1293 1501 1387; baseline -0.007 -15"><span class='ocrx_word' id='word_1_66' title='bbox 164 1308 266 1373; x_wconf 88' lang='lat' dir='ltr'><strong>libere</strong></span> <span class='ocrx_word' id='word_1_67' title='bbox 291 1305 480 1371; x_wconf 84' lang='lat' dir='ltr'><strong>contrahere</strong></span> <span class='ocrx_word' id='word_1_68' title='bbox 508 1304 647 1384; x_wconf 90' lang='lat' dir='ltr'><strong>valeant,</strong></span> <span class='ocrx_word' id='word_1_69' title='bbox 763 1300 1063 1387; x_wconf 88' lang='lat' dir='ltr'><strong>dispensamus...</strong></span> <span class='ocrx_word' id='word_1_70' title='bbox 1111 1298 1184 1364; x_wconf 87' lang='lat' dir='ltr'><strong>Dat.</strong></span> <span class='ocrx_word' id='word_1_71' title='bbox 1208 1297 1301 1363; x_wconf 84' lang='lat' dir='ltr'><strong>Avin.</strong></span> <span class='ocrx_word' id='word_1_72' title='bbox 1326 1296 1405 1361; x_wconf 89' lang='lat' dir='ltr'>VIII</span> <span class='ocrx_word' id='word_1_73' title='bbox 1428 1293 1501 1363; x_wconf 86' lang='lat' dir='ltr'><strong>idus</strong></span> 
     </span>
     <span class='ocr_line' id='line_1_9' title="bbox 165 1409 599 1481; baseline -0.016 0"><span class='ocrx_word' id='word_1_74' title='bbox 165 1414 319 1481; x_wconf 83' lang='lat' dir='ltr'><strong>februarii</strong></span> <span class='ocrx_word' id='word_1_75' title='bbox 343 1433 372 1477; x_wconf 82' lang='lat' dir='ltr'><strong>a</strong></span> <span class='ocrx_word' id='word_1_76' title='bbox 397 1409 599 1477; x_wconf 89' lang='lat' dir='ltr'><strong>duodecimo.</strong></span> 
     </span>
    </p>
   </div>
   <div class='ocr_carea' id='block_1_3' title="bbox 328 1532 734 1607">
    <p class='ocr_par' dir='ltr' id='par_1_3' title="bbox 328 1532 734 1607">
     <span class='ocr_line' id='line_1_10' title="bbox 328 1532 734 1607; baseline -0.007 -15"><span class='ocrx_word' id='word_1_77' title='bbox 328 1536 400 1607; x_wconf 73' lang='lat' dir='ltr'><strong>Rep.</strong></span> <span class='ocrx_word' id='word_1_78' title='bbox 420 1536 459 1591; x_wconf 84' lang='grc'><strong>87</strong></span> <span class='ocrx_word' id='word_1_79' title='bbox 475 1534 500 1607; x_wconf 81' lang='lat' dir='ltr'><strong>f.</strong></span> <span class='ocrx_word' id='word_1_80' title='bbox 514 1535 561 1591; x_wconf 75' lang='lat'><strong>84¹</strong></span> <span class='ocrx_word' id='word_1_81' title='bbox 578 1550 627 1589; x_wconf 84' lang='lat' dir='ltr'><strong>nr.</strong></span> <span class='ocrx_word' id='word_1_82' title='bbox 646 1532 734 1590; x_wconf 80' lang='lat'><strong><em>2234.</em></strong></span> 
     </span>
    </p>
   </div>
   <div class='ocr_carea' id='block_1_4' title="bbox 272 1806 945 1894">
    <p class='ocr_par' dir='ltr' id='par_1_4' title="bbox 272 1806 945 1894">
     <span class='ocr_line' id='line_1_11' title="bbox 272 1806 945 1894; baseline -0.007 -17"><span class='ocrx_word' id='word_1_83' title='bbox 272 1811 397 1878; x_wconf 75' lang='lat'><strong>14⁰4.</strong></span> <span class='ocrx_word' id='word_1_84' title='bbox 423 1812 511 1876; x_wconf 84' lang='lat'><em>1328</em></span> <span class='ocrx_word' id='word_1_85' title='bbox 532 1810 687 1876; x_wconf 83' lang='lat' dir='ltr'><strong>Febraar</strong></span> <span class='ocrx_word' id='word_1_86' title='bbox 709 1812 742 1873; x_wconf 87' lang='lat'><strong>6.</strong></span> <span class='ocrx_word' id='word_1_87' title='bbox 777 1806 945 1894; x_wconf 78' lang='lat' dir='ltr'><strong>Aoiprroa.</strong></span> 
     </span>
    </p>
   </div>
   <div class='ocr_carea' id='block_1_5' title="bbox 167 1948 1503 3098">
    <p class='ocr_par' dir='ltr' id='par_1_5' title="bbox 167 1948 1501 2683">
     <span class='ocr_line' id='line_1_12' title="bbox 182 1948 1500 2038; baseline -0.005 -17"><span class='ocrx_word' id='word_1_88' title='bbox 182 2004 185 2008; x_wconf 31' lang='lat' dir='ltr'><em>f</em></span> <span class='ocrx_word' id='word_1_89' title='bbox 274 1956 432 2022; x_wconf 82' lang='lat' dir='ltr'><strong>Iohannes</strong></span> <span class='ocrx_word' id='word_1_90' title='bbox 448 1955 548 2019; x_wconf 87' lang='lat' dir='ltr'>XXII</span> <span class='ocrx_word' id='word_1_91' title='bbox 571 1951 742 2038; x_wconf 81' lang='lat' dir='ltr'><strong>Raynaldo</strong></span> <span class='ocrx_word' id='word_1_92' title='bbox 767 1952 874 2016; x_wconf 89' lang='lat' dir='ltr'><strong>comiti</strong></span> <span class='ocrx_word' id='word_1_93' title='bbox 900 1950 1047 2017; x_wconf 85' lang='lat' dir='ltr'><strong>Gelrensi</strong></span> <span class='ocrx_word' id='word_1_94' title='bbox 1070 1949 1226 2035; x_wconf 80' lang='lat' dir='ltr'><strong>indulget,</strong></span> <span class='ocrx_word' id='word_1_95' title='bbox 1251 1956 1286 2014; x_wconf 90' lang='lat' dir='ltr'><strong>ut</strong></span> <span class='ocrx_word' id='word_1_96' title='bbox 1309 1968 1365 2015; x_wconf 85' lang='lat' dir='ltr'><strong>sex</strong></span> <span class='ocrx_word' id='word_1_97' title='bbox 1391 1948 1500 2015; x_wconf 90' lang='lat' dir='ltr'><strong>clerici</strong></span> 
     </span>
     <span class='ocr_line' id='line_1_13' title="bbox 167 2055 1501 2140; baseline -0.007 -9"><span class='ocrx_word' id='word_1_98' title='bbox 167 2064 346 2131; x_wconf 78' lang='lat' dir='ltr'><strong>familiares</strong></span> <span class='ocrx_word' id='word_1_99' title='bbox 377 2063 446 2128; x_wconf 85' lang='lat' dir='ltr'><strong>elus</strong></span> <span class='ocrx_word' id='word_1_100' title='bbox 479 2059 647 2127; x_wconf 82' lang='lat' dir='ltr'><strong>domestici</strong></span> <span class='ocrx_word' id='word_1_101' title='bbox 680 2058 823 2125; x_wconf 91' lang='lat' dir='ltr'><strong>eiusdem</strong></span> <span class='ocrx_word' id='word_1_102' title='bbox 855 2056 1018 2140; x_wconf 90' lang='lat' dir='ltr'><strong>obsequiis</strong></span> <span class='ocrx_word' id='word_1_103' title='bbox 1050 2057 1244 2137; x_wconf 87' lang='lat' dir='ltr'><strong>insistentes,</strong></span> <span class='ocrx_word' id='word_1_104' title='bbox 1278 2076 1358 2137; x_wconf 89' lang='lat' dir='ltr'><strong>quos</strong></span> <span class='ocrx_word' id='word_1_105' title='bbox 1391 2055 1433 2121; x_wconf 90' lang='lat' dir='ltr'><strong>ad</strong></span> <span class='ocrx_word' id='word_1_106' title='bbox 1467 2055 1501 2121; x_wconf 94' lang='lat' dir='ltr'><strong>id</strong></span> 
     </span>
     <span class='ocr_line' id='line_1_14' title="bbox 168 2163 1501 2254; baseline -0.006 -16"><span class='ocrx_word' id='word_1_107' title='bbox 168 2171 298 2237; x_wconf 81' lang='lat' dir='ltr'><strong>duxerit</strong></span> <span class='ocrx_word' id='word_1_108' title='bbox 321 2168 498 2254; x_wconf 85' lang='lat' dir='ltr'><strong>eligendos,</strong></span> <span class='ocrx_word' id='word_1_109' title='bbox 532 2167 654 2233; x_wconf 82' lang='lat' dir='ltr'><strong>fruetus</strong></span> <span class='ocrx_word' id='word_1_110' title='bbox 685 2165 911 2231; x_wconf 86' lang='lat' dir='ltr'><strong>beneficiorum</strong></span> <span class='ocrx_word' id='word_1_111' title='bbox 945 2184 1071 2230; x_wconf 88' lang='lat' dir='ltr'><strong>snorum</strong></span> <span class='ocrx_word' id='word_1_112' title='bbox 1103 2163 1402 2247; x_wconf 90' lang='lat' dir='ltr'><strong>ecelesiasticorum,</strong></span> <span class='ocrx_word' id='word_1_113' title='bbox 1438 2183 1501 2247; x_wconf 92' lang='lat' dir='ltr'><strong>que</strong></span> 
     </span>
     <span class='ocr_line' id='line_1_15' title="bbox 167 2269 1501 2360; baseline -0.007 -14"><span class='ocrx_word' id='word_1_114' title='bbox 167 2300 252 2345; x_wconf 91' lang='lat' dir='ltr'><strong>nunc</strong></span> <span class='ocrx_word' id='word_1_115' title='bbox 283 2278 429 2343; x_wconf 90' lang='lat' dir='ltr'><strong>obtinent</strong></span> <span class='ocrx_word' id='word_1_116' title='bbox 457 2282 490 2341; x_wconf 90' lang='lat' dir='ltr'><strong>et</strong></span> <span class='ocrx_word' id='word_1_117' title='bbox 517 2276 724 2360; x_wconf 91' lang='lat' dir='ltr'><strong>imposterum</strong></span> <span class='ocrx_word' id='word_1_118' title='bbox 754 2272 953 2354; x_wconf 90' lang='lat' dir='ltr'><strong>obtinebunt,</strong></span> <span class='ocrx_word' id='word_1_119' title='bbox 988 2272 1085 2337; x_wconf 87' lang='lat' dir='ltr'><strong>etiam</strong></span> <span class='ocrx_word' id='word_1_120' title='bbox 1114 2272 1140 2337; x_wconf 90' lang='lat' dir='ltr'><strong>si</strong></span> <span class='ocrx_word' id='word_1_121' title='bbox 1172 2269 1358 2355; x_wconf 88' lang='lat' dir='ltr'><strong>dignitates,</strong></span> <span class='ocrx_word' id='word_1_122' title='bbox 1395 2291 1501 2355; x_wconf 89' lang='lat' dir='ltr'><strong>perso-</strong></span> 
     </span>
     <span class='ocr_line' id='line_1_16' title="bbox 167 2376 1500 2463; baseline -0.008 -10"><span class='ocrx_word' id='word_1_123' title='bbox 167 2393 263 2453; x_wconf 87' lang='lat' dir='ltr'><strong>natus</strong></span> <span class='ocrx_word' id='word_1_124' title='bbox 292 2385 342 2450; x_wconf 88' lang='lat' dir='ltr'><strong>rel</strong></span> <span class='ocrx_word' id='word_1_125' title='bbox 376 2384 482 2450; x_wconf 86' lang='lat' dir='ltr'><strong>officia</strong></span> <span class='ocrx_word' id='word_1_126' title='bbox 515 2382 658 2448; x_wconf 84' lang='lat' dir='ltr'><strong>existant</strong></span> <span class='ocrx_word' id='word_1_127' title='bbox 681 2387 714 2446; x_wconf 90' lang='lat' dir='ltr'><strong>et</strong></span> <span class='ocrx_word' id='word_1_128' title='bbox 737 2400 845 2445; x_wconf 87' lang='lat' dir='ltr'><strong>curam</strong></span> <span class='ocrx_word' id='word_1_129' title='bbox 869 2379 1011 2443; x_wconf 88' lang='lat' dir='ltr'><strong>habeant</strong></span> <span class='ocrx_word' id='word_1_130' title='bbox 1034 2379 1219 2460; x_wconf 87' lang='lat' dir='ltr'><strong>animarum,</strong></span> <span class='ocrx_word' id='word_1_131' title='bbox 1252 2376 1387 2463; x_wconf 85' lang='lat' dir='ltr'><strong>integre,</strong></span> <span class='ocrx_word' id='word_1_132' title='bbox 1423 2379 1500 2443; x_wconf 92' lang='lat' dir='ltr'><strong>coti-</strong></span> 
     </span>
     <span class='ocr_line' id='line_1_17' title="bbox 168 2484 1500 2572; baseline -0.006 -13"><span class='ocrx_word' id='word_1_133' title='bbox 168 2494 276 2559; x_wconf 90' lang='lat' dir='ltr'><strong>dianis</strong></span> <span class='ocrx_word' id='word_1_134' title='bbox 299 2490 576 2558; x_wconf 84' lang='lat' dir='ltr'><strong>distributionibus</strong></span> <span class='ocrx_word' id='word_1_135' title='bbox 599 2488 767 2554; x_wconf 79' lang='lat' dir='ltr'><strong>dumtaxat</strong></span> <span class='ocrx_word' id='word_1_136' title='bbox 790 2486 946 2572; x_wconf 83' lang='lat' dir='ltr'><strong>exceptis,</strong></span> <span class='ocrx_word' id='word_1_137' title='bbox 970 2484 1130 2568; x_wconf 87' lang='lat' dir='ltr'><strong>usquead</strong></span> <span class='ocrx_word' id='word_1_138' title='bbox 1146 2486 1317 2550; x_wconf 88' lang='lat' dir='ltr'><strong>trienninm</strong></span> <span class='ocrx_word' id='word_1_139' title='bbox 1334 2484 1500 2570; x_wconf 89' lang='lat' dir='ltr'><strong>percipere</strong></span> 
     </span>
     <span class='ocr_line' id='line_1_18' title="bbox 168 2596 605 2683; baseline -0.009 -18"><span class='ocrx_word' id='word_1_140' title='bbox 168 2602 308 2675; x_wconf 86' lang='lat' dir='ltr'><strong>valeant,</strong></span> <span class='ocrx_word' id='word_1_141' title='bbox 333 2598 409 2683; x_wconf 92' lang='lat' dir='ltr'><strong>quin</strong></span> <span class='ocrx_word' id='word_1_142' title='bbox 432 2596 605 2663; x_wconf 88' lang='lat' dir='ltr'><strong>resideant.</strong></span> 
     </span>
    </p>

    <p class='ocr_par' dir='ltr' id='par_1_6' title="bbox 169 2699 1499 2881">
     <span class='ocr_line' id='line_1_19' title="bbox 277 2699 1499 2773; baseline -0.007 0"><span class='ocrx_word' id='word_1_143' title='bbox 277 2710 450 2773; x_wconf 89' lang='lat' dir='ltr'><strong>Personam</strong></span> <span class='ocrx_word' id='word_1_144' title='bbox 483 2712 574 2770; x_wconf 89' lang='lat' dir='ltr'><strong>tuam</strong></span> <span class='ocrx_word' id='word_1_145' title='bbox 605 2703 698 2769; x_wconf 90' lang='lat' dir='ltr'><strong>nobis</strong></span> <span class='ocrx_word' id='word_1_146' title='bbox 723 2753 730 2766; x_wconf 95' lang='lat'><strong>.</strong></span> <span class='ocrx_word' id='word_1_147' title='bbox 756 2749 763 2766; x_wconf 90' lang='lat'><strong>.</strong></span> <span class='ocrx_word' id='word_1_148' title='bbox 790 2750 797 2768; x_wconf 92' lang='lat'>.</span> <span class='ocrx_word' id='word_1_149' title='bbox 845 2702 920 2767; x_wconf 87' lang='lat' dir='ltr'><strong>Dat.</strong></span> <span class='ocrx_word' id='word_1_150' title='bbox 953 2702 1046 2767; x_wconf 84' lang='lat' dir='ltr'><strong>Avin.</strong></span> <span class='ocrx_word' id='word_1_151' title='bbox 1072 2701 1150 2766; x_wconf 95' lang='lat' dir='ltr'><strong>VIIl</strong></span> <span class='ocrx_word' id='word_1_152' title='bbox 1184 2699 1256 2767; x_wconf 90' lang='lat' dir='ltr'><strong>idus</strong></span> <span class='ocrx_word' id='word_1_153' title='bbox 1289 2700 1441 2767; x_wconf 88' lang='lat' dir='ltr'><strong>februarii</strong></span> <span class='ocrx_word' id='word_1_154' title='bbox 1470 2722 1499 2767; x_wconf 86' lang='lat' dir='ltr'><strong>a.</strong></span> 
     </span>
     <span class='ocr_line' id='line_1_20' title="bbox 169 2814 371 2881; baseline -0.015 0"><span class='ocrx_word' id='word_1_155' title='bbox 169 2814 371 2881; x_wconf 91' lang='lat' dir='ltr'><strong>duodecimo.</strong></span> 
     </span>
    </p>

    <p class='ocr_par' dir='ltr' id='par_1_7' title="bbox 169 2917 1503 3098">
     <span class='ocr_line' id='line_1_21' title="bbox 278 2917 1503 3002; baseline -0.002 -16"><span class='ocrx_word' id='word_1_156' title='bbox 278 2923 314 2986; x_wconf 90' lang='lat' dir='ltr'><strong>In</strong></span> <span class='ocrx_word' id='word_1_157' title='bbox 339 2940 368 2986; x_wconf 89' lang='lat' dir='ltr'><strong>e.</strong></span> <span class='ocrx_word' id='word_1_158' title='bbox 385 2942 425 2985; x_wconf 91' lang='lat' dir='ltr'><strong>m.</strong></span> <span class='ocrx_word' id='word_1_159' title='bbox 459 2918 570 2985; x_wconf 86' lang='lat' dir='ltr'><strong>abbati</strong></span> <span class='ocrx_word' id='word_1_160' title='bbox 593 2919 777 2984; x_wconf 88' lang='lat' dir='ltr'><strong>monasterii</strong></span> <span class='ocrx_word' id='word_1_161' title='bbox 802 2917 991 3002; x_wconf 80' lang='lat' dir='ltr'><strong>Campensis</strong></span> <span class='ocrx_word' id='word_1_162' title='bbox 1014 2924 1046 2983; x_wconf 91' lang='lat' dir='ltr'><strong>et</strong></span> <span class='ocrx_word' id='word_1_163' title='bbox 1071 2918 1312 2984; x_wconf 84' lang='lat' dir='ltr'><strong>Darantriensis</strong></span> <span class='ocrx_word' id='word_1_164' title='bbox 1335 2918 1445 2986; x_wconf 81' lang='lat' dir='ltr'><strong>Gelon.</strong></span> <span class='ocrx_word' id='word_1_165' title='bbox 1470 2926 1503 2986; x_wconf 91' lang='lat' dir='ltr'><strong>et</strong></span> 
     </span>
     <span class='ocr_line' id='line_1_22' title="bbox 169 3024 1218 3098; baseline -0.01 0"><span class='ocrx_word' id='word_1_166' title='bbox 169 3031 312 3098; x_wconf 82' lang='lat' dir='ltr'><strong>Traiect.</strong></span> <span class='ocrx_word' id='word_1_167' title='bbox 337 3027 421 3094; x_wconf 89' lang='lat' dir='ltr'><strong>dioc.</strong></span> <span class='ocrx_word' id='word_1_168' title='bbox 446 3047 486 3092; x_wconf 90' lang='lat' dir='ltr'><strong>ae</strong></span> <span class='ocrx_word' id='word_1_169' title='bbox 509 3027 543 3093; x_wconf 89' lang='lat' dir='ltr'><strong>S.</strong></span> <span class='ocrx_word' id='word_1_170' title='bbox 568 3024 655 3093; x_wconf 86' lang='lat' dir='ltr'><strong>Petri</strong></span> <span class='ocrx_word' id='word_1_171' title='bbox 679 3026 820 3091; x_wconf 83' lang='lat' dir='ltr'><strong>Traieot.</strong></span> <span class='ocrx_word' id='word_1_172' title='bbox 845 3024 978 3091; x_wconf 85' lang='lat' dir='ltr'><strong>decanis</strong></span> <span class='ocrx_word' id='word_1_173' title='bbox 1001 3025 1218 3092; x_wconf 85' lang='lat' dir='ltr'><strong>ecclesiarum.</strong></span> 
     </span>
    </p>
   </div>
   <div class='ocr_carea' id='block_1_6' title="bbox 332 3150 748 3223">
    <p class='ocr_par' dir='ltr' id='par_1_8' title="bbox 332 3150 748 3223">
     <span class='ocr_line' id='line_1_23' title="bbox 332 3150 748 3223; baseline -0.01 -15"><span class='ocrx_word' id='word_1_174' title='bbox 332 3154 405 3223; x_wconf 75' lang='lat' dir='ltr'><strong>Req.</strong></span> <span class='ocrx_word' id='word_1_175' title='bbox 424 3153 462 3207; x_wconf 88' lang='grc'><strong>87</strong></span> <span class='ocrx_word' id='word_1_176' title='bbox 486 3151 511 3221; x_wconf 73' lang='lat' dir='ltr'><strong>s.</strong></span> <span class='ocrx_word' id='word_1_177' title='bbox 530 3150 578 3206; x_wconf 67' lang='lat'><strong>831</strong></span> <span class='ocrx_word' id='word_1_178' title='bbox 596 3166 644 3205; x_wconf 80' lang='lat' dir='ltr'><strong>ar.</strong></span> <span class='ocrx_word' id='word_1_179' title='bbox 662 3150 748 3205; x_wconf 81' lang='lat'><strong><em>2231.</em></strong></span> 
     </span>
    </p>
   </div>
   <div class='ocr_carea' id='block_1_7' title="bbox 278 3390 953 3479">
    <p class='ocr_par' dir='ltr' id='par_1_9' title="bbox 278 3390 953 3479">
     <span class='ocr_line' id='line_1_24' title="bbox 278 3390 953 3479; baseline -0.006 -18"><span class='ocrx_word' id='word_1_180' title='bbox 278 3394 402 3461; x_wconf 67' lang='lat' dir='ltr'><strong>laos.</strong></span> <span class='ocrx_word' id='word_1_181' title='bbox 439 3395 758 3459; x_wconf 68' lang='lat' dir='ltr'><strong>reassumere.</strong></span> <span class='ocrx_word' id='word_1_182' title='bbox 788 3390 953 3479; x_wconf 73' lang='lat' dir='ltr'><strong>deipnos.</strong></span> 
     </span>
    </p>
   </div>
   <div class='ocr_carea' id='block_1_8' title="bbox 167 3530 1504 4261">
    <p class='ocr_par' dir='ltr' id='par_1_10' title="bbox 167 3530 1504 4136">
     <span class='ocr_line' id='line_1_25' title="bbox 278 3530 1503 3618; baseline -0.002 -18"><span class='ocrx_word' id='word_1_183' title='bbox 278 3534 437 3601; x_wconf 86' lang='lat' dir='ltr'><strong>Iohannes</strong></span> <span class='ocrx_word' id='word_1_184' title='bbox 461 3533 560 3599; x_wconf 86' lang='lat' dir='ltr'>XXII</span> <span class='ocrx_word' id='word_1_185' title='bbox 595 3530 765 3618; x_wconf 87' lang='lat' dir='ltr'><strong>Reynaldo</strong></span> <span class='ocrx_word' id='word_1_186' title='bbox 789 3531 898 3597; x_wconf 89' lang='lat' dir='ltr'><strong>comiti</strong></span> <span class='ocrx_word' id='word_1_187' title='bbox 922 3532 1067 3599; x_wconf 84' lang='lat' dir='ltr'><strong>Gelrensi</strong></span> <span class='ocrx_word' id='word_1_188' title='bbox 1097 3554 1136 3599; x_wconf 88' lang='lat' dir='ltr'><strong>ae</strong></span> <span class='ocrx_word' id='word_1_189' title='bbox 1163 3532 1295 3618; x_wconf 86' lang='lat' dir='ltr'><strong>Sopbye</strong></span> <span class='ocrx_word' id='word_1_190' title='bbox 1319 3533 1388 3599; x_wconf 92' lang='lat' dir='ltr'><strong>eius</strong></span> <span class='ocrx_word' id='word_1_191' title='bbox 1410 3534 1503 3598; x_wconf 83' lang='lat' dir='ltr'><strong>uxori</strong></span> 
     </span>
     <span class='ocr_line' id='line_1_26' title="bbox 169 3638 1503 3725; baseline -0.001 -18"><span class='ocrx_word' id='word_1_192' title='bbox 169 3641 329 3725; x_wconf 88' lang='lat' dir='ltr'><strong>indulget,</strong></span> <span class='ocrx_word' id='word_1_193' title='bbox 353 3648 389 3705; x_wconf 89' lang='lat' dir='ltr'><strong>ut</strong></span> <span class='ocrx_word' id='word_1_194' title='bbox 411 3640 549 3723; x_wconf 89' lang='lat' dir='ltr'><strong>aliquem</strong></span> <span class='ocrx_word' id='word_1_195' title='bbox 575 3638 774 3705; x_wconf 91' lang='lat' dir='ltr'><strong>sacerdotem</strong></span> <span class='ocrx_word' id='word_1_196' title='bbox 790 3638 952 3725; x_wconf 88' lang='lat' dir='ltr'><strong>ydoneum</strong></span> <span class='ocrx_word' id='word_1_197' title='bbox 976 3639 1122 3707; x_wconf 90' lang='lat' dir='ltr'><strong>insuam</strong></span> <span class='ocrx_word' id='word_1_198' title='bbox 1147 3642 1269 3724; x_wconf 84' lang='lat' dir='ltr'><strong>possint</strong></span> <span class='ocrx_word' id='word_1_199' title='bbox 1293 3640 1414 3724; x_wconf 90' lang='lat' dir='ltr'><strong>eligere</strong></span> <span class='ocrx_word' id='word_1_200' title='bbox 1431 3661 1503 3706; x_wconf 92' lang='lat' dir='ltr'><strong>con-</strong></span> 
     </span>
     <span class='ocr_line' id='line_1_27' title="bbox 169 3746 1504 3833; baseline -0.001 -19"><span class='ocrx_word' id='word_1_201' title='bbox 169 3750 343 3829; x_wconf 86' lang='lat' dir='ltr'><strong>fessorem,</strong></span> <span class='ocrx_word' id='word_1_202' title='bbox 378 3749 449 3831; x_wconf 86' lang='lat' dir='ltr'><strong>qui,</strong></span> <span class='ocrx_word' id='word_1_203' title='bbox 483 3748 629 3831; x_wconf 87' lang='lat' dir='ltr'><strong>quotiens</strong></span> <span class='ocrx_word' id='word_1_204' title='bbox 657 3746 755 3815; x_wconf 84' lang='lat' dir='ltr'><strong>fuerit</strong></span> <span class='ocrx_word' id='word_1_205' title='bbox 783 3755 989 3833; x_wconf 89' lang='lat' dir='ltr'><strong>oportunum,</strong></span> <span class='ocrx_word' id='word_1_206' title='bbox 1024 3766 1132 3813; x_wconf 91' lang='lat' dir='ltr'><strong>eornm</strong></span> <span class='ocrx_word' id='word_1_207' title='bbox 1163 3746 1364 3814; x_wconf 89' lang='lat' dir='ltr'><strong>confessione</strong></span> <span class='ocrx_word' id='word_1_208' title='bbox 1392 3747 1504 3813; x_wconf 89' lang='lat' dir='ltr'><strong>audita</strong></span> 
     </span>
     <span class='ocr_line' id='line_1_28' title="bbox 169 3854 1503 3939; baseline -0.001 -18"><span class='ocrx_word' id='word_1_209' title='bbox 169 3857 319 3939; x_wconf 88' lang='lat' dir='ltr'><strong>iniungat</strong></span> <span class='ocrx_word' id='word_1_210' title='bbox 347 3856 394 3920; x_wconf 91' lang='lat' dir='ltr'><strong>eis</strong></span> <span class='ocrx_word' id='word_1_211' title='bbox 425 3855 634 3939; x_wconf 89' lang='lat' dir='ltr'><strong>penitentiam</strong></span> <span class='ocrx_word' id='word_1_212' title='bbox 663 3856 834 3922; x_wconf 87' lang='lat' dir='ltr'><strong>salutarem</strong></span> <span class='ocrx_word' id='word_1_213' title='bbox 865 3856 975 3938; x_wconf 86' lang='lat' dir='ltr'><strong>eisque</strong></span> <span class='ocrx_word' id='word_1_214' title='bbox 1003 3854 1192 3921; x_wconf 86' lang='lat' dir='ltr'><strong>beneficium</strong></span> <span class='ocrx_word' id='word_1_215' title='bbox 1216 3854 1425 3920; x_wconf 84' lang='lat' dir='ltr'><strong>absolutionis</strong></span> <span class='ocrx_word' id='word_1_216' title='bbox 1448 3854 1503 3919; x_wconf 91' lang='lat' dir='ltr'><strong>irn-</strong></span> 
     </span>
     <span class='ocr_line' id='line_1_29' title="bbox 170 3960 1504 4049; baseline -0.002 -21"><span class='ocrx_word' id='word_1_217' title='bbox 170 3962 303 4048; x_wconf 87' lang='lat' dir='ltr'><strong>pendat,</strong></span> <span class='ocrx_word' id='word_1_218' title='bbox 333 3962 395 4027; x_wconf 91' lang='lat' dir='ltr'><strong>nisi</strong></span> <span class='ocrx_word' id='word_1_219' title='bbox 417 3962 496 4027; x_wconf 85' lang='lat' dir='ltr'><strong>talia</strong></span> <span class='ocrx_word' id='word_1_220' title='bbox 511 3961 640 4047; x_wconf 88' lang='lat' dir='ltr'><strong>fuerint,</strong></span> <span class='ocrx_word' id='word_1_221' title='bbox 665 3969 795 4049; x_wconf 90' lang='lat' dir='ltr'><strong>propter</strong></span> <span class='ocrx_word' id='word_1_222' title='bbox 819 3982 881 4045; x_wconf 90' lang='lat' dir='ltr'><strong>que</strong></span> <span class='ocrx_word' id='word_1_223' title='bbox 904 3962 947 4028; x_wconf 89' lang='lat' dir='ltr'><strong>sit</strong></span> <span class='ocrx_word' id='word_1_224' title='bbox 975 3960 1069 4028; x_wconf 86' lang='lat' dir='ltr'><strong>sedes</strong></span> <span class='ocrx_word' id='word_1_225' title='bbox 1093 3962 1272 4045; x_wconf 87' lang='lat' dir='ltr'><strong>apostoliea</strong></span> <span class='ocrx_word' id='word_1_226' title='bbox 1295 3962 1408 4028; x_wconf 84' lang='lat' dir='ltr'><strong>merito</strong></span> <span class='ocrx_word' id='word_1_227' title='bbox 1431 3982 1504 4028; x_wconf 91' lang='lat' dir='ltr'><strong>con·</strong></span> 
     </span>
     <span class='ocr_line' id='line_1_30' title="bbox 167 4069 316 4136; baseline -0.02 0"><span class='ocrx_word' id='word_1_228' title='bbox 167 4069 316 4136; x_wconf 87' lang='lat' dir='ltr'><strong>sulenda.</strong></span> 
     </span>
    </p>

    <p class='ocr_par' dir='ltr' id='par_1_11' title="bbox 279 4175 1502 4261">
     <span class='ocr_line' id='line_1_31' title="bbox 279 4175 1502 4261; baseline -0.002 -18"><span class='ocrx_word' id='word_1_229' title='bbox 279 4178 425 4261; x_wconf 81' lang='lat' dir='ltr'><strong>Benigne</strong></span> <span class='ocrx_word' id='word_1_230' title='bbox 448 4183 522 4244; x_wconf 91' lang='lat' dir='ltr'><strong>sunt</strong></span> <span class='ocrx_word' id='word_1_231' title='bbox 544 4198 584 4244; x_wconf 85' lang='lat' dir='ltr'><strong>ea</strong></span> <span class='ocrx_word' id='word_1_232' title='bbox 601 4228 608 4243; x_wconf 92' lang='lat'><strong>.</strong></span> <span class='ocrx_word' id='word_1_233' title='bbox 627 4226 634 4243; x_wconf 94' lang='lat'><strong>.</strong></span> <span class='ocrx_word' id='word_1_234' title='bbox 653 4226 661 4243; x_wconf 92' lang='lat'><strong>.</strong></span> <span class='ocrx_word' id='word_1_235' title='bbox 694 4178 769 4247; x_wconf 89' lang='lat' dir='ltr'><strong>Dat.</strong></span> <span class='ocrx_word' id='word_1_236' title='bbox 786 4178 880 4244; x_wconf 84' lang='lat' dir='ltr'><strong>Avia.</strong></span> <span class='ocrx_word' id='word_1_237' title='bbox 898 4178 978 4243; x_wconf 92' lang='lat' dir='ltr'>VIII</span> <span class='ocrx_word' id='word_1_238' title='bbox 999 4176 1071 4243; x_wconf 92' lang='lat' dir='ltr'><strong>idus</strong></span> <span class='ocrx_word' id='word_1_239' title='bbox 1086 4178 1239 4244; x_wconf 84' lang='lat' dir='ltr'><strong>februarii</strong></span> <span class='ocrx_word' id='word_1_240' title='bbox 1256 4198 1285 4243; x_wconf 88' lang='lat' dir='ltr'><strong>a.</strong></span> <span class='ocrx_word' id='word_1_241' title='bbox 1302 4175 1502 4243; x_wconf 89' lang='lat' dir='ltr'><strong>duodecimo.</strong></span> 
     </span>
    </p>
   </div>
   <div class='ocr_carea' id='block_1_9' title="bbox 322 4320 720 4393">
    <p class='ocr_par' dir='ltr' id='par_1_12' title="bbox 322 4320 720 4393">
     <span class='ocr_line' id='line_1_32' title="bbox 322 4320 720 4393; baseline -0.005 -17"><span class='ocrx_word' id='word_1_242' title='bbox 322 4321 394 4393; x_wconf 75' lang='lat' dir='ltr'><strong>ch.</strong></span> <span class='ocrx_word' id='word_1_243' title='bbox 414 4321 453 4376; x_wconf 84' lang='grc'><strong>87</strong></span> <span class='ocrx_word' id='word_1_244' title='bbox 467 4320 492 4390; x_wconf 84' lang='lat' dir='ltr'><strong>f.</strong></span> <span class='ocrx_word' id='word_1_245' title='bbox 512 4322 551 4376; x_wconf 90' lang='grc'><strong>88</strong></span> <span class='ocrx_word' id='word_1_246' title='bbox 568 4336 616 4375; x_wconf 84' lang='lat' dir='ltr'><strong>ar.</strong></span> <span class='ocrx_word' id='word_1_247' title='bbox 635 4320 720 4377; x_wconf 80' lang='lat'><em>2260.</em></span> 
     </span>
    </p>
   </div>
   <div class='ocr_carea' id='block_1_10' title="bbox 276 4583 934 4672">
    <p class='ocr_par' dir='ltr' id='par_1_13' title="bbox 276 4583 934 4672">
     <span class='ocr_line' id='line_1_33' title="bbox 276 4583 934 4672; baseline -0.002 -20"><span class='ocrx_word' id='word_1_248' title='bbox 276 4586 401 4652; x_wconf 71' lang='lat' dir='ltr'><strong>laos.</strong></span> <span class='ocrx_word' id='word_1_249' title='bbox 427 4587 514 4651; x_wconf 86' lang='grc'><em>1328</em></span> <span class='ocrx_word' id='word_1_250' title='bbox 537 4587 691 4651; x_wconf 81' lang='lat' dir='ltr'><strong>Febraar</strong></span> <span class='ocrx_word' id='word_1_251' title='bbox 713 4587 745 4650; x_wconf 84' lang='lat'><strong>6.</strong></span> <span class='ocrx_word' id='word_1_252' title='bbox 769 4583 934 4672; x_wconf 78' lang='lat' dir='ltr'><strong>Anipaon.</strong></span> 
     </span>
    </p>
   </div>
   <div class='ocr_carea' id='block_1_11' title="bbox 169 4726 1504 4920">
    <p class='ocr_par' dir='ltr' id='par_1_14' title="bbox 169 4726 1504 4920">
     <span class='ocr_line' id='line_1_34' title="bbox 278 4726 1504 4814; baseline -0.001 -22"><span class='ocrx_word' id='word_1_253' title='bbox 278 4726 438 4794; x_wconf 88' lang='lat' dir='ltr'><strong>Iohannes</strong></span> <span class='ocrx_word' id='word_1_254' title='bbox 460 4728 560 4794; x_wconf 90' lang='lat' dir='ltr'>XXII</span> <span class='ocrx_word' id='word_1_255' title='bbox 595 4728 765 4813; x_wconf 87' lang='lat' dir='ltr'><strong>Reynaldo</strong></span> <span class='ocrx_word' id='word_1_256' title='bbox 796 4727 905 4793; x_wconf 88' lang='lat' dir='ltr'><strong>comiti</strong></span> <span class='ocrx_word' id='word_1_257' title='bbox 930 4727 1073 4793; x_wconf 85' lang='lat' dir='ltr'><strong>Gelrensi</strong></span> <span class='ocrx_word' id='word_1_258' title='bbox 1102 4748 1142 4793; x_wconf 91' lang='lat' dir='ltr'><strong>ac</strong></span> <span class='ocrx_word' id='word_1_259' title='bbox 1165 4726 1297 4814; x_wconf 83' lang='lat' dir='ltr'><strong>Sopbye</strong></span> <span class='ocrx_word' id='word_1_260' title='bbox 1321 4728 1390 4793; x_wconf 90' lang='lat' dir='ltr'><strong>eius</strong></span> <span class='ocrx_word' id='word_1_261' title='bbox 1412 4727 1504 4792; x_wconf 85' lang='lat' dir='ltr'><strong>uxori</strong></span> 
     </span>
     <span class='ocr_line' id='line_1_35' title="bbox 169 4834 1504 4920; baseline -0.001 -19"><span class='ocrx_word' id='word_1_262' title='bbox 169 4835 329 4919; x_wconf 86' lang='lat' dir='ltr'><strong>indulget,</strong></span> <span class='ocrx_word' id='word_1_263' title='bbox 353 4841 389 4900; x_wconf 90' lang='lat' dir='ltr'><strong>ut</strong></span> <span class='ocrx_word' id='word_1_264' title='bbox 409 4855 517 4901; x_wconf 91' lang='lat' dir='ltr'><strong>eorum</strong></span> <span class='ocrx_word' id='word_1_265' title='bbox 542 4834 700 4920; x_wconf 86' lang='lat' dir='ltr'><strong>capellani</strong></span> <span class='ocrx_word' id='word_1_266' title='bbox 723 4835 846 4920; x_wconf 88' lang='lat' dir='ltr'><strong>possint</strong></span> <span class='ocrx_word' id='word_1_267' title='bbox 869 4834 948 4920; x_wconf 90' lang='lat' dir='ltr'><strong>ipsis</strong></span> <span class='ocrx_word' id='word_1_268' title='bbox 972 4843 1004 4899; x_wconf 91' lang='lat' dir='ltr'><strong>et</strong></span> <span class='ocrx_word' id='word_1_269' title='bbox 1027 4835 1166 4920; x_wconf 90' lang='lat' dir='ltr'><strong>ipsorum</strong></span> <span class='ocrx_word' id='word_1_270' title='bbox 1192 4836 1332 4919; x_wconf 89' lang='lat' dir='ltr'><strong>cuilibet,</strong></span> <span class='ocrx_word' id='word_1_271' title='bbox 1357 4834 1504 4919; x_wconf 90' lang='lat' dir='ltr'><strong>quotiens</strong></span> 
     </span>
    </p>
   </div>
   <div class='ocr_carea' id='block_1_12' title="bbox 0 0 1834 5509">
    <p class='ocr_par' dir='ltr' id='par_1_15' title="bbox 0 0 1834 5509">
     <span class='ocr_line' id='line_1_36' title="bbox 0 0 1834 5509; baseline 0 0"><span class='ocrx_word' id='word_1_272' title='bbox 0 0 1834 5509; x_wconf 95' lang='lat' dir='ltr'><strong> </strong></span> 
     </span>
    </p>
   </div>
  </div>
 </body>
</html>
