3642 5509
709 464 778 521 1327
798 465 976 536 September
997 466 1037 520 13.
1508 468 1544 521 69

210 645 340 711 Trever.
364 666 404 711 ac
427 644 601 711 Guillermo
626 644 667 711 de
691 645 725 714 S.
750 646 879 713 Victore
903 646 1059 712 canonico
1084 647 1310 712 Panormitano
1334 646 1413 712 eccl.
1438 647 1542 733 capel·

208 750 281 816 lano
308 751 430 837 papali.

358 876 430 946 Ray.
449 877 486 930 85
504 876 529 945 s.
548 874 613 932 298‘
631 891 680 930 ur.
699 877 764 931 336.

315 1141 439 1207 1270.
465 1144 551 1208 1327
576 1141 770 1227 September
795 1143 846 1207 13.
876 1141 1040 1228 Auipuou.

314 1282 474 1349 lohannes
497 1283 597 1348 XXII
629 1281 662 1348 S.
687 1283 807 1348 Florini
832 1284 866 1348 in
890 1282 1091 1350 Confluentia
1114 1292 1146 1350 et
1170 1284 1384 1351 cardonensis
1408 1285 1540 1352 decanis

206 1408 245 1451 ac
267 1387 438 1454 scolastico
463 1389 624 1456 Tullensis
653 1388 863 1457 ecclesiarum
889 1389 1031 1463 mandat,
1065 1390 1214 1474 quatinus
1237 1391 1385 1458 Conrado
1418 1391 1459 1457 dc
1483 1393 1541 1457 Bo

206 1494 321 1580 perdia
356 1497 510 1562 canonico
545 1496 625 1562 cccl.
661 1496 846 1562 Monasterii
877 1496 1062 1581 Meynevclt
1086 1499 1218 1564 Trever.
1254 1496 1338 1565 dioc.
1374 1498 1541 1565 conferant

206 1602 376 1667 ecclesiam
408 1602 642 1688 parrochialem
667 1603 699 1667 in
723 1602 827 1669 Grobe
851 1602 983 1669 Trever.
1008 1602 1092 1671 dioc.
1117 1614 1287 1671 vacantem
1316 1624 1357 1669 er
1380 1623 1430 1688 eo,
1453 1603 1539 1687 quod

206 1708 372 1775 Emericus
401 1709 442 1775 de
471 1708 611 1776 Sconich
642 1710 777 1775 clericus
800 1710 1010 1777 Treverensis
1039 1710 1124 1776 dioc.
1158 1712 1232 1776 olim
1261 1718 1366 1777 rector
1395 1710 1539 1777 ciusdem

205 1816 283 1881 eccl.
310 1816 487 1900 predictam
511 1816 590 1882 cccl.
613 1818 646 1881 in
664 1816 768 1883 Grobc
792 1818 894 1902 primo
919 1824 951 1882 et
974 1825 1088 1904 postea
1111 1820 1345 1904 preposituram
1366 1817 1539 1902 collegiate

206 1923 341 1989 ecclesie
375 1924 408 1989 in
443 1922 566 1991 Seilicb
599 1922 710 1989 Gelon.
744 1922 827 1988 dioc.
861 1924 922 1989 sibi
956 1924 1090 1991 collatas
1118 1926 1276 2009 recipiens
1298 1925 1387 2010 ipsas
1410 1932 1483 2010 post
1506 1932 1539 1991 ct

206 2038 317 2096 contra
350 2032 609 2098 constitutionem
644 2050 741 2116 super
773 2030 959 2116 pluralitate
986 2030 1212 2097 beneficiorum
1248 2032 1538 2098 ecclesiasticorum

205 2137 331 2203 insimul
355 2142 457 2205 tenuit
481 2148 515 2205 et
530 2138 638 2205 adbuc
660 2145 750 2204 tenet
774 2137 814 2205 de
838 2138 938 2221 iacto,
963 2139 1038 2204 licet
1061 2141 1164 2225 ipsam
1188 2139 1360 2205 ecclesiam
1383 2138 1416 2203 in
1433 2138 1538 2205 Crobe

205 2243 364 2311 dimittere
391 2247 433 2313 sit
460 2254 602 2332 paratus,
642 2266 705 2311 non
743 2247 891 2311 obstante
929 2244 1014 2327 quod
1047 2245 1213 2311 Conradns
1249 2247 1282 2310 in
1315 2244 1404 2311 dieta
1427 2245 1536 2311 Mona·

205 2354 301 2418 sterio
325 2353 510 2438 Meynevelt
544 2353 768 2419 canonicatum
804 2360 836 2418 et
872 2351 1067 2438 prebendam
1103 2359 1136 2417 et
1168 2352 1201 2417 in
1225 2350 1422 2419 dordonensi
1456 2351 1536 2418 eccl.

206 2459 348 2525 eiusdem
364 2460 496 2526 Trercr.
521 2458 604 2524 dioc.
630 2459 853 2525 canonicatum
877 2460 937 2526 snb
961 2459 1188 2546 expectatione
1211 2457 1374 2544 prebende
1398 2458 1537 2525 anctori-

205 2574 272 2632 tate
295 2568 475 2652 apostolica
497 2566 631 2633 obtinet.

311 2673 497 2759 Apostolice
529 2672 616 2740 sedis
649 2674 792 2758 gratiosa
822 2726 828 2742 .
855 2723 862 2737 .
889 2725 895 2739 .
945 2674 1020 2740 Dat.
1049 2674 1144 2740 Avin.
1177 2672 1250 2739 idus
1282 2672 1473 2758 septembris
1505 2693 1535 2739 a.

205 2778 407 2847 duodecimo.

368 2906 440 2977 Rep.
459 2908 497 2960 86
514 2905 538 2975 f.
558 2906 605 2960 86¹
632 2921 681 2960 ur.
701 2904 786 2960 1228.

310 3182 423 3249 1271.
449 3186 534 3249 1327
558 3183 753 3269 September
777 3184 829 3247 13.
855 3180 1021 3269 Auipoou.

309 3324 468 3391 lohannes
492 3326 591 3391 XXll
624 3324 736 3392 Ottoni
763 3323 805 3391 de
830 3324 988 3391 Waldcke
1017 3324 1142 3391 confert
1171 3325 1250 3391 eccl.
1276 3322 1535 3391 Padoburnensis

204 3433 437 3516 canonicatum,
471 3432 669 3518 prebendam
693 3452 769 3497 vero
800 3452 839 3497 ac
871 3432 1062 3515 dignitatem
1086 3431 1137 3497 vel
1162 3438 1367 3516 personatum
1391 3451 1447 3497 seu
1471 3430 1537 3499 offi-

204 3538 287 3604 cium
310 3540 380 3605 sine
403 3560 482 3605 cura
504 3539 537 3605 in
560 3538 674 3605 eadem
699 3538 779 3605 eccl.
804 3546 834 3604 ei
858 3545 1011 3622 reservat,
1035 3559 1098 3605 non
1121 3538 1270 3605 obstante
1294 3536 1379 3621 quod
1402 3538 1435 3603 in
1456 3538 1536 3605 eccl.

202 3644 311 3711 Gelon.
345 3646 570 3713 canonicatum
602 3654 636 3711 et
667 3644 864 3730 prebendam
897 3646 1020 3711 obtinet
1049 3653 1105 3711 aut
1135 3643 1222 3729 quod
1244 3645 1366 3730 patitur
1389 3646 1422 3710 in
1448 3651 1536 3711 etate
1612 3693 1614 3697 -

202 3750 363 3819 defectum
388 3754 580 3820 constitutus
603 3754 636 3818 in
660 3750 812 3819 vicesimo
836 3771 892 3818 sue
915 3752 1012 3819 etatis
1036 3773 1120 3818 anno
1144 3752 1195 3818 vel
1219 3753 1315 3818 circa.

310 3860 392 3925 Dum
425 3859 627 3926 conditiones
659 3878 694 3925 es
726 3860 840 3925 merita
864 3908 871 3924 .
891 3907 928 3923 ..
976 3860 1052 3925 Dat.
1077 3860 1172 3925 Avin.
1196 3858 1269 3925 idus
1292 3858 1482 3945 septembris
1505 3880 1536 3925 a.

203 3964 410 4033 duodecemo.

307 4075 346 4139 ln
370 4095 397 4140 c.
419 4097 461 4141 ιιι.
486 4076 638 4161 episcopo
663 4075 907 4140 llonasteriensi
931 4081 964 4139 et
987 4074 1151 4160 preposito
1175 4074 1208 4139 S.
1225 4072 1327 4139 Marie
1351 4072 1393 4140 ad
1417 4072 1537 4157 gradus

201 4180 310 4247 (lolon.
337 4202 377 4247 ac
399 4182 553 4265 magistro
577 4181 720 4248 Olirerio
743 4181 785 4247 de
810 4182 943 4247 Gemeto
967 4181 1121 4247 canonico
1145 4179 1305 4248 Ednensis
1329 4180 1409 4247 eccl.
1434 4180 1539 4265 capel·

202 4286 275 4354 lano
301 4288 423 4374 papali.

361 4413 434 4483 Rep.
454 4414 493 4467 36
510 4412 536 4482 f.
555 4411 614 4466 299
631 4428 679 4466 rar.
699 4412 763 4467 336.

308 4675 430 4742 1272.
461 4678 548 4743 1327
571 4676 766 4763 September
791 4678 843 4741 13.
874 4674 1038 4763 Acipuou.

308 4817 480 4905 [lebannes
503 4818 614 4903 XXII]
638 4817 884 4904 archiepiscopo
908 4818 1109 4887 Treverensi.
