3642 5509
804 449 873 505 1321
892 449 955 506 Jnlt
972 449 1015 504 m.
1536 451 1573 506 ts

242 626 370 692 summis
394 627 522 692 inerant
547 633 579 693 et
602 633 694 694 erant
717 627 867 694 nonnulle
891 628 1081 695 munitiones
1105 635 1137 694 et
1160 636 1244 696 terre
1268 629 1411 695 eiusdem
1435 633 1571 697 ecclesie

242 733 461 800 venditoribus
494 734 574 801 dicti
607 736 777 801 comitatus
801 742 834 800 et
857 735 929 801 aliis
962 735 1176 802 creditoribus
1208 736 1361 820 obligate,
1396 759 1435 803 ac
1459 758 1516 823 pro
1541 746 1573 804 te

241 841 331 908 nohis
355 841 517 908 hnmihter
539 842 729 928 supplicato,
763 850 798 908 ut
822 842 992 928 providere
1015 844 1074 909 tibi
1098 895 1105 908 .
1131 895 1137 908 .
1162 843 1400 927 dignaremur,
1434 866 1492 911 nos
1514 865 1572 931 pro

241 948 437 1014 relevatione
469 947 650 1014 debitorum
682 948 856 1015 eorundem
890 956 923 1015 et
956 947 1177 1034 redemptione
1204 951 1413 1016 munitionum
1443 972 1482 1017 ac
1511 958 1573 1017 ter·

241 1075 343 1120 rarum
368 1054 583 1141 predictarum
610 1107 617 1123 .
643 1103 650 1116 .
678 1105 685 1122 .
715 1055 847 1141 petendi
871 1056 1024 1140 exigendi
1048 1064 1081 1122 et
1104 1057 1279 1143 recipiendi
1305 1058 1347 1123 ah
1371 1059 1517 1126 omnihus
1540 1067 1573 1125 et

240 1162 373 1246 singulis
406 1163 552 1230 ecclesiis
584 1183 623 1228 ao
657 1163 882 1228 monasteriis.
901 1212 908 1228 .
927 1213 934 1228 .
952 1163 1095 1229 civitatis
1126 1171 1158 1229 et
1189 1163 1327 1230 diocesis
1350 1172 1383 1230 et
1406 1165 1573 1250 provincie

241 1268 438 1337 coloniensis
461 1292 500 1336 ea
520 1273 592 1338 vice
616 1270 815 1336 moderatum
839 1269 1014 1336 subsidium
1038 1272 1071 1336 in
1094 1272 1231 1356 pecnnia
1254 1280 1422 1338 numerata
1440 1323 1447 1338 .
1463 1321 1470 1337 .
1485 1321 1493 1337 .
1510 1274 1572 1340 fra·

240 1377 384 1442 temitati
418 1384 471 1443 tue
501 1379 629 1463 plenam
663 1378 902 1443 concessimus.
922 1427 929 1441 .
948 1377 1160 1443 .faeultatem
1183 1427 1243 1442 ...
1268 1379 1384 1443 Verum
1408 1379 1491 1445 siout
1514 1400 1572 1464 pro

239 1493 330 1570 parte
354 1492 410 1550 tua
432 1505 534 1570 nuper
557 1484 649 1550 nohis
673 1483 819 1550 exhibita
849 1484 967 1568 peticio
991 1484 1188 1565 continebat,
1213 1533 1221 1549 .
1248 1531 1256 1546 .
1285 1485 1420 1551 abbates
1443 1493 1475 1550 et
1499 1505 1572 1551 con·

239 1597 352 1658 ventus
376 1593 639 1657 monasteriorum
657 1591 917 1657 Cisterciensium
941 1610 981 1656 ac
996 1590 1142 1675 magistri
1166 1597 1373 1675 preceptores
1397 1599 1430 1656 et
1453 1593 1572 1659 fratres

240 1699 276 1763 B.
305 1699 406 1764 liarie
433 1698 704 1764 'l'heotonicorum
739 1695 885 1763 ordinum
920 1695 1059 1762 diocesis
1087 1716 1127 1762 ac
1158 1697 1322 1782 provincie
1355 1697 1571 1782 predictarum

239 1806 349 1872 nolunt
372 1805 495 1888 aliquid
519 1805 577 1872 tihi
602 1805 804 1871 contribuere
828 1826 886 1890 pro
909 1801 1053 1870 subsidio
1077 1812 1263 1870 memorato.
1294 1852 1353 1868 ...
1382 1805 1450 1872 Nos
1473 1805 1572 1888 igitur

323 1912 534 1996 decernimus,
568 1911 653 1995 qnod
687 1912 812 1997 prefate
845 1912 903 1977 tibi
926 1960 933 1975 .
954 1961 987 1976 ..
1010 1931 1162 1977 concesse
1191 1911 1374 1977 littere...
1399 1910 1440 1977 ad
1466 1931 1571 1978 mona·

238 2021 336 2086 steria
362 2021 521 2106 prioratus
550 2019 662 2084 domos
692 2019 910 2105 preceptorias
938 2025 971 2085 et
994 2018 1066 2085 loca
1090 2018 1249 2084 dictorum
1272 2020 1310 2084 B.
1338 2019 1439 2084 llarie
1466 2018 1571 2085 Theo·

239 2127 415 2193 tonieornm
440 2133 472 2192 et
488 2126 748 2194 cisterciensium
772 2125 995 2192 ordinum...
1019 2124 1154 2211 perinde
1177 2147 1197 2192 a
1217 2125 1295 2191 data
1318 2127 1512 2212 presentium
1535 2146 1571 2192 se

239 2233 414 2300 extendant
431 2283 438 2299 .
457 2283 491 2298 ..
537 2235 614 2300 Dat.
638 2234 733 2299 Avin.
759 2234 825 2299 IIII
849 2235 894 2299 kl.
920 2233 1050 2318 augusti
1073 2255 1103 2301 a.
1129 2232 1306 2300 undecimo.

397 2361 470 2430 Rep.
490 2361 527 2414 84
545 2359 570 2429 f.
588 2360 653 2414 315¹
671 2375 719 2414 nr.
738 2359 830 2424 2834,·
857 2361 909 2415 Ra.
929 2361 993 2414 884.

344 2684 752 2754 nasammonas.
789 2684 953 2774 Avipnon.

344 2811 503 2878 Iohannes
528 2811 627 2876 XXII
661 2810 906 2898 archiepiscopo
931 2810 1112 2878 Coloniensi
1145 2809 1288 2892 mandat,
1324 2808 1473 2893 quatinus
1496 2826 1569 2872 eum

238 2919 379 2986 Iohanne
402 2918 443 2985 de
469 2916 632 3001 werdina,
668 2920 734 3001 qui,
768 2917 852 2984 sicut
881 2920 1045 3002 asseritur,
1081 2938 1137 3004 per
1170 2918 1286 2982 multos
1317 2935 1418 2981 annos
1444 2912 1567 2980 studuit

236 3027 377 3093 Parisins
409 3027 442 3091 in
475 3025 543 3092 iure
576 3025 743 3109 canonico,
778 3045 873 3112 snper
906 3026 1035 3093 deiectu
1064 3027 1229 3107 natalium,
1265 3044 1357 3108 quem
1382 3025 1503 3108 patitur
1526 3021 1568 3087 de

237 3134 397 3218 prebitero
420 3135 549 3218 genitus
573 3139 605 3198 et
628 3133 742 3215 soluta,
767 3132 942 3219 dispenset,
967 3133 1013 3201 ita
1035 3141 1071 3198 ut
1094 3131 1137 3199 ad
1160 3152 1270 3200 omnes
1294 3130 1421 3197 ordines
1444 3148 1567 3214 promo-

238 3241 304 3306 veri
333 3247 366 3306 et
395 3240 585 3307 beneficium
620 3240 883 3325 ecclesiasticum,
920 3242 1046 3307 etiarnsi
1081 3260 1190 3306 curam
1225 3239 1345 3304 habeat
1379 3237 1567 3319 animarum,

228 3348 380 3414 obtinere
401 3347 512 3433 possit.

343 3455 394 3520 Ex
416 3461 508 3540 parte
532 3454 707 3521 dilecti...
733 3454 810 3521 Dat.
827 3455 923 3522 Acin.
941 3455 986 3522 VI
1002 3455 1048 3521 kl.
1065 3453 1195 3540 augusti
1218 3475 1248 3519 a.
1273 3451 1454 3519 undecimo.

400 3579 473 3649 Beq.
493 3578 572 3648 841‘.
592 3580 650 3634 347
667 3594 715 3633 nr.
728 3579 813 3634 2901.

341 3885 465 3952 uass.
501 3887 587 3951 1327
612 3885 744 3972 noyon
767 3889 798 3951 2.
824 3884 989 3972 Antan.

341 4029 510 4095 Iohannes
538 4029 650 4094 XXII
674 4035 811 4114 petente
841 4029 1043 4095 Godeocaico
1073 4030 1114 4095 de
1143 4031 1287 4116 Kirberp
1316 4030 1491 4096 scolastico
1519 4049 1566 4095 ec-

235 4136 332 4201 clesie
356 4135 550 4201 Bounomeia
574 4135 715 4201 mandat
738 4136 987 4221 archiepiscopo
1007 4134 1206 4217 Coloniensi,
1230 4137 1391 4220 quatinus
1414 4137 1566 4220 inquirat

235 4252 266 4310 et
289 4244 452 4326 dicemini,
488 4265 534 4309 an
558 4245 660 4309 etiam
681 4244 856 4310 scolastico
885 4243 971 4309 dicte
999 4244 1133 4309 ecclesie
1157 4251 1322 4328 competat
1345 4245 1398 4309 irre
1422 4243 1567 4330 elipandi

234 4351 531 4417 administratores
549 4351 788 4436 pensionarioa
812 4358 842 4416 et
865 4357 1011 4416 rectores
1033 4351 1181 4417 anniam
1205 4351 1353 4417 neodem
1377 4351 1520 4416 scolene.

337 4492 509 4578 [Iohannes
532 4492 644 4577 XXII]
668 4491 911 4578 archiepiscopo
936 4492 1128 4559 Coloniensi.

338 4601 457 4666 Petilio
481 4598 592 4665 dilecti
615 4597 671 4663 filii
696 4597 892 4666 Godescalei
916 4598 957 4665 de
979 4599 1118 4683 Kirherg
1140 4599 1303 4666 scolastici
1328 4599 1467 4666 ecclesie
1483 4601 1566 4666 Bun-

234 4707 340 4776 nensis
363 4714 418 4773 tue
441 4706 581 4774 diocesis
604 4705 696 4772 nobis
720 4705 866 4772 exhibita
889 4707 1085 4790 continebat,
1121 4706 1206 4790 qnod
1231 4727 1303 4772 cum
1327 4754 1333 4769 .
1353 4757 1360 4774 .
1384 4709 1566 4793 prepositus

232 4821 265 4879 et
288 4812 430 4880 decanus
445 4833 486 4880 ac
502 4819 638 4898 quatuor
659 4813 806 4881 canonici
822 4813 960 4880 ecclesie
975 4812 1160 4900 supradicte
1175 4814 1372 4898 antiquiores
1387 4815 1420 4881 in
1436 4834 1563 4883 suarum
