3642 5509
285 435 338 495 208
819 437 888 493 1329
907 439 1025 495 Ianuar
1043 439 1086 494 24.

285 619 386 706 possit
419 619 605 705 dispensare
639 619 801 686 licentiam
829 618 982 686 vescendi
1015 619 1165 685 camibns
1188 625 1220 684 et
1244 620 1326 701 aliis,
1363 640 1424 703 qne
1448 619 1483 684 in
1507 639 1619 685 mensa

285 726 465 793 huiusmodi
489 734 701 813 apponentur.

392 834 545 918 Expossit
573 843 626 898 tue
655 833 838 901 devotionis
866 883 873 898 .
905 883 912 898 .
942 883 950 899 .
997 835 1073 899 Dat.
1097 833 1193 899 Ario.
1218 834 1314 900 VIIII
1338 835 1384 900 hl.
1407 835 1563 901 februarii
1586 855 1617 900 a.

285 939 520 1007 terciodecimo.

445 1075 519 1144 nep.
537 1074 616 1143 cof.
636 1074 706 1128 ase
723 1091 772 1130 nr.
793 1075 885 1139 rera-
905 1075 958 1130 ez.
978 1075 1060 1128 1125.

391 1349 517 1419 160⁹.
553 1355 639 1419 1329
662 1355 801 1420 Jaouar
823 1355 878 1423 24.
901 1352 1067 1441 Aoiqnoo.

391 1496 550 1563 Iohannes
576 1497 674 1562 XXII
709 1496 869 1563 Willelmo
895 1497 1004 1563 eomiti
1028 1497 1199 1564 luliaoensi
1226 1497 1384 1581 indulget,
1418 1505 1454 1563 ut
1478 1499 1617 1582 quinque

285 1606 394 1670 elerici
416 1603 592 1670 familiares
616 1589 684 1669 eius
707 1603 875 1670 domestici
899 1605 1062 1687 ohsequiis
1085 1604 1228 1670 eiusdem
1251 1604 1445 1684 insistentes,
1470 1625 1550 1688 quos
1572 1604 1616 1670 ad

283 1711 317 1776 id
342 1711 469 1776 duxerit
492 1709 669 1795 eligendos,
698 1710 823 1776 fructus
851 1712 991 1777 omnium
1023 1710 1246 1777 beneficiorum
1270 1731 1397 1777 suorum
1421 1712 1615 1778 eeclesiasti-

285 1839 403 1900 corum,
427 1839 489 1901 que
506 1838 589 1883 nuno
604 1817 636 1882 iu
653 1818 818 1901 quibusvis
842 1817 988 1884 eeclesiis
1011 1819 1079 1884 sive
1102 1819 1183 1885 locia
1198 1818 1344 1884 obtinent
1360 1825 1393 1884 et
1409 1818 1615 1902 imposterum

284 1925 483 2005 obtinebunt,
508 1925 646 1990 etiamsi
668 1923 841 2008 dignitates
864 1931 1054 2010 personatus
1077 1924 1130 1990 vel
1158 1923 1265 1990 officia
1287 1926 1428 1990 existant
1450 1931 1484 1988 et
1507 1945 1616 1990 euram

285 2033 425 2097 habeant
457 2032 645 2110 animarum,
680 2033 818 2116 integre,
855 2030 1027 2098 cotidianis
1060 2031 1338 2098 distributionibus
1370 2030 1539 2096 dumtaxat
1562 2051 1616 2096 ex·

284 2141 396 2224 ceptis,
420 2159 521 2222 usque
545 2137 588 2204 ad
611 2139 859 2222 quinquennium
882 2139 1050 2224 percipere
1073 2137 1214 2204 valeant.

389 2245 563 2312 Personam
598 2252 686 2312 tuem
720 2245 813 2312 nobis
971 2246 1047 2311 Dat.
1075 2246 1169 2311 Asin.
1196 2245 1291 2310 VIIII
1321 2244 1366 2310 kl.
1395 2245 1549 2311 februarii
1581 2265 1613 2312 a.

283 2351 522 2419 terbiodecimo.

390 2459 427 2524 In
451 2478 479 2526 e.
506 2480 548 2525 m.
584 2459 617 2525 S.
643 2459 783 2526 Cornelii
810 2458 959 2526 ludensis
992 2459 1125 2544 [colon]
1161 2459 1245 2525 dioc.
1281 2464 1315 2524 et
1348 2459 1382 2525 S.
1406 2458 1616 2526 Pantaleonis

283 2567 393 2634 Golon.
417 2567 681 2634 monasteriorum
705 2567 877 2634 abbatibus
901 2586 940 2632 ao
963 2564 1192 2633 archidiacono
1215 2566 1424 2634 Nuuneteusi.

443 2691 514 2760 Req.
533 2691 572 2746 90
588 2691 613 2760 f.
632 2690 700 2745 256²
717 2707 766 2746 nr.
779 2692 855 2746 1683
860 2706 874 2759 ;
891 2691 945 2747 132.
966 2692 1047 2744 1131.

389 2977 510 3045 loro.
542 2977 629 3042 1329
649 2977 788 3042 Junnar
811 2977 863 3041 24.
886 2975 1051 3064 Aoiqnon.

389 3120 549 3186 Iohannes
570 3120 669 3185 XXII
694 3119 854 3186 Willelmo
879 3120 987 3185 comiti
1013 3117 1184 3185 Iuliaceusi
1208 3125 1240 3184 et
1263 3119 1406 3186 Iohanne
1430 3121 1498 3187 eius
1520 3123 1614 3188 uxori

281 3227 438 3313 indulget,
462 3235 497 3292 ut
520 3227 695 3310 confessor,
719 3246 813 3310 quem
838 3226 988 3292 duxerint
1017 3224 1211 3310 eligendum,
1244 3227 1383 3292 omnium
1406 3234 1614 3312 peecatorum

281 3336 409 3421 plenam
441 3335 659 3402 remissionem
692 3332 791 3400 semel
824 3340 948 3399 tantum
979 3335 1013 3398 iu
1045 3335 1155 3398 mortis
1184 3333 1319 3399 articulo
1348 3335 1475 3417 utrique
1503 3355 1615 3401 conoe-

282 3443 359 3508 dere
384 3443 634 3616 {ffb-libenter
667 3548 847 3614 devotionis
871 3597 878 3613 .
904 3597 912 3613 .
938 3597 947 3613 .
992 3548 1069 3613 Dat.
1093 3547 1190 3613 Aviu.
1214 3547 1310 3613 VIIII
1334 3548 1380 3613 kl.
1403 3548 1559 3615 februarii
1582 3571 1612 3615 a.

284 3654 521 3722 terciodecimo.

442 3779 514 3849 Bep.
534 3780 573 3835 90
590 3779 613 3850 f.
634 3779 694 3833 263
711 3794 758 3832 nr.
777 3779 865 3843 1663,·
885 3779 937 3834 Re.
957 3777 1032 3833 1126
1050 3795 1080 3834 n.
1101 3782 1125 3833 1.

383 4037 495 4104 loll.
521 4038 608 4102 1329
631 4037 770 4103 Jaouur
795 4039 848 4101 24.
871 4034 1037 4123 Aoiqoon.

388 4180 548 4246 lohannes
566 4180 665 4245 XXII
689 4180 849 4245 Willelmo
875 4181 984 4245 comiti
1007 4180 1179 4247 Iuliacensi
1203 4187 1236 4246 et
1259 4180 1402 4246 Iohanne
1426 4181 1495 4247 eius
1517 4182 1611 4247 uxori

279 4287 436 4372 indulget,
462 4293 496 4352 ut
518 4287 658 4371 aliquem
682 4286 895 4371 presbiterum
910 4287 1084 4372 ydoneum,
1108 4289 1261 4370 quociens
1284 4288 1363 4372 ipsis
1386 4287 1554 4373 placuerit,
1580 4289 1613 4354 in

280 4415 370 4461 sunm
394 4395 517 4480 possint
540 4394 661 4478 ehgcre
685 4393 910 4460 confessorem.

386 4501 576 4568 Deuotionis
599 4508 632 4568 et
654 4501 729 4567 fidei
753 4502 908 4588 puritas.
943 4551 950 4566 .
986 4551 994 4567 .
1040 4502 1117 4567 Dat.
1142 4502 1236 4568 Acin.
1262 4501 1362 4567 VIIII
1385 4501 1431 4567 kl.
1456 4501 1612 4568 februarii

279 4630 309 4675 a.
334 4606 571 4675 terciodecimo.

440 4731 513 4804 Req.
532 4732 571 4788 90
590 4733 615 4804 s.
635 4734 694 4788 266
711 4748 758 4787 nr.
778 4734 865 4799 1677,·
885 4733 937 4790 Ει.
957 4732 1031 4788 1126
1049 4748 1078 4787 n.
1088 4735 1115 4787 6.
