3642 5509
271 389 324 444 522
850 393 919 448 1337
938 393 1000 448 Juli
1019 395 1062 448 20.

273 589 368 656 super
392 572 651 638 reconciliatione
675 573 822 658 predicta
844 575 966 656 negotii
998 574 1216 660 interpollatio
1241 573 1427 659 displiceret
1449 584 1483 641 et
1505 576 1604 661 ipsius

272 680 469 744 continuatio
504 686 599 764 grata
634 688 728 761 esset,
764 702 862 764 usque
898 680 942 747 ad
964 683 1127 766 proximas
1162 682 1320 748 kalendas
1355 683 1455 748 futuri
1488 684 1604 748 mensis

272 787 412 852 octobris
445 808 502 872 pro
526 787 718 854 resumenda
740 789 963 873 prosecutione
994 788 1265 855 reconciliationis
1289 790 1414 875 prefate
1437 792 1603 856 terminum

273 891 420 959 duximus
443 895 690 980 prorogandum,
715 903 880 981 sperantes
902 894 989 979 quod
1013 893 1098 961 idem
1121 895 1309 963 Ludovicus
1333 945 1341 962 .
1363 946 1396 962 ..
1419 897 1603 963 reconcilia·

272 998 368 1066 tionis
391 1004 647 1086 prosecutionem
671 1001 852 1068 huiusmodi
880 1023 942 1068 non
968 1001 1132 1069 desereret
1159 1010 1235 1069 ante
1259 1004 1385 1090 plenam
1410 1024 1604 1071 eonsumma-

273 1107 390 1174 tionem
408 1109 509 1195 ipsius
532 1130 592 1175 nec
609 1110 679 1176 aliIs
695 1109 821 1176 interim
845 1129 880 1176 se
901 1111 1099 1178 notabilibus
1122 1117 1155 1176 et
1179 1111 1443 1196 preiudicialibus
1468 1111 1604 1196 negotiis

272 1215 462 1300 implicaret.
509 1216 575 1284 Sed
600 1217 767 1283 ...idem
793 1216 988 1300 Ludovieus,
1014 1218 1153 1286 offensas
1177 1219 1348 1304 preteritas
1371 1225 1521 1304 satagens
1544 1219 1605 1285 cul·

271 1323 322 1408 pis
344 1326 527 1392 recentibus
551 1345 715 1402 renovare,
740 1324 783 1391 ad
807 1324 1023 1392 Invadendum
1047 1334 1150 1392 terras
1173 1335 1206 1392 et
1229 1347 1362 1412 reguum
1380 1377 1388 1391 .
1405 1375 1439 1392 ..
1465 1326 1603 1413 Philippi

272 1431 358 1515 regis
381 1432 578 1498 Francorum
603 1433 734 1499 illustrIs
758 1482 766 1498 .
788 1482 795 1497 .
821 1481 828 1498 .
854 1440 967 1498 contra
989 1435 1158 1518 pactiones
1181 1433 1406 1520 promissiones
1430 1441 1463 1500 et
1486 1435 1605 1518 obliga-

273 1538 376 1606 tiones
400 1560 456 1625 per
479 1546 511 1605 te
527 1539 655 1606 nomine
679 1540 821 1606 eiusdem
841 1539 1003 1607 Ludovioi
1027 1541 1133 1607 factas
1156 1549 1189 1607 et
1213 1541 1351 1622 habitas,
1376 1550 1487 1607 contra
1510 1542 1603 1607 etiam

271 1647 451 1712 iuramenta
475 1669 531 1732 per
554 1656 587 1713 te
610 1648 737 1713 nomine
761 1649 830 1714 eius
853 1649 989 1733 prestita
1012 1667 1109 1734 super
1132 1649 1180 1714 eIs
1203 1655 1236 1714 et
1259 1667 1318 1734 per
1341 1647 1484 1715 eiusdem
1500 1648 1604 1714 Ludo

272 1755 334 1819 vici
368 1760 516 1840 patentes
547 1755 673 1822 litteras
708 1756 888 1841 approbata
918 1757 1049 1822 veniens
1084 1776 1119 1823 se
1152 1755 1295 1843 disponit
1329 1763 1362 1822 et
1394 1763 1547 1842 preparat
1573 1764 1605 1822 et

274 1861 405 1928 beIIIcos
422 1881 620 1948 congregare
636 1861 755 1929 dieitur
770 1869 947 1949 apparatus
964 1911 971 1928 .
990 1913 997 1929 .
1016 1912 1024 1928 .
1060 1863 1139 1930 (lum
1163 1863 1262 1948 igitur
1283 1862 1443 1929 credimus
1466 1870 1500 1929 et
1522 1870 1606 1928 tene·

272 1988 351 2051 mus,
383 1969 469 2052 quod
503 1977 537 2035 tu
561 1970 714 2036 honorem
749 1970 890 2036 eiusdem
926 1971 1063 2037 ecclesie
1097 1969 1208 2055 diligis
1233 2019 1241 2035 .
1267 2021 1275 2036 .
1300 2022 1307 2036 .
1333 1978 1367 2036 et
1400 1969 1486 2054 quod
1521 1970 1606 2036 idem

272 2074 457 2144 Ludovicus
480 2078 617 2143 libenter
633 2077 697 2144 tuis
714 2078 854 2144 consiliis
877 2079 1074 2161 acquiescat,
1097 2078 1299 2144 nobilitatem
1317 2084 1404 2144 tuam
1429 2078 1606 2144 affectuose

273 2183 449 2268 rogandam
485 2184 633 2251 duximus
669 2193 702 2251 et
737 2187 834 2252 etiam
870 2186 1106 2270 requirendam,
1149 2187 1299 2269 quatinus
1446 2185 1604 2271 prefatum

271 2289 473 2357 Ludovicum
498 2341 505 2356 .
532 2343 539 2357 .
565 2343 572 2357 .
597 2293 750 2360 inducere
774 2292 915 2375 studeas,
951 2299 1018 2358 ut.
1044 2343 1051 2358 .
1077 2346 1085 2362 .
1109 2293 1205 2358 nullis
1227 2313 1263 2359 se
1292 2294 1436 2359 Involvat
1458 2292 1606 2376 negotiIs,

273 2418 334 2481 que
366 2399 457 2466 novis
497 2398 627 2466 offensis
665 2421 736 2466 eum
775 2401 941 2486 implicent
982 2420 1085 2484 queve
1122 2399 1302 2486 predictum
1335 2398 1607 2466 reconciliationis

272 2505 436 2588 negotium
460 2507 589 2572 valeant
612 2505 768 2593 impedire
793 2556 800 2570 .
827 2557 834 2572 .
861 2556 868 2573 .
893 2509 1105 2592 rescripturus
1137 2507 1231 2573 nobis
1259 2526 1355 2592 super
1377 2505 1439 2573 hiIs
1462 2514 1527 2572 tarn
1552 2512 1607 2572 tue

271 2613 524 2699 interpositionis
548 2614 734 2681 instantiam
758 2636 837 2699 erga
867 2635 940 2680 eum
965 2634 1060 2698 quarn
1085 2613 1300 2681 exauditionis
1324 2614 1511 2696 efficaciam,
1545 2633 1607 2696 que

272 2720 313 2787 ab
338 2721 408 2806 Ipso
433 2741 473 2787 ex
497 2721 587 2788 diota
620 2730 674 2788 tua
697 2724 854 2790 instancia
877 2723 1100 2805 subsequetur.
1146 2723 1301 2788 Preterea
1333 2730 1366 2787 te
1389 2723 1605 2788 immemorem

273 2828 343 2893 fore
366 2849 429 2894 non
453 2829 622 2912 credimus,
655 2828 713 2896 sed
747 2837 801 2895 tue
829 2830 980 2896 memorie
1003 2829 1162 2895 tenaciter
1193 2828 1342 2895 inherere
1366 2827 1606 2915 promissionem

272 2941 306 3000 et
328 2936 497 3002 iuramenti
532 2937 770 3023 predationem,
806 2957 886 3020 quas
925 2937 967 3002 fe.
992 2957 1038 3002 re.
1063 2935 1200 3002 Iohanni
1237 2956 1321 3021 pape
1344 2935 1443 3000 XXII
1467 2985 1475 3000 .
1500 2984 1508 2999 .
1533 2941 1608 2999 tune

273 3045 394 3110 viventi
417 3044 630 3129 personaliter
663 3050 696 3110 et
727 3043 918 3110 manualiter
952 3043 1072 3126 fecisti,
1110 3049 1144 3108 ut
1176 3041 1280 3108 fidelis
1314 3043 1374 3108 sibi
1408 3047 1441 3108 et
1473 3040 1608 3107 ecclesie

273 3152 430 3218 existeres
446 3172 484 3217 aa
500 3173 558 3238 per
575 3152 745 3218 ecclesiam
761 3151 923 3218 annotatis
939 3151 992 3216 vel
1008 3150 1215 3237 imposterum
1237 3149 1440 3232 annotandis,
1457 3147 1607 3233 quamdiu

274 3262 366 3320 extra
390 3256 528 3339 gratiam
553 3262 585 3320 et
606 3256 859 3321 communionem
881 3253 968 3321 sedis
993 3253 1174 3340 apostolice
1198 3260 1409 3334 remanerent,
1433 3273 1497 3317 non
1513 3251 1607 3317 dares

274 3363 387 3445 quovis
411 3361 505 3427 modo
529 3383 586 3448 per
609 3369 641 3428 te
664 3363 715 3428 vel
745 3382 803 3448 per
834 3362 931 3427 alium
964 3361 1093 3447 publice
1117 3361 1169 3426 vel
1203 3360 1329 3426 occulte
1352 3359 1506 3425 auxilinm
1531 3377 1606 3424 con·

273 3469 378 3535 silium
402 3470 453 3535 vel
478 3469 632 3535 favorem.
680 3469 782 3535 Stude
805 3469 904 3553 igitur
927 3489 1057 3536 servare
1080 3469 1239 3554 promissa
1261 3487 1323 3533 nec
1346 3466 1468 3533 violare
1492 3467 1607 3548 iurata,

273 3583 309 3641 ut
331 3597 391 3642 nec
415 3575 510 3642 deum
534 3597 594 3642 nec
618 3575 752 3642 eandem
777 3575 923 3642 offendas
946 3576 1116 3642 eeclesiam
1144 3595 1204 3641 nec
1229 3574 1326 3639 etiam
1350 3595 1408 3660 per
1431 3580 1607 3656 transgres-

272 3683 372 3750 sionis
395 3691 517 3750 reatum
542 3685 628 3751 fame
653 3691 706 3749 tue
722 3685 878 3749 Iacturam
903 3691 935 3748 et
951 3683 1108 3749 maculam
1132 3682 1263 3748 inlamie
1286 3680 1494 3767 superduces.
1529 3681 1607 3745 Dat.

274 3792 367 3859 Avin.
393 3792 475 3857 XIII
500 3792 544 3856 lrl.
569 3793 697 3877 augusti
721 3813 750 3857 a.
775 3791 883 3856 tertio.

424 3917 496 3986 Rap.
516 3914 614 3985 13210.
633 3916 674 3970 53
691 3930 739 3970 aar.
758 3916 812 3970 191
816 3931 829 3982 ;
847 3915 899 3969 Ra.
920 3915 1001 3969 1887.

382 4190 512 4258 2292.
539 4192 624 4256 1337
648 4191 724 4258 Jola·
746 4191 801 4256 20.
825 4187 990 4275 Aoipaoa.

383 4332 590 4418 [Benedictus
614 4331 692 4416 XII]
717 4332 893 4399 venerabili
922 4331 1016 4398 fratri
1041 4331 1216 4399 Wallramo
1249 4331 1494 4417 archIepiseopo
1518 4328 1609 4395 Colo

274 4441 388 4507 niensi,

382 4548 486 4614 Decet
510 4546 678 4633 pontifices
706 4554 740 4613 et
763 4548 931 4633 presertim
957 4595 964 4612 .
990 4595 997 4611 .
1024 4595 1031 4611 .
1069 4545 1288 4611 Intelleximus
1322 4542 1490 4627 siquidem,
1523 4539 1608 4626 quod

275 4656 351 4720 lieet
376 4655 474 4721 statui
498 4661 552 4719 tuo
576 4675 640 4719 non
663 4657 835 4721 conveniat
867 4673 1027 4720 armorum
1050 4672 1167 4719 vacare
1191 4652 1339 4737 negotiis,
1374 4651 1435 4717 nisi
1459 4669 1531 4716 cunr
1554 4649 1608 4714 inr

276 4762 411 4834 mineret
427 4761 605 4828 necessitas
629 4782 686 4847 pro
704 4761 795 4828 bonis
819 4769 851 4828 et
868 4760 963 4828 rebus
986 4767 1040 4826 tue
1056 4759 1192 4826 ecclesie
1207 4756 1428 4838 defendendis
1452 4763 1487 4824 tu
1502 4763 1609 4822 tarum
