3642 5509
870 409 939 465 1329
957 409 1038 466 murz
1058 410 1083 464 1.
1576 409 1630 467 229

294 589 565 656 consecrationem
593 589 720 656 Henrici
746 589 981 676 archiepiscopi
1005 591 1196 675 Maguntini,
1221 611 1284 656 non
1308 593 1458 658 obstante
1482 591 1568 675 quod
1592 593 1626 657 in

293 697 326 761 S.
352 696 482 762 Andree
507 696 618 762 Colon.
649 705 682 763 et
712 696 882 763 Oeflicensi
916 697 1125 763 canonicatus
1158 705 1191 762 et
1222 697 1404 782 prebendas
1438 700 1562 765 obtinet
1596 707 1630 764 et

294 823 389 889 super
420 805 615 889 parrochiali
649 806 680 869 in
715 805 903 870 Bacharaco
937 806 1083 871 ecclesiis
1108 804 1218 870 Goion.
1250 813 1282 870 et
1311 806 1443 872 Trever.
1477 805 1560 871 dioc.
1595 809 1628 871 in

293 910 439 976 Romana
472 913 561 976 curia
593 912 699 995 litigat
728 933 767 976 ac
795 911 985 978 beneficium
1010 912 1263 978 ecclesiasticum
1288 932 1360 977 com
1384 933 1462 978 cura
1485 913 1536 977 vel
1560 914 1629 978 sine

294 1037 380 1099 cura,
405 1016 502 1083 etiam
526 1019 554 1083 si
578 1019 716 1084 officium
741 1027 952 1103 nuncupetur,
977 1019 1018 1084 ad
1043 1018 1286 1104 dispositionem
1310 1019 1474 1086 abbatisse
1498 1025 1531 1084 et
1555 1039 1628 1084 oon·

293 1131 407 1190 ventus
439 1127 623 1191 monasterii
649 1127 684 1190 B.
712 1126 812 1191 Marie
846 1128 878 1190 in
902 1127 1062 1212 Capitolio
1086 1125 1196 1192 Colon.
1234 1125 1302 1191 ord.
1332 1125 1365 1190 S.
1390 1125 1511 1192 Bened.
1545 1146 1630 1191 com·

190 1227 192 1230 ⁴
292 1233 429 1297 muniter
453 1232 503 1297 vel
527 1233 653 1299 divisim
678 1241 829 1319 spectans
859 1235 1053 1299 auctoritato
1084 1233 1264 1318 apostolica
1287 1239 1440 1318 expectat
1463 1238 1520 1298 aut
1543 1231 1630 1316 qnod

293 1338 412 1403 dudum
437 1341 466 1404 ei
488 1360 610 1424 apapa
634 1339 674 1405 de
699 1341 891 1406 canonicatu
916 1341 1053 1406 ecclesie
1077 1341 1177 1426 ipsius
1200 1341 1385 1406 monasterii
1409 1359 1449 1406 ao
1464 1338 1630 1425 prebenda

293 1453 341 1511 est
364 1446 538 1530 provisum.

398 1553 565 1618 Attributa
589 1553 648 1619 tibi
672 1554 810 1619 merita.
831 1603 863 1618 ..
912 1555 988 1619 Dat.
1012 1555 1106 1620 Asin.
1132 1554 1178 1619 hl.
1202 1555 1314 1620 marcii
1338 1575 1368 1620 a.
1392 1553 1627 1620 tertiodecimo.

399 1661 436 1724 In
460 1679 488 1725 e.
506 1681 547 1724 m.
571 1661 605 1726 S.
631 1660 764 1744 Georgii
787 1661 898 1726 Coton.
923 1668 955 1726 et
972 1661 1168 1727 Xonctcnsis
1191 1661 1302 1727 Coton.
1327 1660 1412 1730 dioc.
1437 1660 1569 1729 decanis
1589 1681 1629 1727 ao

291 1767 445 1850 magistro
470 1767 638 1833 Ambrosio
663 1767 704 1832 dc
729 1767 925 1852 Lamayrola
949 1768 1105 1834 canonico
1129 1767 1304 1833 Mediolon.
1328 1769 1546 1834 ecclesiarum.

440 1911 512 1980 Req.
532 1909 570 1964 90
589 1909 613 1978 f.
633 1911 697 1963 2471
716 1925 763 1962 nr.
784 1909 867 1963 1739.

398 2216 519 2283 1⁰73.
552 2219 639 2283 1329
662 2217 763 2284 Mdrz
790 2221 817 2282 l.
842 2218 1007 2304 Avipoort.

398 2359 560 2427 Iohannes
585 2361 683 2436 XXII
717 2359 921 2426 Theoderico
954 2359 995 2424 de
1018 2359 1163 2426 Essende
1188 2360 1314 2425 confert
1343 2360 1423 2425 eccl.
1447 2359 1629 2426 Bonnensis

291 2465 404 2531 Goion.
429 2465 514 2532 dioc.
550 2468 773 2534 canonicatum
799 2473 830 2532 ct
858 2465 1055 2551 prebendam
1079 2472 1234 2533 vacantes
1256 2487 1315 2552 per
1337 2467 1571 2552 promotionem
1595 2472 1630 2532 et
1677 2480 1682 2489 ·

292 2574 566 2640 consecrationem
591 2575 722 2639 hienrici
754 2576 785 2638 in
816 2574 1094 2659 archiepiscopum
1118 2574 1351 2658 Magnntinum,
1385 2593 1449 2638 non
1479 2574 1629 2639 obstante

292 2679 377 2761 quod
402 2680 623 2746 Theodericus
655 2683 687 2746 in
716 2681 886 2746 Zeflicensi
920 2688 953 2746 et
985 2680 1018 2745 S.
1044 2680 1173 2746 Andrce
1206 2679 1317 2746 Colon.
1352 2682 1562 2748 canonicatus
1595 2686 1629 2746 ct

291 2786 473 2870 prebendas
506 2789 630 2853 obtinet
662 2795 694 2853 et
726 2789 759 2853 in
791 2789 987 2853 monasterio
1015 2789 1048 2852 in
1072 2787 1233 2873 Capitolio
1257 2787 1368 2853 Goion.
1393 2789 1451 2854 sub
1475 2793 1626 2872 expecta·

293 2894 377 2959 tione
409 2895 573 2978 prebende
606 2898 799 2961 auctoritate
832 2894 1013 2980 apostolica
1045 2895 1077 2959 in
1110 2895 1298 2960 canonicum
1327 2902 1377 2960 est
1410 2899 1559 2978 receptus
1593 2899 1627 2959 et

291 3019 387 3085 super
409 3001 603 3085 parrochiali
627 3002 706 3068 cccl.
731 3003 764 3066 in
789 3001 976 3068 Sacharaco
1002 3001 1111 3067 Colon.
1146 3007 1179 3066 et
1202 3001 1334 3067 Trever.
1364 2999 1449 3066 dioc.
1481 3001 1629 3067 ecclesiis

291 3109 324 3172 in
348 3108 493 3174 Romana
517 3111 605 3174 curia
629 3109 747 3193 litigat.

398 3215 563 3280 Attributa
586 3216 646 3280 tibi
669 3217 783 3281 merita
807 3266 813 3280 .
833 3265 865 3281 ..
914 3217 987 3281 Dat.
1011 3216 1106 3281 Avin.
1128 3214 1172 3278 hl.
1198 3214 1306 3279 martii
1329 3236 1359 3280 a.
1386 3213 1627 3280 terciodecimo.

398 3322 435 3386 in
459 3341 487 3386 e.
506 3343 545 3386 nn.
570 3323 603 3388 S.
622 3323 754 3407 Georgii
778 3324 888 3389 Colon.
913 3330 946 3388 ct
967 3323 1162 3388 Xanctensis
1187 3322 1298 3388 Golon.
1323 3320 1406 3387 dioc.
1432 3320 1565 3386 decanis
1589 3340 1628 3386 ac

248 3466 253 3474 ·
292 3430 446 3512 magistro
470 3430 638 3496 Ambrosio
663 3429 704 3495 de
728 3430 924 3516 Lamayrola
948 3431 1103 3496 canonico
1127 3429 1376 3495 Mediolanensis
1407 3428 1627 3495 ecclesiarum.

452 3572 524 3641 Ray.
544 3571 583 3626 90
600 3572 624 3641 f.
644 3575 707 3626 1411
726 3589 773 3627 nr.
795 3573 877 3627 1391.

396 3877 516 3944 1674.
543 3880 630 3944 1329
654 3883 752 3946 Mdrz
774 3883 806 3945 3.
838 3879 1004 3966 Aoipsoa.

399 4037 558 4104 Iohannes
592 4037 690 4102 ΧΧΙΙ
726 4035 877 4121 Adolpho
911 4042 988 4101 nato
1020 4036 1137 4100 nobilis
1170 4035 1229 4100 viri
1263 4035 1397 4122 Roperti
1429 4035 1554 4102 comitis
1586 4035 1628 4101 de

292 4146 496 4230 Virnenburg
529 4145 654 4210 confert
687 4144 765 4210 eccl.
791 4144 999 4209 Treverensis
1032 4143 1254 4209 canonicatum
1285 4149 1319 4208 et
1338 4142 1545 4228 ¹prebendam
1574 4165 1629 4209 ra·

293 4259 404 4317 cantes
433 4272 491 4336 per
519 4251 750 4336 promotionem
775 4258 807 4315 et
831 4251 1104 4316 consecrationem
1128 4250 1260 4315 Henrioi
1288 4249 1322 4315 in
1350 4250 1627 4336 archiepiscopum

292 4359 523 4442 Maguntinnm,
557 4379 621 4424 non
654 4359 801 4423 obstante
835 4357 921 4440 quod
954 4361 987 4422 in
1020 4357 1099 4422 eccl.
1124 4359 1157 4423 S.
1183 4357 1339 4424 Gereonis
1363 4357 1474 4424 Golon.
1499 4359 1629 4423 canoni·

293 4473 398 4530 catum
425 4472 457 4531 et
480 4464 675 4551 prebendam
701 4465 834 4531 obtinet.
1425 4456 1432 4468 ’

399 4573 563 4639 Attribota
589 4573 649 4638 tibi
678 4573 791 4637 meritc
816 4623 823 4638 .
853 4623 860 4638 .
887 4621 894 4636 .
943 4573 1019 4637 Dat.
1044 4571 1137 4636 Avin.
1162 4571 1225 4638 XV
1253 4591 1356 4638 nonas
1378 4571 1486 4638 martii
1509 4593 1540 4638 a.
1564 4578 1629 4638 ter-

293 4678 483 4746 oiodccimo.

399 4789 436 4852 In
460 4807 488 4852 e.
512 4810 552 4854 m.
591 4787 701 4853 abbati
726 4787 909 4853 monasterii
941 4786 982 4853 de
1006 4787 1098 4854 Lacu
1122 4787 1253 4854 Trever.
1278 4785 1362 4855 dioc.
1387 4793 1421 4852 et
1445 4785 1570 4853 decano
1593 4787 1628 4854 S.
