3642 5509
797 429 865 488 1329
884 425 1021 488 Februar
1039 424 1065 486 7.

387 668 508 735 1667.
535 670 619 733 1329
644 669 797 734 Februur
822 671 852 732 7.
877 666 1042 752 Aoipaoa.

388 814 546 879 lohannes
569 813 669 877 XXII
698 813 881 878 Hermanno
906 811 949 877 de
972 812 1115 877 llonreal
1140 784 1264 878 confert
1288 811 1366 876 eccl.
1391 811 1534 895 Magunt.
1560 832 1612 876 ca·

279 922 473 996 nomentum,
498 919 694 1006 prebendam
718 940 793 986 vero
818 927 851 984 et
875 918 1066 1003 dignitatem
1091 939 1147 985 seu
1171 926 1378 1004 personatum
1400 919 1451 984 vel
1475 918 1612 985 officium

280 1049 349 1095 cunr
386 1048 462 1094 cura
494 1027 544 1093 vcl
579 1028 646 1093 sine
680 1047 756 1092 cura
789 1028 821 1091 in
855 1025 944 1093 dieta
975 1025 1114 1092 ecclesia
1137 1027 1166 1092 ci
1191 1033 1345 1108 reservat,
1379 1026 1613 1092 nonobstante

279 1135 362 1219 quod
389 1137 419 1201 in
438 1135 598 1200 Bunnensi
623 1141 654 1199 ct
671 1134 704 1200 S.
723 1134 844 1198 Florini
870 1136 902 1198 in
919 1133 1121 1199 Confluentis
1145 1135 1353 1199 canonicatus
1377 1140 1409 1198 et
1432 1130 1614 1218 prebendas

279 1252 311 1309 et
334 1245 366 1308 in
396 1241 516 1308 eisdem
548 1241 708 1306 Bunnensi
738 1241 970 1307 thesaurariam
1000 1241 1068 1306 siue
1093 1261 1180 1323 cura,
1216 1261 1278 1324 que
1300 1260 1361 1307 nec
1385 1239 1526 1324 dignitas
1553 1259 1613 1305 nec

278 1358 477 1435 personatus,
512 1349 570 1415 sed
600 1349 736 1433 simplex
760 1348 899 1413 officium
925 1349 1045 1431 existit,
1080 1349 1139 1413 sub
1164 1347 1390 1433 expectatione
1413 1348 1612 1432 prestimonii

278 1477 335 1522 seu
358 1455 541 1522 obedientie
566 1456 653 1521 etin
678 1455 712 1520 S.
738 1455 858 1520 Florini
882 1457 1124 1540 prestirnonium
1148 1454 1273 1519 obtinet
1297 1461 1329 1518 ct
1352 1453 1385 1518 in
1409 1454 1443 1519 S.
1468 1453 1614 1520 Castoris

279 1564 480 1631 Continentia
503 1563 649 1629 ecclesiis
670 1562 780 1628 Oolon.
806 1570 838 1627 et
854 1563 985 1628 Trever.
1011 1560 1094 1628 dioc.
1119 1563 1177 1627 sub
1202 1561 1427 1645 expectatione
1451 1559 1614 1645 prebende

278 1673 470 1737 auctoritate
493 1669 673 1756 apostolica
696 1669 728 1734 in
753 1670 941 1734 canonicum
966 1673 1015 1734 est
1038 1675 1198 1753 receptus.

385 1780 454 1844 Tne
479 1777 648 1863 probitatis
672 1778 785 1841 merita
811 1826 818 1841 .
845 1825 852 1840 .
879 1825 886 1840 .
934 1777 1009 1840 Dat.
1026 1776 1121 1840 Avin.
1140 1775 1201 1840 Vll
1225 1773 1299 1840 idus
1322 1775 1476 1840 februarii
1500 1795 1530 1840 a.
1551 1781 1614 1840 ter·

278 1885 461 1951 tiodecimo.

386 1992 420 2056 ln
446 2012 472 2058 e.
498 2014 539 2056 nr.
575 1990 699 2056 decano
732 1991 766 2056 S.
791 1988 920 2055 Andree
952 1997 984 2055 et
1013 1991 1184 2056 scolastico
1217 1990 1250 2055 S.
1275 1988 1421 2056 Severini
1445 1988 1555 2055 Colon.
1581 1996 1614 2054 et

277 2100 430 2184 magistro
455 2097 624 2163 Ambrosio
648 2097 690 2163 de
714 2097 909 2182 Lamayrola
933 2096 1088 2162 canonico
1113 2095 1285 2162 Mediolon.
1310 2096 1528 2163 ecclesiarum.

426 2224 499 2292 Rep.
519 2223 558 2277 90
576 2222 601 2292 f.
620 2225 684 2276 354‘
704 2237 751 2274 or.
775 2221 854 2274 1965.

383 2502 504 2570 1668.
537 2505 622 2569 1329
648 2505 801 2569 Februar
826 2505 856 2569 7.
884 2501 1051 2588 Aoipaoo.

382 2647 544 2712 Iohannes
567 2645 666 2711 XXll
701 2645 885 2711 Hermanno
909 2643 951 2710 de
975 2645 1116 2711 Moureal
1148 2647 1303 2712 canonico
1327 2646 1405 2713 eccl.
1431 2645 1464 2711 S.
1489 2644 1610 2712 Florini

279 2755 311 2819 in
335 2751 535 2819 Continentia
559 2753 690 2818 Trevcr.
715 2752 800 2818 dioc.
825 2751 982 2836 indulget,
1006 2758 1042 2817 ut
1065 2753 1194 2818 Henrici
1220 2755 1313 2818 electi
1339 2761 1371 2819 et
1395 2753 1531 2820 ecclesie
1548 2753 1613 2818 lla·

278 2862 402 2945 guntin.
426 2860 565 2926 servitiis
590 2859 766 2926 insistendo
795 2859 920 2925 fruetus
944 2860 1082 2924 omnium
1107 2859 1333 2925 beneficiorum
1357 2881 1485 2926 suorum
1510 2859 1613 2925 eccle·

278 2969 488 3051 siasticorum,
514 2987 576 3051 que
599 2987 683 3033 nune
706 2967 829 3033 obtinet
853 2974 885 3031 et
909 2967 1115 3052 imposterum
1140 2967 1307 3047 obtinebit,
1337 2968 1433 3032 etiam
1457 2967 1483 3032 si
1509 2964 1611 3050 digni-

278 3083 362 3142 tates
386 3083 576 3160 personatus
592 3074 642 3141 vel
667 3073 773 3139 officia
796 3073 914 3138 fuerint
936 3081 969 3138 et
993 3095 1100 3138 curam
1118 3073 1260 3140 babeant
1275 3074 1451 3138 animarum
1476 3075 1611 3156 integre,

279 3182 449 3249 cotidianis
473 3182 749 3248 distributionibus
773 3179 940 3246 dumtaxat
971 3181 1126 3265 exceptis,
1155 3201 1256 3264 usque
1280 3178 1323 3245 ad
1347 3181 1516 3246 triennium
1541 3198 1610 3263 per·

279 3290 386 3375 cipere
409 3289 529 3356 valeat.
947 3368 952 3390 .

385 3397 455 3462 Tus
488 3397 611 3462 meritis
643 3395 846 3480 probitatis.
874 3445 880 3460 .
907 3443 914 3455 .
974 3395 1049 3460 Dat.
1075 3395 1169 3460 Avin.
1195 3394 1257 3459 Vll
1291 3393 1364 3460 idus
1397 3393 1550 3461 februarii
1582 3415 1612 3459 a.

279 3503 511 3570 tertiodecimo.

386 3612 422 3675 ln
447 3631 475 3676 e.
502 3632 543 3674 nr.
578 3610 703 3676 decano
732 3609 765 3675 S.
791 3609 919 3676 Andrec
948 3617 980 3675 et
1010 3611 1180 3676 scolastico
1204 3608 1237 3675 S.
1263 3607 1409 3676 Severini
1440 3607 1551 3676 Colon.
1576 3630 1615 3675 ac

278 3719 432 3802 magistro
456 3718 624 3783 Ambrosio
649 3716 690 3782 de
714 3716 909 3802 Lamayrola
934 3717 1090 3782 canonico
1115 3716 1287 3781 Mediolon.
1312 3716 1531 3782 ecclesiarum.

438 3848 509 3916 Rep.
529 3847 569 3900 92
586 3848 610 3918 f.
631 3850 683 3901 111
702 3864 750 3902 ar.
770 3849 854 3901 3116.

385 4135 509 4202 1669.
537 4139 623 4201 1329
648 4138 802 4202 Februar
825 4139 855 4201 7.
882 4134 1048 4221 Aoipaoa.

385 4277 545 4344 Iohannes
570 4278 670 4344 XXII
704 4279 843 4344 Henrioo
874 4284 950 4344 nato
979 4278 1086 4344 Caroli
1116 4277 1157 4344 dc
1186 4279 1327 4346 Monrcal
1354 4279 1467 4346 militis
1496 4280 1615 4347 clerico

278 4383 469 4451 Trevercnsi
503 4393 647 4451 reservat
679 4385 869 4451 beneficium
893 4384 1147 4451 ecclesiasticum
1172 4405 1243 4452 eum
1268 4407 1345 4453 cura
1368 4388 1419 4453 vel
1442 4389 1512 4454 sine
1537 4408 1615 4455 cura

278 4492 368 4558 cuius
391 4491 523 4574 fructus,
549 4493 668 4557 sicum
693 4511 779 4574 cura,
804 4492 930 4576 viginti,
955 4493 1081 4560 sivero
1105 4493 1175 4558 sine
1198 4514 1276 4559 cora
1298 4493 1405 4579 fuerit,
1429 4494 1615 4579 quindecim

278 4597 477 4664 marcharum
509 4601 634 4684 argenti
658 4619 683 4665 s.
709 4607 731 4664 t.
756 4599 788 4664 d.
812 4600 955 4665 valorem
979 4621 1118 4666 annuum
1147 4621 1210 4666 non
1240 4600 1411 4685 excedant,
1440 4602 1484 4668 ad
1507 4602 1615 4688 dispo·

277 4707 426 4772 sitionem
450 4706 605 4792 prepositi
630 4705 744 4772 decani
769 4713 800 4772 et
826 4708 959 4793 capituli
984 4707 1121 4774 ecclesie
1147 4709 1181 4774 S.
1211 4708 1332 4775 Florini
1356 4710 1388 4774 in
1413 4708 1615 4776 Confluentis

278 4814 411 4879 Trevcr.
436 4811 520 4878 dioc.
547 4815 756 4880 communiter
780 4815 831 4879 vel
856 4813 985 4881 divisim
1008 4822 1166 4901 spectans.
