3642 5509
748 479 817 540 1327
836 483 923 556 April
941 477 985 542 27.

287 657 403 728 rusa.
429 665 515 728 1327
537 662 639 749 April
661 662 722 751 aa}
746 663 911 753 aanor.

288 805 448 870 Iohannes
471 805 571 870 XXII
606 807 851 893 archiepiscopo
876 809 1060 875 Coloniensi
1094 816 1127 875 et
1160 811 1313 896 episcopo
1342 810 1518 878 Luhicensi

181 933 219 978 ac
243 915 407 998 preposito
431 915 567 980 ecclesie
591 916 769 982 Bnnuensis
794 917 904 983 Gelon.
931 917 1014 982 dioc.
1038 917 1181 999 mandat,
1206 919 1356 1001 quatinus
1379 919 1518 984 Heideu·

179 1021 246 1084 rieo
270 1019 312 1085 dc
336 1019 481 1087 Essendc
505 1022 623 1087 clerico
647 1021 847 1089 coloniensis
875 1023 1026 1106 diocesis,
1054 1024 1107 1107 qui
1131 1044 1233 1109 nuper
1256 1045 1353 1110 super
1375 1025 1517 1112 preposi-

180 1133 252 1192 tura
275 1125 308 1191 S.
337 1128 484 1193 Severini
511 1127 620 1194 Colou.
651 1149 708 1214 pro
742 1150 798 1195 sue
832 1131 1053 1196 tautummodo
1086 1133 1283 1197 conscientie
1315 1132 1518 1199 serenatione

180 1234 281 1299 libere
305 1234 337 1298 iu
361 1253 446 1319 pape
468 1236 616 1301 manibus
639 1237 825 1320 resignavit,
860 1239 1040 1323 apostolica
1073 1239 1265 1304 anctoritate
1297 1237 1419 1305 dietam
1448 1260 1517 1325 pre-

179 1341 354 1426 posituram
380 1341 526 1407 conlerre
550 1353 581 1406 et
605 1343 773 1426 assignare
797 1352 920 1413 curent.

287 1447 476 1534 Apostoliee
499 1449 586 1515 sedis
610 1451 921 1536 circumspecta...
969 1452 1044 1518 Dat.
1067 1454 1160 1519 Avin.
1185 1453 1213 1517 V
1236 1453 1283 1517 kl.
1307 1454 1383 1518 maii
1407 1475 1437 1518 a.
1460 1475 1516 1519 un-

181 1554 317 1621 decimo.

339 1681 413 1750 Bag.
433 1683 473 1734 83
488 1680 513 1752 s.
533 1681 599 1736 273‘
617 1698 665 1736 nr.
689 1683 772 1736 1688.

283 1967 402 2038 nse.
430 1971 517 2034 1327
541 1969 616 2033 Mai
635 1971 666 2034 7.
688 1967 853 2056 Anipnon.

287 2109 448 2176 Iohannes
473 2111 573 2177 XXII
609 2113 642 2178 S.
668 2112 838 2197 Symeouis
862 2113 995 2177 Trever.
1019 2120 1052 2177 et
1074 2111 1109 2178 S.
1138 2112 1269 2196 Georgii
1298 2113 1330 2176 iu
1359 2111 1515 2196 Limpurg

180 2217 312 2283 decanis
336 2237 375 2283 ac
399 2219 523 2283 cantori
547 2218 581 2284 S.
608 2218 751 2284 Castoris
774 2219 805 2284 in
831 2218 980 2284 Cardono
1004 2219 1135 2284 Trever.
1161 2218 1245 2284 dioc.
1270 2218 1413 2301 mandat,
1437 2238 1513 2301 qna·

180 2325 272 2397 tinus,
305 2331 475 2409 postquam
508 2325 554 2390 eis
588 2326 766 2391 constiterit
789 2325 961 2392 ecclesiam
984 2326 1218 2411 parrochialem
1242 2325 1274 2390 in
1298 2326 1434 2410 Flayote
1457 2346 1513 2390 va·

180 2451 263 2512 care,
300 2431 504 2498 conterreat
532 2433 698 2516 assignare
734 2440 844 2498 curent
880 2433 1020 2498 Hemieo
1054 2433 1205 2498 lohaunis
1238 2430 1279 2498 de
1311 2431 1511 2498 Confluentia

180 2540 334 2605 canonico
367 2540 446 2604 eccl.
480 2539 715 2606 Fritzlariensis
738 2541 881 2624 Magum.
907 2540 990 2605 dioc.
1025 2539 1145 2606 dictam
1175 2539 1408 2625 parrochialem
1432 2539 1513 2604 eccl.

179 2647 208 2709 in
234 2647 371 2731 Flaycte
395 2666 495 2730 prope
518 2647 629 2731 Deyze
653 2647 783 2711 Trever.
810 2646 895 2712 dioc.
921 2654 1090 2712 vacantem
1115 2667 1155 2712 ex
1180 2667 1229 2729 co,
1255 2644 1341 2729 qnod
1364 2646 1513 2711 Oesarins

178 2753 249 2816 olinr
275 2754 376 2837 ipsius
408 2753 545 2818 ecclesie
578 2761 693 2830 rector,
726 2759 761 2818 ut
784 2754 899 2819 asserit
923 2753 1092 2835 Henricus,
1126 2754 1230 2838 ipsam
1255 2772 1317 2818 uua
1342 2773 1413 2817 cum
1438 2773 1511 2818 oau-

178 2861 259 2924 toria
292 2859 370 2924 eccl.
407 2859 441 2924 S.
460 2859 579 2924 Florini
613 2861 645 2924 in
669 2859 879 2942 Continentia,
916 2880 977 2942 que
1010 2859 1130 2925 ibidem
1159 2859 1300 2943 dignitas
1328 2859 1448 2942 existit,
1473 2879 1513 2924 ac

177 2965 371 3050 parrochiali
404 2965 542 3032 ecclesia
575 2967 607 3029 in
638 2965 801 3050 Superiori
831 2965 982 3032 Mendioh
1006 2965 1092 3032 dicte
1117 2967 1247 3032 Trever.
1273 2966 1357 3032 dioc.
1381 2972 1512 3050 postet

177 3081 287 3138 eontra
322 3074 581 3139 constitutionem
615 3073 716 3159 ipsius
750 3094 835 3158 pape
864 3095 960 3156 super
984 3073 1169 3159 pluralitate
1193 3073 1407 3156 dignitatnnm
1442 3093 1511 3158 per·

177 3186 344 3244 senatuum
369 3179 546 3245 officiorum
570 3184 603 3244 et
626 3179 850 3244 beneficiorum
876 3180 1165 3246 ecclesiasticorum
1188 3185 1307 3244 temere
1323 3186 1356 3244 et
1371 3179 1510 3244 retinere

177 3288 368 3372 presumpsit
391 3294 424 3351 et
452 3286 558 3351 adhuc
593 3285 726 3370 detinet,
763 3307 826 3351 nou
862 3287 1009 3352 obstante
1044 3285 1129 3368 qnod
1163 3285 1249 3350 idem
1285 3285 1443 3351 Hemicus
1477 3288 1509 3350 in

177 3393 394 3460 Fritzlariensi
420 3394 641 3458 canonicatum
667 3393 726 3458 snb
750 3395 976 3479 expectatione
998 3392 1162 3479 prebende
1183 3397 1216 3456 et
1232 3393 1264 3455 in
1280 3393 1314 3458 S.
1331 3391 1454 3457 Florini
1478 3394 1510 3456 iu

177 3499 375 3565 Continentia
409 3499 562 3566 vicariam
593 3506 781 3585 perpetuam
810 3501 921 3566 altaris
951 3500 985 3566 S.
1011 3499 1168 3584 Stephani
1201 3499 1325 3564 obtinet
1355 3505 1388 3565 et
1415 3519 1512 3585 super

176 3607 367 3672 canonicatu
399 3613 432 3672 ct
464 3605 629 3692 prebenda
663 3607 806 3674 eiusdem
830 3609 907 3674 eccl.
931 3607 964 3673 S.
982 3606 1102 3673 Florini
1126 3608 1243 3691 litigat.

283 3711 335 3777 Ad
358 3713 484 3778 illornm
508 3715 789 3799 provisionem...
816 3716 890 3780 Dat.
908 3715 1002 3779 Aviu.
1025 3735 1125 3780 nonas
1150 3714 1227 3780 maii
1251 3736 1281 3779 a.
1305 3714 1485 3781 undecimo.

323 3837 395 3907 ch.
416 3836 498 3906 831⁴.
518 3835 585 3890 389l
603 3852 651 3890 nr.
668 3838 750 3891 1979.

283 4095 398 4162 1187.
425 4099 511 4162 1327
535 4097 609 4163 Mai
632 4098 664 4160 9.
696 4095 862 4182 Aoipnoo.

282 4238 452 4326 [lohannes
467 4239 579 4324 XXII]
604 4238 744 4306 Geraldo
767 4240 877 4304 comiti
899 4238 1080 4304 Iuliaccnsi.

279 4346 519 4431 magnificentie
543 4352 608 4429 tue,
642 4346 697 4422 tili,
722 4347 861 4428 benigno
883 4348 1063 4431 recepimus
1087 4346 1275 4412 litteras...
1300 4345 1352 4412 Ad
1376 4367 1509 4430 quarum

174 4458 324 4518 contenta
357 4453 498 4519 breviter
530 4451 769 4538 respondemus,
804 4451 890 4535 qnod
919 4474 980 4518 nou
1012 4459 1061 4518 est
1088 4454 1185 4518 moris
1212 4454 1312 4518 nostri
1336 4473 1395 4539 pro
1420 4461 1509 4522 certa

173 4579 308 4644 persona
332 4560 488 4626 ecelesias
510 4580 684 4626 reservare.
732 4559 818 4625 Sane
845 4559 935 4625 illurn
964 4559 1164 4644 ecclesiam1,
1199 4559 1361 4644 adquam
1385 4568 1442 4628 tua
1464 4563 1509 4628 in·

172 4668 272 4733 tentio
296 4666 471 4751 ferebatur,
499 4669 563 4734 iam
588 4667 643 4732 diu
667 4687 737 4734 esse
760 4667 852 4733 nobis
876 4667 1004 4733 noveris
1026 4674 1234 4753 reservatam,
1265 4667 1329 4753 cni,
1358 4669 1387 4736 si
1415 4689 1509 4737 casus

277 4847 307 4915 a)
328 4844 563 4902 Colouleusem?
