3642 5509
725 429 795 483 lass
814 427 987 482 November
1005 426 1048 480 12.
1438 388 1440 391 Ι
1487 420 1540 475 505

206 633 311 680 suram
336 566 590 680 eeclesiasticam
615 608 861 696 compescendo.
908 608 983 688 Eos,
1017 607 1071 689 qui
1094 604 1224 671 residua
1257 601 1438 668 huiusmodi
1471 621 1540 686 per·

206 721 369 804 solverint,
393 720 495 806 possit
518 717 685 785 absolvere
710 723 742 783 et
765 716 914 800 quittare.

313 827 540 909 Intelleximus,
565 825 652 910 quod
675 824 750 891 olim
776 873 783 889 .
809 877 817 893 .
842 871 850 888 .
897 824 973 888 Dat.
997 822 1093 887 Avin.
1118 821 1183 885 Illl
1207 819 1279 886 idus
1301 817 1484 884 novembris
1508 838 1538 882 a.

207 933 358 1001 secundo.

367 1042 440 1112 aeq.
460 1041 558 1112 131f.
577 1039 615 1094 97
634 1055 679 1094 ar.
700 1040 764 1094 aas.

311 1302 439 1369 2208.
466 1304 552 1367 1336
575 1303 761 1366 November
786 1302 836 1363 12.
868 1300 974 1364 Pater.

312 1447 535 1512 Baldewinna
558 1444 829 1529 archiepiscopus
859 1442 1071 1508 breunensis
1089 1460 1183 1526 pape
1205 1439 1355 1520 nannai,
1380 1436 1470 1521 quod
1494 1437 1540 1501 od

207 1576 281 1619 enm
305 1555 508 1618 transmittit
531 1553 671 1617 nuncios
694 1572 769 1617 cnm
791 1551 894 1636 plena
917 1553 1085 1634 potestate
1109 1545 1317 1633 empticandi.
1331 1545 1362 1609 ei
1384 1551 1540 1629 cerpentes

207 1669 238 1726 et
254 1661 464 1726 inevitabiles
479 1661 692 1726 necessitates
708 1659 841 1725 ecclesie
855 1658 1063 1744 Mer-pumina,
1087 1657 1208 1741 quibas
1228 1660 1410 1719 commotus
1433 1672 1539 1717 suace-

200 1769 349 1854 paritet
371 1769 511 1853 pessarit
535 1769 606 1833 aas
631 1766 971 1832 administrationem.

312 1911 521 1977 Sanctissimo
553 1911 588 1974 in
612 1909 738 1976 Christo
773 1910 857 1994 patri
881 1930 920 1974 ae
944 1907 1073 1973 domino
1106 1926 1174 1989 suo,
1208 1904 1337 1970 domino
1360 1900 1539 1968 Benedicta

206 2025 411 2085 sacrosancte
427 2017 572 2084 Romane
595 2025 627 2084 et
643 2018 832 2083 universalis
848 2017 984 2082 ecclesie
1006 2015 1105 2100 digna
1129 2013 1182 2080 dei
1198 2011 1401 2099 providentia
1416 2029 1538 2076 summo

206 2125 348 2211 pontifici
382 2125 586 2190 Baldewinus
619 2125 879 2210 archiepiscopus
907 2124 1115 2190 Treverensis
1148 2142 1219 2187 cum
1253 2117 1435 2186 omnimoda
1467 2117 1538 2183 sub·

205 2234 343 2299 iectione
371 2239 404 2299 et
427 2234 607 2298 reverentia
630 2232 750 2298 devota
772 2231 889 2317 pedum
914 2232 1023 2298 osenla
1047 2232 1223 2297 beatorum.

313 2341 410 2405 Pater
426 2341 643 2407 sanctissime!
668 2340 748 2407 Cum
766 2346 902 2406 vacante
926 2340 1007 2404 alias
1027 2337 1165 2403 ecclesia
1180 2334 1368 2419 Maguntina
1392 2353 1433 2398 ex
1449 2331 1539 2397 obitu

206 2449 288 2514 bone
312 2448 464 2512 memorie
488 2447 647 2531 quondam
673 2447 791 2512 domini
815 2447 937 2511 Mathia
968 2445 1111 2511 eiusdem
1135 2442 1272 2509 ecclesie
1305 2437 1538 2525 archiepiscopi

205 2554 247 2619 ad
271 2554 428 2620 instantes
445 2575 557 2639 preces
582 2560 613 2620 et
630 2557 812 2619 continuum
837 2553 880 2618 ad
899 2574 949 2618 me
966 2573 1127 2619 recursum
1145 2551 1277 2637 capituli
1298 2549 1385 2614 dicte
1401 2545 1539 2612 ecclesie

205 2656 393 2741 Maguutine
416 2678 541 2723 necnon
564 2658 716 2722 nobilium
740 2664 773 2722 et
796 2657 1006 2722 vassallorum
1033 2657 1134 2741 ipsius
1156 2656 1385 2740 multiplicibus
1408 2653 1539 2719 tribula·

206 2764 343 2829 tionibus
367 2771 400 2830 et
423 2763 633 2830 incommodis
656 2765 799 2848 graviter
823 2771 855 2828 et
878 2764 1135 2830 intollerabiliter
1155 2784 1377 2849 oppressorum
1404 2761 1445 2828 de
1468 2782 1539 2846 pro·

206 2870 346 2936 tectione
373 2890 430 2936 sen
453 2872 684 2954 gubernatione
718 2870 863 2956 predicte
887 2871 1023 2937 ecclesie
1047 2871 1233 2956 Magantine
1266 2872 1362 2937 solita
1393 2869 1539 2936 amicitia

206 2985 309 3044 motus
341 2977 384 3042 ad
408 2977 537 3044 eosdem
570 2999 621 3044 me
644 2979 867 3044 intromiserim
902 2979 1040 3059 ineam,
1072 2977 1150 3042 dens
1182 2979 1282 3060 novit,
1316 2977 1478 3057 affectum,
1505 2983 1538 3039 ut

206 3083 368 3150 mediante
403 3085 562 3150 adiutorio
597 3086 733 3151 ecclesie
768 3105 838 3150 mee
873 3085 1082 3151 Treverensis
1121 3091 1153 3150 et
1188 3086 1362 3150 amicorum
1397 3103 1538 3148 meorum

206 3192 307 3277 ipsam
333 3191 502 3258 ecelesiam
528 3192 747 3277 Magnntinam
771 3191 894 3257 nobiles
919 3192 1074 3257 vassallos
1103 3199 1231 3276 gentem
1265 3198 1297 3256 et
1321 3191 1538 3276 possessiones

206 3299 348 3365 eiusdem
372 3300 413 3365 ab
437 3299 617 3364 huiusmodi
636 3299 894 3384 oppressionibus
918 3307 951 3364 et
976 3298 1184 3364 incommodis
1206 3299 1393 3373 relevarem,
1419 3298 1451 3361 in
1476 3317 1538 3379 quo

206 3406 267 3472 deo
291 3408 435 3491 primum,
462 3405 580 3472 deinde
597 3412 707 3471 sancte
723 3405 868 3472 Romane
885 3407 1021 3472 ecclesie
1037 3414 1164 3491 gratum
1188 3413 1221 3471 et
1237 3413 1406 3491 acceptum
1429 3425 1538 3490 spera·

205 3516 279 3580 bam
296 3515 483 3598 obsequium
508 3512 660 3579 exhibere
685 3521 717 3578 et
733 3513 957 3578 nichilominus
980 3513 1162 3579 sanctitatis
1178 3521 1285 3579 vestre
1308 3514 1454 3597 graciam
1478 3513 1538 3578 hec

205 3621 330 3689 solicite
365 3623 564 3708 prospiciens
596 3621 781 3706 promereri,
814 3641 898 3686 nnnc
933 3628 1040 3686 autem
1077 3622 1172 3686 certis
1204 3619 1387 3704 intelligens
1410 3618 1538 3685 indiciis

206 3737 343 3795 vestram
368 3730 571 3795 sanctitatem
605 3729 637 3793 in
671 3727 731 3794 hoe
755 3727 962 3810 deliberasse,
999 3735 1033 3792 ut
1060 3729 1326 3812 gubernationem
1359 3733 1391 3792 et
1414 3735 1536 3811 protec-

206 3837 324 3901 tionem
356 3837 457 3922 ipsius
481 3836 616 3901 ecclesie
640 3835 826 3918 Magantine
858 3833 899 3899 ad
928 3853 1042 3900 manns
1064 3834 1247 3901 sanctitatis
1271 3840 1377 3900 vestre
1409 3853 1538 3918 ponam,

206 3942 246 4008 de
271 3950 376 4009 vestre
409 3943 592 4010 sanctitatis
617 3942 787 4008 clementia
819 3962 881 4007 non
910 3940 1069 4007 immerito
1093 3941 1239 4023 conlisus,
1274 3940 1360 4024 quod
1385 3939 1538 4006 videlicet

205 4070 276 4116 meo
299 4051 407 4125 statui,
444 4051 580 4116 ecclesie
614 4069 683 4114 mee
707 4049 899 4115 'treverensi
932 4055 966 4114 et
1000 4049 1062 4134 ipsi
1097 4048 1233 4115 ecclesie
1257 4049 1445 4132 Magnntine
1467 4069 1538 4134 pro·

205 4157 330 4242 spicere
365 4156 493 4240 debeat,
529 4177 590 4240 ego
625 4161 788 4239 tamqnam
823 4153 959 4221 devotus
994 4163 1099 4222 vestre
1134 4156 1316 4222 sanctitatis
1351 4156 1444 4238 filius,
1484 4157 1538 4239 qui

205 4265 319 4329 vestris
343 4270 376 4329 et
399 4271 509 4330 sancte
533 4264 678 4330 Romane
702 4264 838 4330 ecclesie
862 4263 1054 4329 iussionibus
1077 4283 1202 4348 semper
1225 4271 1258 4328 et
1281 4263 1442 4330 humiliter
1464 4264 1538 4330 obe-

206 4369 275 4436 dire
300 4371 382 4453 volo,
407 4370 626 4437 honorabilem
650 4373 752 4436 virum
770 4370 990 4438 Boemundnm
1013 4369 1275 4436 archidiaconum
1295 4372 1537 4454 Treverensem

205 4484 367 4544 strenuum
392 4479 494 4544 virum
518 4480 690 4564 Symonem
715 4478 856 4564 Philippi
881 4478 923 4545 de
946 4478 1123 4563 Regalibns
1146 4477 1188 4545 de
1212 4479 1351 4546 Pistorio
1375 4479 1536 4545 dominum

205 4585 246 4651 de
269 4587 475 4671 Longoprato
509 4586 641 4651 militem
675 4594 706 4652 et
740 4585 944 4670 Rodolpbnm
976 4585 1097 4652 dietum
1121 4586 1207 4653 Lusa
1240 4589 1395 4652 notarium
1433 4608 1537 4652 meum

205 4693 402 4758 exhibitores
419 4694 611 4778 presentium
636 4713 722 4759 meos
744 4701 969 4779 procuratores
992 4699 1025 4758 et
1040 4695 1173 4759 nuncios
1190 4695 1348 4780 speciales
1371 4694 1413 4760 ad
1436 4694 1538 4781 pedes

206 4809 310 4867 vestre
335 4800 543 4866 beatitudinis
567 4801 644 4867 duxi
678 4801 838 4867 humiliter
862 4801 1134 4884 transmittendos,
1164 4801 1244 4868 dans
1268 4804 1315 4868 eis
1338 4802 1389 4868 vel
1413 4801 1537 4869 duobus
