3642 5509
786 474 857 534 1332
875 476 938 533 Juli
956 469 1002 531 24.
1500 470 1552 526 441

218 662 431 735 ordinandum
465 665 604 748 duxerit,
638 671 764 747 gratum
797 658 932 726 accedet
965 657 1081 723 nostris
1111 656 1280 721 affectibus
1312 662 1344 719 ct
1373 662 1553 738 acceptum.

218 777 293 841 Dat.
319 777 386 840 XII
410 775 456 839 kl.
481 772 610 856 augusti
634 791 664 836 a.
690 769 779 835 XVI.

380 902 452 970 Rep.
471 901 526 952 116
544 899 568 967 f.
588 897 644 951 214
663 912 711 949 ar.
733 895 807 947 1084
812 909 825 961 ,·
844 893 895 947 lez.
916 893 998 946 1555.

325 1079 449 1146 Eodem
473 1079 526 1144 die
550 1076 635 1142 idem
659 1076 806 1142 similiter
829 1071 1003 1158 respondet
1027 1072 1096 1154 regi
1121 1070 1261 1135 Boemic.

325 1188 526 1273 Propositum
550 1187 674 1270 regium
698 1204 740 1248 ex
764 1188 852 1248 certa
877 1201 976 1246 causa
994 1229 1001 1244 .
1020 1229 1053 1244 ..
1101 1178 1178 1244 Dat.
1202 1182 1366 1261 utsupra.

379 1312 397 1365 l.
417 1328 440 1366 c.
460 1311 484 1379 f.
505 1311 569 1364 214‘
589 1325 637 1363 nr.
657 1310 732 1362 1085
737 1324 749 1375 ;
774 1308 826 1362 Ra.
840 1307 924 1360 1555.

326 1492 468 1557 Alterum
494 1491 597 1556 simile
621 1489 663 1554 de
687 1486 801 1578 eadem
825 1507 860 1551 re
883 1505 1070 1570 responsum
1095 1506 1115 1549 a
1139 1459 1230 1569 papa
1248 1483 1317 1566 regi
1342 1483 1479 1548 Francis
1503 1482 1556 1547 de-

219 1603 368 1668 stinatur.

326 1709 408 1772 Tam
432 1707 613 1773 humaniter
636 1713 702 1771 tam
727 1705 866 1788 benigne
884 1753 891 1767 .
911 1752 944 1767 ..
993 1703 1111 1767 Datum
1137 1703 1225 1782 (sict)

362 1835 381 1888 1.
403 1850 425 1889 c.
445 1835 469 1903 f.
490 1833 545 1886 215
563 1848 611 1886 nr.
629 1833 711 1886 1087.

327 2014 472 2079 Alterum
496 2011 599 2078 simile
624 2010 665 2076 dc
689 2009 801 2076 eadem
832 2029 867 2074 re
890 2028 1077 2094 responsum
1102 2029 1122 2072 a
1146 2025 1232 2091 papa
1254 2004 1324 2089 regi
1350 2005 1479 2072 Boemic
1502 2003 1556 2070 dc-

221 2122 367 2188 stinatur.

327 2228 567 2312 Magnificentie
591 2229 679 2311 regie
703 2227 883 2311 recepimus
901 2274 908 2288 .
928 2273 959 2289 ..
1006 2224 1126 2288 Datum
1152 2223 1243 2303 (aiot)

380 2354 399 2406 l.
421 2369 444 2406 c.
462 2351 486 2422 s.
505 2351 564 2406 229
581 2368 629 2404 nr.
650 2351 735 2404 1312.

328 2654 451 2722 2133.
476 2655 562 2717 1332
585 2653 662 2719 Juli
682 2655 736 2716 24.
761 2651 927 2738 Aoipaoa.

331 2798 490 2862 lohannes
507 2796 605 2861 XXII
629 2795 764 2860 Iohanni
789 2794 829 2859 de
848 2795 979 2860 Vlatten
1004 2793 1130 2859 confert
1154 2794 1231 2859 eccl.
1257 2792 1316 2860 SS.
1330 2794 1557 2880 Apostolorum

224 2906 334 2972 Oolon.
359 2904 593 2985 canonicatum,
617 2901 813 2986 prebendam
839 2921 915 2967 vero
940 2901 1043 2967 cidem
1069 2911 1222 2967 reservat.

330 3010 525 3076 Laudabilia
549 3017 604 3074 tue
627 3010 742 3074 merita
770 3058 778 3073 .
809 3059 815 3074 .
847 3057 853 3070 .
901 3009 977 3074 Dat.
1003 3009 1097 3074 Avin.
1123 3009 1154 3073 X
1179 3008 1223 3072 kl.
1248 3009 1375 3092 curgusti
1400 3031 1429 3074 a.
1454 3018 1554 3076 sexto-

224 3120 359 3186 decimo.

330 3227 367 3291 ln
392 3246 420 3291 e.
446 3248 488 3290 m.
524 3225 647 3291 decano
680 3225 714 3290 S.
739 3225 872 3308 Georgii
904 3224 1015 3290 Colon.
1053 3232 1085 3288 et
1118 3221 1260 3288 ciusdem
1294 3243 1332 3287 ac
1366 3224 1485 3288 Iacobo
1519 3223 1559 3288 de

223 3335 345 3399 Mutina
369 3333 532 3400 Tullensis
555 3334 735 3400 scolasticis
759 3332 978 3398 ecclesiarum.

385 3460 457 3529 Rep.
478 3458 536 3513 102
553 3475 601 3512 nr.
622 3459 705 3512 1235.

330 3732 452 3799 2134.
479 3734 565 3796 1332
588 3731 664 3797 Jetz·
688 3733 741 3796 23.
765 3729 932 3816 Aoipnoa.

331 3876 490 3941 lohannes
514 3874 613 3940 XXll
647 3873 818 3938 Wilhelmo
848 3872 936 3938 dioto
967 3871 1009 3938 de
1033 3872 1135 3938 Stella
1164 3871 1281 3938 clerieo
1306 3871 1489 3938 Coloniensi
1513 3891 1557 3937 rc-

224 3990 332 4049 servat
356 3983 544 4049 beneficium
570 3979 823 4046 ecclesiasticum
849 4000 921 4045 cum
938 4001 1015 4046 cura
1032 3981 1084 4045 vel
1107 3981 1176 4046 sine
1200 3999 1287 4061 cura,
1313 3979 1403 4045 cuius
1429 3980 1558 4062 fructus,

224 4091 250 4155 si
283 4111 356 4156 cum
389 4111 481 4171 cura,
515 4089 629 4174 viginti
666 4089 816 4170 quinque,
850 4089 876 4153 si
910 4107 988 4153 vero
1022 4089 1090 4154 sine
1125 4107 1201 4152 cura
1235 4086 1342 4168 fuerit,
1376 4087 1558 4170 quindecim

224 4197 425 4263 marcharum
450 4196 574 4280 argenti
599 4215 624 4259 s.
652 4202 675 4260 t.
702 4194 733 4259 d.
760 4195 902 4260 valorem
936 4214 1074 4260 annuum
1109 4216 1171 4259 non
1206 4194 1376 4277 excedant,
1409 4205 1560 4282 spectans

226 4306 433 4370 communiter
467 4304 518 4368 vel
550 4301 678 4368 divisim
710 4302 751 4368 ad
789 4301 1031 4389 dispositionem
1065 4302 1220 4389 prepositi
1251 4301 1414 4369 scolastici
1447 4312 1479 4369 et
1512 4325 1560 4370 ca-

224 4411 318 4495 pituli
343 4411 422 4477 eccl.
448 4395 559 4477 Colon.

332 4519 477 4603 Exigunt
500 4525 555 4584 tue
578 4519 771 4584 merita...
796 4520 872 4585 Dat.
891 4519 1035 4586 Auimll
1059 4518 1104 4583 kl.
1130 4517 1258 4602 augusti
1284 4539 1313 4584 a.
1330 4518 1559 4584 sextodecimo.

333 4629 369 4693 In
394 4647 422 4693 e.
439 4649 480 4692 m.
506 4626 629 4692 decano
653 4625 687 4692 S.
704 4627 836 4712 Georgii
861 4635 894 4693 ct
920 4627 1042 4694 cantori
1066 4627 1125 4692 SS.
1143 4626 1369 4711 Apostolorum
1387 4624 1497 4693 Oolon.
1522 4647 1561 4692 ac

226 4735 346 4801 Iacobo
370 4735 411 4800 de
434 4735 559 4799 Mutina
583 4735 750 4821 capellano
774 4735 883 4820 papali
909 4734 1082 4801 scolastico
1106 4733 1268 4800 Tullensis
1292 4732 1511 4799 ecclesiarum.

387 4860 459 4931 Ray.
480 4859 537 4913 102
555 4876 603 4913 ην.
624 4859 706 4913 1254.
