3642 5509
792 362 862 422 1329
881 363 1018 422 Februar
1036 365 1062 420 2.

373 633 495 699 1664.
527 635 614 697 1329
639 633 792 697 Februur
816 637 846 695 2.
873 631 1038 719 Aviprroa.

370 774 531 841 Iohannes
543 773 642 838 XXII
667 773 837 838 Wilbeimo
863 771 904 837 dc
925 771 1088 838 Stocheim
1112 778 1189 837 nato
1214 770 1343 836 Iordani
1367 770 1408 836 de
1424 770 1599 857 Stocheym

261 882 389 949 confert
422 882 501 948 eccl.
538 880 596 946 SS.
628 879 852 965 Apostolorum
882 879 993 946 Goion.
1027 879 1261 962 canonicatum,
1295 877 1491 963 prebendam
1523 899 1600 944 vero

262 989 370 1055 eidem
396 995 549 1054 reservat.

373 1094 553 1161 Laudabile
578 1096 803 1179 testimouium,
829 1093 915 1179 quod
934 1145 941 1159 .
960 1143 994 1160 ..
1024 1094 1099 1159 Dat.
1114 1096 1208 1160 Ariu.
1234 1095 1300 1158 1111
1323 1114 1424 1160 nonas
1448 1093 1599 1160 februarii

265 1226 294 1269 a.
319 1201 556 1270 terciodecimo.

372 1310 411 1375 In
435 1330 462 1376 e.
487 1332 528 1375 m.
563 1311 674 1376 abbati
704 1310 886 1376 monasterii
912 1309 944 1374 S.
972 1307 1113 1375 Cordelii
1137 1307 1284 1373 indensis
1312 1308 1422 1374 Goion.
1452 1307 1536 1373 dioc.
1567 1317 1600 1374 ct

265 1417 465 1484 thesaurario
483 1417 635 1484 Metensis
658 1437 697 1482 ac
721 1416 891 1484 scolastico
916 1418 949 1482 S.
975 1417 1129 1482 Gereonio
1154 1415 1265 1481 Colon.
1290 1416 1508 1482 ecclesiarum.

430 1558 505 1630 Ray.
525 1559 565 1615 90
580 1559 605 1629 f.
626 1559 681 1614 241
700 1558 844 1613 nr.1624.

373 1860 496 1926 1666.
531 1862 618 1925 1329
643 1861 797 1927 Februar
821 1862 852 1926 2.
877 1859 1043 1945 Aoipoon.

371 2002 530 2070 Iohannes
553 2002 653 2068 XXII
682 2003 841 2069 Wiiielmo
871 2003 912 2068 de
937 2001 1101 2069 Stocbeim
1130 2004 1253 2068 cantori
1278 2003 1413 2070 ecclesie
1438 2005 1474 2070 B.
1499 2005 1599 2070 Mario

262 2111 425 2194 Aquensis
453 2109 555 2175 Leod.
591 2109 674 2175 dioc.
707 2110 863 2194 indulget,
898 2118 933 2174 ut
965 2109 1136 2176 residendo
1169 2111 1202 2175 in
1234 2110 1342 2193 aliquo
1372 2111 1597 2176 beneficiorum

264 2235 392 2282 suorum
427 2216 726 2300 ecclesiasticorum,
765 2237 825 2300 que
858 2238 942 2283 nuno
975 2218 1099 2282 obtinet
1133 2225 1165 2282 et
1197 2217 1401 2302 imposterum
1432 2218 1598 2300 obtinebit,

263 2322 361 2389 etiarn
385 2323 411 2389 si
437 2321 612 2406 dignitates
628 2323 679 2388 vei
701 2329 891 2408 personatus
908 2330 964 2388 aut
982 2324 1088 2389 officia
1104 2325 1256 2406 existant,
1280 2325 1403 2391 fructus
1428 2324 1599 2390 eorundem

263 2430 398 2514 integre,
435 2429 607 2496 cotidianis
637 2429 915 2497 distributionibus
941 2430 1111 2496 dumtaxat
1136 2432 1291 2516 exceptis,
1315 2431 1481 2514 usquead
1506 2432 1601 2496 trien·

262 2538 348 2602 nium
371 2537 540 2622 percipere
564 2538 680 2603 valeat.

368 2643 484 2709 Merita
507 2650 561 2709 tue
583 2645 831 2729 probitatis...
879 2645 953 2710 Dat.
980 2645 1072 2710 Avin.
1097 2645 1164 2709 1111
1187 2665 1288 2712 nonas
1312 2645 1465 2710 februarii
1489 2667 1518 2711 a.
1535 2652 1597 2710 ter·

263 2750 452 2817 ciodecimo.

367 2858 458 2924 Ine.
483 2880 524 2924 m.
553 2858 676 2925 decano
700 2865 733 2925 et
761 2860 932 2926 scolastico
958 2860 991 2925 S.
1017 2861 1171 2926 Gereonio
1195 2861 1306 2926 Coton.
1338 2880 1378 2926 ac
1401 2861 1599 2927 thesaurario

263 2963 417 3031 Metensis
441 2967 661 3033 eeclesiamm.

425 3092 498 3163 nep.
518 3092 597 3162 eof.
617 3091 675 3146 244
693 3107 741 3145 nr.
761 3091 844 3145 1629.

370 3393 493 3459 1666.
524 3394 611 3459 1329
635 3393 788 3459 Febraor
810 3396 843 3458 3.
871 3390 1037 3480 Aoipnoo.

369 3534 529 3601 Iohannes
561 3535 661 3600 XXII
705 3534 849 3600 Gerardo
886 3533 927 3600 de
963 3536 1096 3600 Vivario
1132 3535 1256 3601 confert
1291 3536 1370 3602 6661.
1406 3535 1600 3601 Xanctensis

265 3642 375 3709 Colon.
401 3642 484 3708 dioc.
520 3643 755 3722 canonicatum,
791 3641 987 3726 prebendam
1020 3663 1097 3708 vero
1130 3642 1235 3708 cidem
1267 3651 1421 3726 reservat,
1454 3664 1516 3709 non
1546 3642 1600 3707 ob·

263 3755 370 3816 stante
394 3747 480 3833 quod
505 3748 728 3815 canonicatum
753 3754 785 3814 et
809 3749 1006 3833 prebendam
1030 3751 1061 3814 in
1081 3751 1159 3815 eool.
1178 3749 1212 3815 S.
1229 3750 1413 3835 Gengulphi
1429 3752 1462 3815 in
1478 3750 1601 3834 Heyns-

265 3857 345 3940 berg
380 3877 419 3922 ac
454 3855 688 3941 parrochialem
723 3854 892 3920 eeclesiam
929 3856 962 3918 in
993 3855 1159 3922 Ocrsbeke
1184 3859 1264 3936 (oel:
1290 3857 1468 3937 Gersbeke)
1498 3855 1598 3923 Leod.

264 3962 347 4029 dioo.
372 3963 496 4029 obtinet
525 3969 558 4027 61
588 3961 673 4045 quod
703 3982 760 4047 per
792 3962 967 4047 capitulum
992 3963 1116 4047 prefate
1140 3963 1278 4028 ecclesie
1302 3964 1335 4029 S.
1361 3962 1545 4048 Gengulpbi
1568 3965 1601 4026 in

263 4069 420 4136 decanum
446 4068 589 4136 eiusdem
613 4069 693 4134 6661.
718 4068 922 4134 concorditer
945 4077 993 4135 est
1022 4070 1154 4154 eiectus,
1188 4071 1239 4136 cui
1264 4071 1414 4136 electioni
1439 4071 1599 4134 tamenin

264 4177 411 4244 manibus
435 4196 520 4262 pape
542 4175 754 4242 renunciavit.

228 4355 234 4366 ,
371 4284 547 4350 Probitatis
579 4285 703 4364 merita,
738 4285 886 4367 quibus.
914 4333 921 4348 .
950 4332 957 4347 .
1005 4285 1079 4349 Dat.
1111 4285 1205 4350 Avin.
1230 4285 1280 4349 111
1312 4305 1413 4350 nonas
1446 4283 1599 4349 februarii

264 4413 292 4458 a.
318 4390 550 4457 tertiodecimo.
909 4403 914 4410 '

370 4499 526 4565 1116111.
560 4499 722 4584 preposito
752 4506 784 4564 61
814 4500 938 4565 cantori
962 4500 1122 4582 Aquensis
1151 4499 1253 4565 Leod.
1283 4499 1367 4564 (1166.
1397 4520 1437 4566 ac
1461 4499 1599 4564 Henrico

265 4605 307 4671 de
330 4605 452 4672 Iuliano
476 4607 630 4671 canonico
654 4607 795 4673 Traieot.
821 4605 1041 4672 ecclesiarum.

425 4748 499 4820 Req.
519 4747 558 4802 92
575 4748 600 4819 f.
621 4750 676 4802 178
694 4764 742 4803 nr.
756 4749 841 4802 3284.
