3642 5509
267 418 320 475 140
817 420 886 477 1328
903 420 986 477 Mera
1006 420 1047 475 19.

266 599 461 668 Theoderici
494 601 534 666 de
566 601 788 687 Hardenberg,
824 601 877 685 qui
912 622 969 687 per
999 602 1172 667 Iohannem
1201 600 1325 667 Ridesil
1358 607 1596 688 procuratorem

265 728 356 775 suum
386 710 419 774 in
442 710 589 777 manibus
612 709 745 775 Arnoldi
775 710 809 776 S.
834 708 1001 776 Eustachii
1025 708 1153 774 diaconi
1178 709 1353 777 cardInaIis
1376 709 1462 795 apud
1486 709 1596 777 sedem

266 817 476 902 apostolicam
500 817 687 902 resignavit.

373 924 468 990 Sedis
490 924 666 1010 apostolice
690 924 923 1011 providentia.
950 974 957 989 .
984 974 991 990 .
1041 926 1114 989 Dat.
1131 925 1226 989 Avin.
1243 924 1310 989 IIII
1335 923 1407 991 idus
1430 925 1542 989 marcii
1567 946 1595 989 a.

266 1030 465 1097 duodecimo.

374 1139 410 1204 In
435 1160 462 1204 e.
490 1160 530 1204 m.
563 1138 687 1205 decano
711 1138 984 1207 Padcrbnrnensis
1007 1148 1040 1205 et
1063 1140 1226 1226 preposito
1254 1138 1288 1205 S.
1311 1138 1456 1207 Severini
1485 1139 1595 1205 Colon.

266 1266 305 1313 sc
329 1245 556 1312 archidiacono
579 1246 794 1314 Nannetensis
818 1247 1036 1314 ecclesiarum.

333 1376 337 1383 '
409 1374 482 1444 sep.
501 1374 539 1428 88
556 1371 580 1444 s.
601 1372 665 1427 1271
682 1388 731 1426 mr.
749 1372 834 1428 3324.

368 1662 490 1729 1448.
521 1664 608 1728 1328
631 1664 729 1728 Mdrz
753 1663 806 1725 19.
834 1659 998 1747 Aor'paoa.

373 1805 533 1872 Iohannes
554 1805 652 1871 XXII
678 1804 817 1870 chrico
841 1803 882 1869 de
904 1804 1027 1870 luliaco
1053 1803 1177 1869 confert
1201 1803 1279 1869 cccl.
1302 1803 1521 1891 Traieotensis
1545 1824 1595 1869 cc·

264 1914 448 1979 nonicatum
472 1918 505 1978 et
529 1912 723 1999 prebendam
748 1912 906 1977 scotiam
931 1911 1187 1997 supplementum
1211 1917 1366 1977 vacantes
1394 1931 1452 1996 per
1475 1912 1594 1977 obitum

266 2019 412 2086 Iordanis
444 2020 487 2086 de
508 2018 656 2102 Xanctis,
689 2020 743 2102 qui
775 2017 863 2104 apud
895 2017 1006 2085 sedem
1038 2018 1248 2104 apostolicam
1283 2017 1369 2083 diem
1398 2018 1514 2085 elausit
1543 2039 1596 2085 ex-

265 2133 409 2194 tremum.

372 2233 467 2301 Sedis
490 2234 667 2320 apostolice
690 2232 894 2320 providentia
911 2283 918 2298 .
937 2281 970 2299 ..
1018 2232 1093 2298 Dat.
1118 2231 1211 2298 Avin.
1237 2234 1338 2299 XIIII
1361 2233 1406 2300 kl.
1431 2234 1542 2321 aprilis
1565 2255 1595 2301 a.

264 2341 464 2409 duodecimo.

372 2452 409 2515 In
433 2470 461 2515 e.
478 2471 519 2516 m.
545 2448 708 2534 preposito
725 2448 758 2513 S.
776 2446 921 2513 Severini
939 2447 1050 2513 Colon.
1076 2452 1108 2513 et
1132 2444 1254 2513 decano
1271 2447 1467 2515 Xanctensis
1483 2448 1594 2515 Oolon.

265 2556 348 2623 dioc.
373 2577 413 2623 ae
435 2557 590 2641 magistro
614 2557 733 2622 Iacobo
762 2554 803 2620 de
833 2554 956 2619 Mutina
988 2554 1157 2620 scolastico
1187 2554 1348 2621 Tullensis
1381 2556 1460 2621 eccl.
1491 2556 1594 2641 capel·

263 2664 336 2731 Iano
360 2666 480 2752 papali.

423 2773 497 2842 ch.
515 2774 553 2830 88
570 2771 595 2844 f.
614 2772 661 2826 571
679 2786 727 2825 ar.
745 2771 831 2826 8166.

371 3044 491 3111 1447.
528 3047 615 3110 1328
640 3045 737 3111 Mdrz
762 3046 813 3110 19.
847 3041 1014 3130 Aoipooa.

368 3188 527 3254 Iohannes
550 3187 649 3254 XXII
673 3187 808 3254 Nicolao
832 3193 908 3252 nato
932 3186 1098 3253 Scnunctii
1120 3185 1162 3252 dc
1179 3187 1341 3253 Florentia
1365 3188 1491 3253 confert
1515 3186 1593 3254 ecci.

264 3295 459 3362 Xanctensis
483 3296 591 3363 Ooion.
618 3295 701 3362 dioc.
736 3294 958 3361 canonicatum
992 3301 1025 3360 et
1056 3293 1250 3379 precendam
1283 3314 1354 3360 cum
1387 3293 1510 3360 feronio
1543 3315 1594 3359 va-

265 3407 376 3468 cantes
398 3422 456 3487 per
480 3405 599 3469 obitum
617 3402 746 3469 Iordani
771 3402 811 3468 dc
827 3401 965 3468 Xancds
988 3402 1063 3467 olim
1088 3402 1235 3468 canonici
1259 3401 1400 3468 eiusdem
1424 3402 1516 3479 ecch,
1540 3402 1594 3485 qni

264 3528 366 3594 nuper
389 3508 475 3595 apud
507 3509 617 3575 sedem
645 3511 855 3595 apostolicam
884 3510 970 3576 diem
1001 3510 1116 3575 clausit
1139 3514 1326 3590 extremum,
1360 3530 1422 3575 non
1446 3509 1595 3575 obstante

265 3613 350 3697 quod
382 3614 467 3680 idem
491 3616 645 3682 Nicoians
668 3617 702 3682 in
727 3617 918 3683 Moraviensi
943 3623 975 3681 et
1000 3616 1175 3682 Veronensi
1210 3616 1355 3681 ecclcsiIs
1387 3616 1446 3682 suh
1479 3635 1595 3701 expec-

264 3722 386 3787 tatione
410 3722 643 3807 prebendarum
667 3723 700 3788 in
724 3724 911 3790 canonicum
936 3730 1085 3809 receptus
1108 3728 1167 3789 est.

371 3829 559 3914 Apostolice
581 3830 667 3896 sedis
692 3831 874 3915 benignitas
898 3880 906 3896 .
933 3879 940 3896 .
966 3879 973 3895 .
1021 3830 1099 3895 Dat.
1117 3830 1210 3895 hvin.
1235 3829 1337 3895 XIIII
1361 3830 1406 3895 kl.
1430 3830 1541 3916 aprilis
1564 3851 1593 3895 a.

264 3934 465 4002 duodecimo.

371 4044 407 4109 In
431 4063 460 4109 e.
482 4065 522 4109 m.
556 4043 709 4129 episcopo
734 4043 888 4110 Paduano
918 4051 950 4110 et
973 4045 1163 4130 Rcyssensis
1186 4051 1219 4110 et
1243 4045 1459 4113 Embricensis
1483 4045 1593 4111 Colon.

264 4158 297 4216 et
320 4152 461 4219 Traiect.
486 4151 570 4218 dioc.
594 4151 673 4217 coel.
699 4150 840 4218 decanis.

412 4275 483 4345 Rep.
503 4276 543 4329 86
560 4273 584 4344 s.
604 4275 669 4330 173²
686 4292 734 4330 nr.
754 4278 834 4332 1460.

370 4540 492 4607 1448.
523 4542 610 4606 1328
634 4542 733 4606 Mdrz
755 4543 809 4606 20.
841 4538 1007 4627 Aoipaoa.

370 4680 531 4750 Iohannes
554 4682 654 4748 XXlI
688 4682 933 4767 archiepiscopo
957 4681 1148 4767 Coloniensi,
1185 4704 1278 4769 quem
1311 4690 1420 4751 monet
1449 4683 1491 4751 ad
1522 4702 1593 4748 con-

264 4787 406 4855 cordiam
440 4789 676 4856 reformandam
705 4810 776 4857 eum
801 4787 972 4875 Raynaldo
1002 4792 1117 4857 comite
1146 4792 1302 4876 Gelrensi,
1335 4792 1476 4876 nunciat,
1509 4788 1593 4874 quod
