3642 5509
247 440 283 495 ΤΒ
780 441 849 497 loru
867 438 1005 498 Februar
1022 440 1048 497 4.

248 620 388 707 [ponere]
422 622 566 686 omnibus
593 641 651 707 per
679 621 782 687 locum
807 622 894 686 illum
920 643 990 688 cnm
1015 623 1173 688 mercibus
1199 622 1277 707 [seu]
1303 623 1374 689 aliis
1398 624 1490 689 bonis
1514 623 1580 689 suis

246 729 485 793 transeuntibus
508 749 571 793 non
594 728 663 794 sine
687 728 816 813 maglna
837 729 1030 813 tem]eritate
1046 731 1247 816 presumpsit,
1270 737 1302 796 et
1318 740 1353 795 ut
1377 731 1578 796 exactionem

247 834 467 919 [insolitamlet
491 834 699 920 dampnatum
727 834 907 901 huiusmodi
939 838 1046 901 valeat
1079 836 1212 922 dulrius]
1243 844 1275 903 et
1306 837 1465 903 crudelius
1489 858 1578 903 exer-

247 962 330 1023 cere,
365 941 525 1025 quandam
557 950 675 1007 turrem
704 942 910 1009 fortissimam
935 944 968 1007 in
991 942 1131 1026 quadam
1154 944 1236 1009 Reni
1260 944 1365 1010 insula
1388 964 1488 1031 prope
1512 943 1578 1009 dio-

246 1057 313 1115 tum
347 1055 485 1115 castrum
519 1056 702 1115 construere
729 1050 794 1115 iam
823 1051 954 1135 incepit.
1001 1050 1086 1116 Sane
1110 1070 1182 1115 oum
1206 1069 1264 1116 nos
1288 1051 1438 1136 periculis
1461 1050 1578 1117 exinde

245 1155 404 1238 fidelibus,
440 1157 467 1221 si
499 1176 563 1223 non
595 1157 779 1223 obviaretur
808 1156 991 1239 salubriter,
1027 1158 1229 1243 proventuris
1261 1159 1425 1243 oportunis
1454 1158 1578 1225 obviari

246 1250 396 1330 remediis
419 1264 595 1348 cupientes,
618 1283 715 1349 super
737 1262 898 1330 amotione
922 1263 1002 1330 dicti
1025 1264 1157 1350 pedagii
1183 1285 1222 1331 ac
1242 1264 1329 1331 dicte
1353 1266 1449 1333 turris
1472 1265 1578 1332 demo·

246 1370 358 1436 litione
380 1378 446 1436 tam
473 1420 481 1435 .
507 1419 515 1433 .
543 1419 551 1435 .
576 1371 775 1455 Magantino,
810 1370 994 1437 Coloniensi
1031 1378 1063 1437 et
1099 1372 1290 1438 Treverensi
1325 1372 1578 1459 archiepiscopis

246 1479 381 1561 aliisque
404 1479 538 1562 prelatis
562 1498 656 1561 quam
680 1476 839 1544 nobilibus
854 1498 894 1543 ao
911 1478 1002 1545 vobis
1018 1486 1050 1543 et
1066 1478 1139 1545 aliis
1163 1480 1444 1547 communitatibus
1468 1500 1577 1547 earum

247 1587 385 1671 partium
409 1592 556 1671 patentes
579 1591 705 1650 nostras
729 1584 808 1650 certi
831 1586 951 1650 tenoris
974 1585 1098 1652 litteras
1121 1584 1307 1671 dirigamus,
1337 1588 1577 1654 universitatem

246 1699 384 1759 vestram
408 1712 558 1776 rogamus
590 1692 744 1757 attentius
778 1699 811 1756 et
844 1691 1017 1775 hortamur,
1052 1694 1200 1775 quatinus
1228 1696 1321 1760 iuxta
1344 1701 1471 1760 tenores
1494 1695 1575 1760 litte·

245 1820 350 1865 rarum
374 1802 514 1885 ipsarum
536 1800 585 1866 sic
608 1820 666 1866 vos
688 1805 837 1885 potenter
859 1804 893 1865 et
915 1799 1051 1865 viriliter
1073 1820 1187 1885 gerere
1212 1801 1299 1867 circa
1322 1802 1480 1887 premissa
1504 1800 1578 1885 [stu-

246 1905 372 1992 deatisl,
406 1906 491 1990 quod
524 1907 686 1974 novitates
718 1926 775 1992 per
808 1903 944 1972 eundem
975 1906 1012 1973 L.
1037 1907 1217 1974 temerariis
1244 1908 1375 1975 ausibus
1398 1910 1485 1975 circa
1508 1929 1577 1993 pro-

245 2015 353 2095 missa,
388 2020 424 2079 ut
446 2014 615 2099 prefertur,
652 2021 835 2098 presumpte
857 2013 1021 2079 ¹tollantur
1053 2016 1181 2079 omnino
1211 2022 1244 2080 et
1274 2014 1442 2081 libertates
1473 2017 1577 2101 patrie

246 2127 473 2187 conserventur
497 2119 586 2185 illese
610 2138 739 2203 vosque,
774 2118 814 2185 de
838 2140 969 2203 quorum
996 2119 1166 2187 devotione
1195 2122 1322 2187 sincera
1345 2122 1427 2187 inter
1453 2130 1577 2189 ceteros

245 2227 357 2293 fideles
388 2226 556 2292 Alamanie
587 2225 771 2310 specialiter
804 2224 1002 2309 confidimus,
1038 2226 1180 2293 divinam
1215 2234 1248 2294 et
1280 2229 1458 2315 apostolice
1490 2230 1576 2296 sedis

247 2334 501 2401 benedictionem
532 2339 564 2398 et
592 2334 730 2417 gratiam
760 2333 897 2399 valeatis
928 2334 1056 2400 uberius
1079 2337 1263 2420 promereri.
1309 2336 1386 2402 Dat.
1412 2337 1505 2402 Avin.
1530 2336 1575 2402 kl.

245 2442 386 2508 octobris
409 2462 438 2506 a.
463 2438 664 2505 duodecimo.

406 2548 479 2617 Req.
498 2549 552 2600 114
570 2560 617 2615 pc.
639 2546 675 2599 ΙΙ
689 2546 713 2615 f.
733 2546 797 2601 177²
812 2562 860 2602 nr.
879 2546 973 2615 1724,·
991 2548 1042 2603 Ra.
1061 2549 1126 2602 913.

349 2735 473 2803 12⁹2.
507 2737 593 2799 1327
618 2736 758 2801 October
780 2738 812 2799 4.
847 2733 1012 2822 Aoiquou.

351 2877 511 2943 Iohannes
537 2877 637 2942 XXll
670 2878 838 2941 Tilmanno
870 2877 912 2943 de
941 2878 1169 2963 Blankenberg
1204 2880 1322 2948 clerico
1346 2880 1456 2947 Oolon.
1489 2878 1573 2946 dioc.

244 2993 388 3052 reservat
412 2983 600 3051 beneficium
624 2984 879 3049 ecclesiasticum
902 3004 976 3051 cum
1000 3006 1077 3053 cura
1100 2987 1152 3053 vel
1175 2989 1244 3053 sine
1268 3008 1356 3070 cnra,
1381 2988 1471 3054 cuius
1494 2987 1576 3053 irno-

244 3100 306 3175 tus,
341 3094 368 3159 si
402 3113 473 3159 oum
506 3111 593 3175 cura,
628 3093 753 3175 viginti,
788 3093 914 3159 sivero
942 3092 1011 3159 sine
1036 3114 1112 3161 cura
1135 3095 1243 3179 fuerit,
1280 3094 1463 3179 quindecim
1496 3116 1576 3161 mar-

244 3200 375 3266 charum
404 3201 531 3285 argenti
554 3219 579 3265 s.
601 3206 624 3264 t.
646 3198 678 3264 d.
710 3198 851 3264 valorem
879 3220 1018 3267 annuum
1048 3222 1110 3268 non
1141 3202 1316 3286 excedant,
1352 3209 1503 3289 spectans
1532 3201 1574 3267 ad

244 3307 486 3393 dispositionem
518 3306 689 3393 preprositi
721 3307 858 3371 ecclesie
889 3308 1069 3375 Bunnensis
1097 3308 1207 3374 Gelon.
1238 3308 1333 3391 dioc,
1367 3308 1409 3375 ad
1443 3327 1574 3395 presens

244 3434 364 3480 vacans
396 3414 447 3480 vel
480 3414 624 3498 proxime
657 3419 854 3496 vacaturum,
890 3433 954 3478 non
987 3415 1135 3481 obstante
1162 3414 1249 3498 quod
1282 3415 1404 3501 patitur
1431 3416 1464 3480 in
1487 3422 1574 3481 etate

244 3519 408 3586 defectum
431 3521 464 3585 in
487 3519 640 3586 vicesimo
664 3519 760 3585 etatis
784 3540 867 3584 anno
884 3520 938 3587 vel
954 3521 1084 3587 circiter
1105 3524 1306 3607 constitutus,
1331 3521 1461 3608 proviso
1478 3519 1574 3607 quod,

243 3633 413 3713 postquam
446 3623 489 3691 ad
522 3632 641 3691 etatem
670 3624 713 3691 ad
743 3625 806 3692 hoc
829 3634 938 3712 aptam
962 3630 1154 3713 pervenerit,
1187 3648 1222 3695 se
1245 3630 1347 3695 faciat
1370 3627 1412 3695 ad
1437 3628 1574 3712 ordines,

244 3741 338 3820 prout
369 3734 471 3819 ipsius
502 3731 649 3798 beneficii
682 3751 760 3797 cura
791 3734 941 3818 requiret,
974 3735 1104 3801 statutis
1133 3756 1154 3801 a
1179 3736 1249 3802 iure
1277 3736 1475 3821 temporibus
1503 3754 1575 3821 pro-

243 3843 374 3908 moveri.
983 3898 985 3901 .

351 3948 447 4014 Sedis
475 3949 651 4034 apostolice
675 3949 986 4034 circumspecta...
1034 3950 1110 4015 Dat.
1135 3950 1228 4016 Avin.
1253 3950 1287 4015 II
1309 3970 1410 4016 nonas
1434 3949 1574 4016 octobris

243 4078 273 4122 a.
297 4054 500 4121 duodecimo.

350 4165 389 4228 In
410 4183 439 4229 e.
460 4185 502 4228 m.
531 4164 686 4248 magistro
710 4161 881 4248 Raynaldo
905 4162 947 4228 de
971 4163 1044 4229 liliis
1067 4164 1139 4230 Ursi
1163 4163 1391 4231 archidiacono
1416 4164 1457 4231 de
1481 4165 1573 4231 Gam-

242 4271 332 4356 pinia
354 4269 527 4335 Leodiensi
559 4271 684 4336 notario
716 4269 826 4355 papali
858 4276 891 4333 et
920 4269 1043 4335 decano
1067 4270 1102 4335 S.
1128 4270 1228 4336 Mario
1251 4269 1294 4336 ad
1318 4270 1438 4355 gradus
1462 4272 1573 4338 Colon.

244 4398 284 4443 ac
307 4379 430 4443 cantori
453 4375 563 4441 colon.
588 4376 806 4442 ecclesiarum.

402 4484 476 4551 ch.
494 4484 533 4535 85
550 4481 575 4550 f.
594 4482 643 4535 63¹
660 4498 709 4537 nr.
730 4482 793 4535 169.

347 4681 469 4748 12⁹3.
497 4684 581 4748 1327
606 4684 745 4749 October
767 4686 798 4748 4.
826 4684 991 4771 Aoiqaorr.

350 4805 511 4874 Iohannes
535 4807 634 4873 XXII
658 4809 768 4875 abbati
792 4810 978 4875 monasterii
1001 4809 1034 4876 S.
1060 4809 1289 4877 Panthaleonis
1313 4817 1346 4876 et
1368 4808 1402 4876 S.
1427 4810 1573 4877 Severini
