3642 5509
758 475 827 530 1334
844 474 918 530 Juni
937 473 979 530 23.
1473 479 1525 534 481

186 655 333 721 sitionem
357 657 485 722 abbatis
509 663 541 722 ct
565 661 741 722 conventus
764 656 961 722 monasterii.
1008 656 1041 722 S.
1060 655 1252 723 villebrordi
1274 657 1525 743 Epternacensis

187 762 255 828 ord.
280 762 313 828 S.
339 762 458 829 Bened.
506 765 637 829 Trever.
662 762 746 828 dioc.
772 764 982 829 communiter
1005 763 1057 828 vel
1079 763 1207 830 divisim
1231 772 1392 850 spectans.

293 871 459 937 Attributa
475 870 534 937 tibi
550 871 665 936 merita
677 919 684 934 .
698 919 726 935 ..
763 870 838 936 Dat.
856 870 951 936 Avin.
970 871 1066 936 VIIII
1082 871 1127 936 kl.
1140 871 1209 936 iulii
1226 893 1254 936 a.
1271 871 1524 941 decimooctavo.

293 979 331 1042 In
355 999 383 1044 e.
407 1000 449 1043 m.
473 979 585 1045 abbati
608 979 794 1044 monasterii
818 979 852 1044 S.
870 978 1000 1044 Martini
1024 985 1057 1044 et
1081 977 1206 1045 decano
1231 979 1265 1045 S.
1283 979 1410 1045 Paulini
1434 989 1526 1048 extra

186 1105 292 1151 muros
315 1086 447 1152 Trever.
472 1106 512 1151 ao
535 1086 707 1152 scolastico
732 1084 893 1152 Tullensis
917 1086 1139 1152 ecclesiarum.

336 1227 409 1296 Ray.
428 1228 485 1282 107
503 1243 551 1281 ar.
570 1227 638 1281 492.

289 1524 417 1591 2²0⁷.
450 1525 536 1590 1334
564 1526 651 1591 Just
674 1528 727 1590 23.
753 1523 918 1610 Avtqaon.

293 1666 452 1732 Iohannes
468 1665 567 1730 XXII
583 1665 612 1732 N
615 1665 718 1729 icolao
736 1662 777 1728 de
792 1662 1068 1748 Septemlontibus
1088 1661 1352 1731 consideracione
1369 1666 1522 1734 Iohannis

185 1775 316 1840 Boemie
352 1775 476 1840 confert
511 1773 590 1839 eccl.
627 1773 759 1838 Trever.
797 1771 1031 1851 canonicatum,
1067 1769 1265 1855 prebendam
1302 1792 1379 1838 vero
1416 1772 1521 1840 eidem

185 1889 339 1949 reservat.

292 1990 453 2058 Nobilitas
486 1989 632 2074 generis,
668 1988 766 2055 vite.
793 2035 834 2053 ..
886 1988 962 2053 Dat.
987 1989 1081 2054 Avin.
1107 1991 1203 2055 VIIII
1237 1989 1283 2054 kl.
1308 1990 1377 2055 iulii
1411 2010 1440 2054 a.
1466 1989 1520 2055 de-

185 2098 396 2164 cimooctavo.

291 2206 328 2270 ln
352 2224 380 2271 e.
404 2226 446 2270 m.
470 2204 582 2270 abbati
605 2203 792 2270 monasterii
827 2203 860 2269 S.
879 2202 1083 2270 willebrordi
1109 2205 1358 2290 Eptemacensis
1387 2205 1520 2271 Trever.

185 2313 268 2380 dioc.
293 2319 326 2379 et
349 2312 472 2379 decano
489 2312 522 2378 S.
540 2311 711 2398 Symeonis
727 2312 859 2377 Trever.
878 2331 918 2376 ac
940 2312 1110 2379 scolastico
1127 2313 1288 2379 Tullensis
1303 2313 1519 2380 ecclesiarum.

344 2458 419 2527 Ray.
438 2457 493 2511 107
511 2471 558 2509 ar.
581 2455 645 2510 419.

293 2765 420 2833 2208.
445 2768 530 2831 1334
554 2766 640 2831 Joai
663 2767 717 2829 23.
742 2764 907 2851 Aoiqooa.

293 2910 457 2974 Iohannes
481 2907 580 2973 XXII
608 2907 747 2972 Iohanni
781 2906 868 2972 dicto
902 2905 944 2972 de
968 2907 1106 2974 Orvaulz
1136 2909 1253 2974 clerico
1278 2910 1410 2975 Trevcr.
1435 2909 1519 2977 dioc.

185 3016 441 3083 consideratione
457 3015 614 3082 Iohannis
638 3015 867 3098 regisBoemie
891 3021 1035 3082 reservat
1059 3016 1247 3082 beneficIum
1265 3017 1519 3084 ecclesiasticum

185 3145 256 3190 eum
281 3144 358 3190 cura
382 3124 432 3189 vel
465 3122 534 3188 sine
567 3143 644 3187 cura
677 3127 862 3186 consuetum
897 3122 1023 3188 clericis
1055 3123 1252 3190 secularibus
1283 3124 1452 3210 assignari,
1477 3125 1520 3191 ad

183 3231 424 3318 dispositionem
448 3231 576 3296 abbatis
599 3236 632 3294 et
655 3233 832 3294 conventus
855 3229 1044 3295 monasterii
1060 3230 1094 3296 S.
1112 3230 1277 3295 Maximini
1295 3239 1388 3297 extra
1411 3252 1520 3298 muros

183 3341 398 3406 Treverenses
430 3336 498 3403 ord.
532 3337 565 3404 S.
591 3335 713 3401 Bcned.
738 3336 950 3402 communiter
981 3337 1032 3402 vel
1065 3337 1193 3404 divisim
1227 3345 1394 3423 spectans,
1428 3339 1519 3406 cuius

182 3449 314 3530 tructus,
338 3446 367 3513 si
391 3467 462 3512 oum
487 3465 573 3528 cura,
602 3444 783 3528 sexaginta,
819 3443 846 3510 si
871 3463 949 3510 vero
972 3445 1042 3510 sine
1066 3464 1143 3510 cura
1166 3445 1272 3530 fuerit,
1303 3445 1519 3530 quadraginta

182 3556 334 3623 librarum
358 3555 574 3620 turonensium
597 3571 769 3637 parvorum
793 3558 859 3616 st.
879 3549 1072 3617 dvalorem
1096 3573 1235 3618 annuum
1259 3572 1322 3618 non
1346 3553 1517 3620 excedant.

288 3664 453 3729 Attributa
468 3661 527 3726 tibi
544 3661 658 3726 merita
673 3709 680 3726 .
695 3709 724 3725 ..
756 3661 830 3725 Dat.
848 3659 944 3725 AvIn.
958 3660 1055 3724 VIIII
1071 3659 1116 3724 kl.
1130 3659 1199 3725 iulii
1216 3681 1245 3726 a.
1263 3659 1517 3729 decimooctavo.

289 3773 325 3836 In
361 3791 388 3836 e.
418 3792 458 3835 m.
493 3769 603 3835 abbati
638 3769 822 3834 monasterii
860 3768 896 3833 B.
928 3768 1029 3833 Maria
1062 3770 1094 3833 in
1127 3767 1350 3834 Lucemburch
1384 3769 1517 3836 Trever.

181 3879 266 3947 dioc.
291 3886 323 3945 et
347 3879 469 3944 cantori
492 3877 568 3942 Met.
593 3897 632 3942 ac
655 3875 825 3942 scolastico
850 3874 1012 3942 Tullensis
1036 3876 1254 3944 ecclesiarum.

334 4023 406 4091 Iley.
426 4021 480 4075 106
498 4035 545 4073 ur.
566 4020 650 4073 1065.

286 4323 415 4389 22⁰⁹.
449 4324 535 4388 1334
558 4323 644 4389 Juae'
672 4325 726 4387 27.
751 4319 946 4408 (Aviqaoo.)

285 4467 445 4534 Iohannes
468 4467 568 4532 XXII
592 4467 661 4550 regi
685 4467 816 4531 Boemie
840 4463 1045 4530 commendat
1076 4465 1266 4549 magistrum
1289 4462 1515 4549 Raymundnm

36 4575 49 4600 ’·
178 4575 231 4641 del
255 4576 353 4641 Casse
378 4574 533 4640 decanum
558 4573 796 4658 [lingonensem
821 4579 853 4638 et
877 4571 1091 4638 Bertrandum
1116 4573 1217 4638 (lariti
1252 4569 1514 4637 archidiaconum

177 4683 373 4749 Vaurensem
407 4681 586 4768 apostolice
619 4679 705 4747 sedis
729 4678 872 4764 nuncios,
907 4699 987 4762 quos
1018 4678 1160 4747 destinat
1183 4678 1226 4745 ad
1249 4698 1360 4763 regem
1383 4679 1515 4744 Boemie

33 4807 48 4830 r
176 4798 210 4858 et
233 4811 342 4876 regem
358 4790 494 4856 Francia
518 4809 577 4875 pro
599 4786 797 4872 exequendis
821 4787 893 4871 hiis,
919 4807 981 4871 que
1004 4787 1074 4853 fieri
1099 4786 1217 4854 debent
1232 4787 1326 4852 iuxta
1342 4792 1514 4853 tractatum

34 4830 45 4856 .

29 4911 47 4980 lu}

213 4939 334 4986 varran.
350 4939 478 4992 Roganten
492 4938 524 4984 ll.
1264 4917 1299 4974 31
