3642 5509
757 443 993 516 mmmm

312 650 446 717 2040.
482 652 568 716 1331
589 649 693 736 April
715 655 769 718 26.
794 651 960 738 Aoipooa.

313 785 474 852 Iohannes
497 787 596 851 XXII
629 798 705 852 nato
735 787 857 852 loffridi
888 788 1014 853 comitis
1041 787 1083 852 de
1107 787 1277 872 Lyningen
1307 785 1430 851 confert
1459 785 1538 851 eccl.

207 893 338 958 Trever.
372 894 607 975 canonicatum,
641 894 836 979 prebendam
869 916 947 962 vcro
982 893 1086 960 eidem
1117 901 1271 970 reservet,
1304 894 1539 958 nonobstante

206 1000 292 1081 quod
320 1020 378 1085 per
406 1002 581 1086 capitulum
606 1002 684 1066 ecel.
709 1000 870 1084 Spirensis
902 1004 935 1066 in
969 1001 1156 1067 canonicum
1192 1002 1292 1086 ipsius
1324 1000 1461 1066 ecclesie
1490 1007 1539 1066 est

205 1117 355 1193 receptus
382 1129 421 1172 ae
449 1109 481 1172 in
506 1109 732 1191 Argentinensi
763 1109 842 1173 ecel.
875 1109 1097 1174 canonicatum
1127 1115 1160 1173 et
1183 1107 1378 1192 prebendam
1402 1108 1461 1172 sub
1486 1127 1538 1170 ex-

206 1217 390 1300 pectatione
413 1214 582 1299 dignitatis
606 1223 796 1301 personatus
813 1217 863 1281 vel
886 1216 982 1281 officii
999 1217 1192 1281 auctoritate
1208 1215 1388 1300 apostolica
1404 1215 1537 1279 obtinet.

311 1323 473 1390 Nobilitas
495 1324 633 1408 generis,
658 1343 856 1389 morum...
904 1324 980 1388 Dat.
1005 1323 1100 1388 Avin.
1126 1323 1171 1387 VI
1195 1322 1239 1388 kl.
1264 1323 1339 1388 maii
1363 1343 1393 1387 a.
1416 1323 1538 1404 quinto·

206 1429 341 1496 decimo.

312 1539 350 1602 In
374 1558 402 1603 e.
426 1559 466 1602 nr.
501 1537 614 1603 abbati
644 1539 828 1604 monasterii
852 1539 1106 1624 Lynrpurgensis
1130 1537 1372 1603 Wormatieusis
1397 1535 1479 1602 dioc.
1505 1543 1538 1601 et

205 1644 327 1713 decano
352 1644 385 1710 S.
403 1645 573 1729 Symeonis
598 1646 729 1710 Trever.
754 1665 793 1710 ac
817 1645 936 1712 Iacobo
961 1645 1001 1711 de
1020 1645 1141 1711 Mutina
1165 1643 1335 1710 scolastico
1360 1643 1439 1709 eccl.
1465 1643 1538 1707 Tul-

205 1751 311 1819 lensis.

365 1860 439 1928 ch.
460 1858 540 1928 99f.
560 1858 605 1913 to
623 1874 670 1913 ar.
690 1862 768 1913 1165.

308 2113 436 2182 2041.
473 2119 558 2182 1331
583 2119 657 2181 Mai
681 2120 733 2182 12.
759 2115 952 2204 (Aoipooo).

312 2258 485 2342 [Iohannes
508 2259 620 2344 XXII]
645 2261 715 2343 regi
740 2260 880 2325 Beemie.

312 2367 512 2431 Excellentie
542 2368 631 2450 regie
660 2368 793 2433 nuncios
818 2368 955 2451 benigne
979 2369 1157 2454 recepimus
1181 2377 1237 2434 et.
1257 2419 1264 2433 .
1283 2419 1290 2434 .
1307 2369 1352 2451 id,
1377 2367 1462 2451 quod
1486 2388 1536 2433 ec·

205 2473 302 2538 elesie
318 2475 471 2556 regioque
488 2474 726 2557 magnificentie
750 2473 905 2559 expedire
922 2474 1070 2550 vidimus,
1096 2474 1244 2541 duximus
1267 2475 1535 2561 respondendum,

201 2581 285 2645 sicut
316 2579 413 2644 iidem
446 2581 552 2646 nuncii
586 2580 769 2647 eelsitudini
804 2582 891 2664 regie
924 2581 1066 2667 pendere
1099 2584 1250 2648 seriosius
1279 2589 1437 2668 poterunt,
1474 2601 1535 2664 que

202 2707 259 2751 nos
283 2693 413 2772 propter
437 2688 559 2754 viarum
582 2688 726 2773 pericula
749 2689 911 2754 omisimus
936 2689 1138 2773 presentibus
1161 2696 1326 2756 annotare.
1376 2691 1450 2756 Dat.
1469 2689 1535 2755 IIII

202 2792 274 2858 idus
297 2793 374 2858 maii
397 2815 427 2858 a.
449 2794 521 2859 XV.

362 2919 435 2989 Regu.
454 2921 509 2972 116
525 2919 549 2989 f.
568 2920 607 2974 80
624 2935 671 2973 or.
692 2921 758 2974 372.

308 3170 436 3237 2042.
474 3173 559 3237 1331
584 3174 658 3238 Mai
682 3175 734 3238 13.
760 3171 951 3277 (Aoipaoo.)

307 3312 468 3380 Iohannes
492 3315 591 3380 XXII
615 3313 761 3381 Gerardo
786 3315 827 3379 de
847 3314 1087 3400 ‘Ameronghcm
1117 3316 1169 3399 qui
1195 3315 1317 3400 pridem
1343 3315 1534 3382 decanatuum

202 3418 281 3484 eccl.
305 3421 339 3486 S.
358 3420 538 3488 Salvatoris
562 3422 705 3488 Traieet.
730 3423 906 3506 resignavit
937 3421 968 3486 in
994 3423 1083 3488 ouria
1107 3422 1263 3505 Romana,
1288 3425 1413 3490 confert
1438 3425 1535 3507 quod-

202 3524 276 3590 dam
300 3535 489 3612 perpetuum
515 3527 702 3595 beneficium
734 3536 922 3615 personatus
947 3529 1122 3613 vulgariter
1145 3539 1373 3616 nuncupatum,
1398 3531 1432 3596 in
1455 3531 1534 3598 eccl.

201 3631 243 3698 de
266 3633 454 3700 blaisbomel
477 3634 587 3701 Oolon.
618 3636 714 3719 dioc,
744 3635 829 3720 quod
853 3636 1038 3720 Rutgberus
1064 3637 1259 3704 Vrenwcrde
1288 3659 1371 3704 nune
1400 3639 1535 3704 coeleste

201 3740 235 3808 S.
260 3742 438 3808 Salvatoris
471 3743 617 3828 predicte
650 3745 793 3812 decanus
826 3765 925 3810 eausa
958 3745 1201 3830 permutationis
1234 3747 1266 3810 in
1300 3744 1412 3811 eadem
1446 3747 1535 3812 curia

201 3848 388 3932 resignavit.

306 3957 494 4043 Apostolicc
517 3958 604 4026 sedis
628 3961 863 4046 circumspecta
889 4009 895 4023 .
925 4010 933 4025 .
959 4011 967 4026 .
1015 3961 1089 4025 Dat.
1116 3961 1210 4026 Avin.
1235 3960 1283 4024 III
1309 3959 1381 4026 idus
1404 3961 1480 4025 maii
1504 3981 1533 4027 a.

201 4064 448 4146 quintodecimo.

306 4171 344 4236 In
368 4191 395 4240 e.
418 4193 459 4238 nr.
493 4173 527 4239 S.
550 4175 651 4240 llario
675 4175 717 4240 ad
741 4175 863 4259 gradus
887 4175 999 4242 Oolon.
1026 4182 1058 4240 et
1082 4176 1115 4241 S.
1141 4175 1228 4240 Petri
1251 4173 1393 4241 Traiect.
1423 4195 1535 4260 propo-

200 4277 332 4343 sitisse
356 4279 507 4346 Ariberto
531 4280 572 4347 de
595 4282 786 4350 Bostricben
810 4285 965 4350 canonico
990 4282 1131 4348 eiusdem
1149 4283 1289 4348 Traiect.
1314 4284 1532 4348 eeclesiarum.

364 4403 434 4473 ch.
454 4405 492 4458 97
510 4421 557 4459 ar.
578 4407 643 4461 371.

303 4673 431 4741 2043.
457 4678 543 4742 1331
570 4678 643 4744 Mai
664 4682 718 4744 23.
743 4679 909 4765 Aoipaorr.

306 4817 466 4885 Iohannes
491 4820 589 4886 XXII
613 4822 856 4909 archiepiscopo
880 4823 1068 4908 Mogontino
1101 4823 1242 4910 mandat,
1279 4825 1427 4908 quatinus
1461 4842 1532 4889 cum
