<?xml version="1.0" encoding="UTF-8"?>
<!DOCTYPE html PUBLIC "-//W3C//DTD XHTML 1.0 Transitional//EN"
    "http://www.w3.org/TR/xhtml1/DTD/xhtml1-transitional.dtd">
<html xmlns="http://www.w3.org/1999/xhtml" xml:lang="en" lang="en">
 <head>
  <title>
</title>
<meta http-equiv="Content-Type" content="text/html;charset=utf-8" />
  <meta name='ocr-system' content='tesseract 3.04.00' />
  <meta name='ocr-capabilities' content='ocr_page ocr_carea ocr_par ocr_line ocrx_word'/>
</head>
<body>
  <div class='ocr_page' id='page_1' title='image "./urkundenundrege00thimgoog_0323.png"; bbox 0 0 3642 5509; ppageno 0'>
   <div class='ocr_carea' id='block_1_1' title="bbox 739 453 1038 510">
    <p class='ocr_par' dir='ltr' id='par_1_1' title="bbox 739 453 1038 510">
     <span class='ocr_line' id='line_1_1' title="bbox 739 453 1038 510; baseline 0 -2"><span class='ocrx_word' id='word_1_1' title='bbox 739 453 808 509; x_wconf 76' lang='lat'>1329</span> <span class='ocrx_word' id='word_1_2' title='bbox 826 453 994 510; x_wconf 75' lang='lat' dir='ltr'>December</span> <span class='ocrx_word' id='word_1_3' title='bbox 1014 453 1038 508; x_wconf 89' lang='grc'><em>6.</em></span> 
     </span>
    </p>
   </div>
   <div class='ocr_carea' id='block_1_2' title="bbox 344 673 1025 762">
    <p class='ocr_par' dir='ltr' id='par_1_2' title="bbox 344 673 1025 762">
     <span class='ocr_line' id='line_1_2' title="bbox 344 673 1025 762; baseline 0 -22"><span class='ocrx_word' id='word_1_4' title='bbox 344 674 461 741; x_wconf 79' lang='lat'>1812.</span> <span class='ocrx_word' id='word_1_5' title='bbox 489 677 574 740; x_wconf 85' lang='lat'><em>1329</em></span> <span class='ocrx_word' id='word_1_6' title='bbox 597 676 781 742; x_wconf 84' lang='lat' dir='ltr'><strong><em>December</em></strong></span> <span class='ocrx_word' id='word_1_7' title='bbox 803 679 835 741; x_wconf 87' lang='lat'><em>6.</em></span> <span class='ocrx_word' id='word_1_8' title='bbox 860 673 1025 762; x_wconf 80' lang='lat' dir='ltr'><em>Auipnon.</em></span> 
     </span>
    </p>
   </div>
   <div class='ocr_carea' id='block_1_3' title="bbox 237 815 1572 1336">
    <p class='ocr_par' dir='ltr' id='par_1_3' title="bbox 237 815 1572 1336">
     <span class='ocr_line' id='line_1_3' title="bbox 343 815 1572 904; baseline -0.002 -21"><span class='ocrx_word' id='word_1_9' title='bbox 343 820 510 884; x_wconf 75' lang='lat' dir='ltr'><em>Iohannes</em></span> <span class='ocrx_word' id='word_1_10' title='bbox 535 820 645 883; x_wconf 87' lang='lat' dir='ltr'><em>XXII</em></span> <span class='ocrx_word' id='word_1_11' title='bbox 670 819 858 884; x_wconf 85' lang='lat' dir='ltr'><em>Henderico</em></span> <span class='ocrx_word' id='word_1_12' title='bbox 877 819 1052 904; x_wconf 76' lang='lat' dir='ltr'><em>preposito</em></span> <span class='ocrx_word' id='word_1_13' title='bbox 1077 818 1111 883; x_wconf 80' lang='lat' dir='ltr'><em>S.</em></span> <span class='ocrx_word' id='word_1_14' title='bbox 1138 817 1291 884; x_wconf 77' lang='lat' dir='ltr'><em>Severini</em></span> <span class='ocrx_word' id='word_1_15' title='bbox 1317 816 1429 884; x_wconf 89' lang='lat' dir='ltr'><em>Colon.</em></span> <span class='ocrx_word' id='word_1_16' title='bbox 1455 823 1485 881; x_wconf 91' lang='lat' dir='ltr'><em>et</em></span> <span class='ocrx_word' id='word_1_17' title='bbox 1509 815 1572 881; x_wconf 82' lang='lat' dir='ltr'><em>Co-</em></span> 
     </span>
     <span class='ocr_line' id='line_1_4' title="bbox 238 923 1570 1013; baseline -0.005 -21"><span class='ocrx_word' id='word_1_18' title='bbox 238 927 390 992; x_wconf 85' lang='lat' dir='ltr'><em>desculco</em></span> <span class='ocrx_word' id='word_1_19' title='bbox 412 928 453 992; x_wconf 85' lang='lat' dir='ltr'><em>cle</em></span> <span class='ocrx_word' id='word_1_20' title='bbox 469 928 626 1013; x_wconf 82' lang='lat' dir='ltr'><em>Barbepb</em></span> <span class='ocrx_word' id='word_1_21' title='bbox 648 928 800 993; x_wconf 83' lang='lat' dir='ltr'><em>concedit</em></span> <span class='ocrx_word' id='word_1_22' title='bbox 820 926 1033 1013; x_wconf 78' lang='lat' dir='ltr'><em>facultatem,</em></span> <span class='ocrx_word' id='word_1_23' title='bbox 1059 931 1097 991; x_wconf 88' lang='lat' dir='ltr'><em>nt</em></span> <span class='ocrx_word' id='word_1_24' title='bbox 1113 927 1362 1011; x_wconf 73' lang='lat' dir='ltr'><em>arclnepiscopo</em></span> <span class='ocrx_word' id='word_1_25' title='bbox 1382 923 1570 991; x_wconf 75' lang='lat' dir='ltr'><em>Coloniensi</em></span> 
     </span>
     <span class='ocr_line' id='line_1_5' title="bbox 239 1032 1571 1121; baseline -0.004 -21"><span class='ocrx_word' id='word_1_26' title='bbox 239 1037 373 1120; x_wconf 79' lang='lat' dir='ltr'><em>eiusque</em></span> <span class='ocrx_word' id='word_1_27' title='bbox 404 1036 631 1121; x_wconf 81' lang='lat' dir='ltr'><em>suffrupuneis</em></span> <span class='ocrx_word' id='word_1_28' title='bbox 663 1041 821 1120; x_wconf 78' lang='lat' dir='ltr'><em>quartani</em></span> <span class='ocrx_word' id='word_1_29' title='bbox 853 1036 921 1099; x_wconf 85' lang='lat' dir='ltr'><em>siue</em></span> <span class='ocrx_word' id='word_1_30' title='bbox 955 1035 1089 1100; x_wconf 83' lang='lat' dir='ltr'><em>tertium</em></span> <span class='ocrx_word' id='word_1_31' title='bbox 1113 1042 1251 1119; x_wconf 80' lang='lat' dir='ltr'><em>purtem</em></span> <span class='ocrx_word' id='word_1_32' title='bbox 1278 1035 1455 1121; x_wconf 81' lang='lat' dir='ltr'><em>fructuum</em></span> <span class='ocrx_word' id='word_1_33' title='bbox 1480 1032 1571 1097; x_wconf 88' lang='lat' dir='ltr'><em>bene·</em></span> 
     </span>
     <span class='ocr_line' id='line_1_6' title="bbox 237 1141 1570 1228; baseline -0.002 -22"><span class='ocrx_word' id='word_1_34' title='bbox 237 1144 393 1228; x_wconf 77' lang='lat' dir='ltr'><em>fitiorum</em></span> <span class='ocrx_word' id='word_1_35' title='bbox 423 1143 721 1208; x_wconf 78' lang='lat' dir='ltr'><em>ecclesiasticorum</em></span> <span class='ocrx_word' id='word_1_36' title='bbox 749 1145 784 1207; x_wconf 91' lang='lat' dir='ltr'><em>in</em></span> <span class='ocrx_word' id='word_1_37' title='bbox 807 1144 988 1228; x_wconf 83' lang='lat' dir='ltr'><em>prouincia</em></span> <span class='ocrx_word' id='word_1_38' title='bbox 1014 1142 1204 1210; x_wconf 77' lang='lat' dir='ltr'><em>Coloniensi</em></span> <span class='ocrx_word' id='word_1_39' title='bbox 1221 1163 1288 1228; x_wconf 77' lang='lat' dir='ltr'><em>per</em></span> <span class='ocrx_word' id='word_1_40' title='bbox 1312 1141 1494 1206; x_wconf 82' lang='lat' dir='ltr'><em>trienninm</em></span> <span class='ocrx_word' id='word_1_41' title='bbox 1517 1159 1570 1204; x_wconf 87' lang='lat' dir='ltr'><em>ua·</em></span> 
     </span>
     <span class='ocr_line' id='line_1_7' title="bbox 240 1251 1443 1336; baseline -0.002 -20"><span class='ocrx_word' id='word_1_42' title='bbox 240 1252 389 1316; x_wconf 84' lang='lat' dir='ltr'><em>cuntium</em></span> <span class='ocrx_word' id='word_1_43' title='bbox 413 1259 444 1316; x_wconf 86' lang='lat' dir='ltr'><em>et</em></span> <span class='ocrx_word' id='word_1_44' title='bbox 468 1272 598 1316; x_wconf 87' lang='lat' dir='ltr'><em>comere</em></span> <span class='ocrx_word' id='word_1_45' title='bbox 622 1251 803 1336; x_wconf 81' lang='lat' dir='ltr'><em>apostolice</em></span> <span class='ocrx_word' id='word_1_46' title='bbox 825 1259 1073 1317; x_wconf 81' lang='lat' dir='ltr'><em>reseruatornm</em></span> <span class='ocrx_word' id='word_1_47' title='bbox 1097 1252 1274 1317; x_wconf 84' lang='lat' dir='ltr'><em>concedere</em></span> <span class='ocrx_word' id='word_1_48' title='bbox 1297 1251 1443 1316; x_wconf 81' lang='lat' dir='ltr'><em>ualeant.</em></span> 
     </span>
    </p>
   </div>
   <div class='ocr_carea' id='block_1_4' title="bbox 239 1373 1576 4354">
    <p class='ocr_par' dir='ltr' id='par_1_4' title="bbox 239 1373 1572 1657">
     <span class='ocr_line' id='line_1_8' title="bbox 347 1373 1572 1462; baseline -0.001 -21"><span class='ocrx_word' id='word_1_49' title='bbox 347 1375 520 1461; x_wconf 84' lang='lat' dir='ltr'><em>[Iohannes</em></span> <span class='ocrx_word' id='word_1_50' title='bbox 549 1376 660 1461; x_wconf 87' lang='lat' dir='ltr'>XXII]</span> <span class='ocrx_word' id='word_1_51' title='bbox 693 1375 874 1443; x_wconf 87' lang='lat' dir='ltr'><em>Henderico</em></span> <span class='ocrx_word' id='word_1_52' title='bbox 898 1378 1062 1462; x_wconf 85' lang='lat' dir='ltr'><em>preposito</em></span> <span class='ocrx_word' id='word_1_53' title='bbox 1087 1376 1120 1443; x_wconf 87' lang='lat' dir='ltr'><em>S.</em></span> <span class='ocrx_word' id='word_1_54' title='bbox 1146 1375 1293 1442; x_wconf 86' lang='lat' dir='ltr'><em>Severini</em></span> <span class='ocrx_word' id='word_1_55' title='bbox 1318 1373 1516 1443; x_wconf 88' lang='lat' dir='ltr'><em>Coloniensis</em></span> <span class='ocrx_word' id='word_1_56' title='bbox 1539 1381 1572 1440; x_wconf 89' lang='lat' dir='ltr'><em>et</em></span> 
     </span>
     <span class='ocr_line' id='line_1_9' title="bbox 240 1481 1571 1568; baseline -0.003 -18"><span class='ocrx_word' id='word_1_57' title='bbox 240 1482 443 1550; x_wconf 81' lang='lat' dir='ltr'><em>Godescalco</em></span> <span class='ocrx_word' id='word_1_58' title='bbox 467 1483 525 1550; x_wconf 89' lang='lat' dir='ltr'><em>der</em></span> <span class='ocrx_word' id='word_1_59' title='bbox 547 1483 698 1568; x_wconf 83' lang='lat' dir='ltr'><em>Barbegb</em></span> <span class='ocrx_word' id='word_1_60' title='bbox 723 1485 925 1566; x_wconf 78' lang='lat' dir='ltr'><em>(Brubeolet)</em></span> <span class='ocrx_word' id='word_1_61' title='bbox 954 1484 1125 1550; x_wconf 87' lang='lat' dir='ltr'><em>scolastico</em></span> <span class='ocrx_word' id='word_1_62' title='bbox 1150 1483 1329 1552; x_wconf 73' lang='lat' dir='ltr'><em>Hennensis</em></span> <span class='ocrx_word' id='word_1_63' title='bbox 1352 1484 1462 1550; x_wconf 82' lang='lat' dir='ltr'><em>Calon.</em></span> <span class='ocrx_word' id='word_1_64' title='bbox 1487 1481 1571 1548; x_wconf 89' lang='lat' dir='ltr'><em>dioc.</em></span> 
     </span>
     <span class='ocr_line' id='line_1_10' title="bbox 239 1591 1413 1657; baseline -0.005 0"><span class='ocrx_word' id='word_1_65' title='bbox 239 1591 459 1657; x_wconf 86' lang='lat' dir='ltr'><em>ecclesiarum.</em></span> <span class='ocrx_word' id='word_1_66' title='bbox 1412 1605 1413 1610; x_wconf 47' lang='lat'>¹</span> 
     </span>
    </p>

    <p class='ocr_par' dir='ltr' id='par_1_5' title="bbox 240 1697 1576 4138">
     <span class='ocr_line' id='line_1_11' title="bbox 311 1697 1573 1784; baseline -0.002 -20"><span class='ocrx_word' id='word_1_67' title='bbox 311 1774 313 1779; x_wconf 45' lang='grc'>,</span> <span class='ocrx_word' id='word_1_68' title='bbox 347 1698 477 1764; x_wconf 88' lang='lat' dir='ltr'><em>Pridem</em></span> <span class='ocrx_word' id='word_1_69' title='bbox 502 1720 559 1784; x_wconf 91' lang='lat' dir='ltr'><em>pru</em></span> <span class='ocrx_word' id='word_1_70' title='bbox 584 1700 709 1784; x_wconf 83' lang='lat' dir='ltr'><em>magnis</em></span> <span class='ocrx_word' id='word_1_71' title='bbox 725 1699 864 1766; x_wconf 85' lang='lat' dir='ltr'><em>ecclesie</em></span> <span class='ocrx_word' id='word_1_72' title='bbox 880 1699 1025 1765; x_wconf 81' lang='lat' dir='ltr'><em>Romane</em></span> <span class='ocrx_word' id='word_1_73' title='bbox 1049 1699 1320 1766; x_wconf 86' lang='lat' dir='ltr'><em>necessitutibus.</em></span> <span class='ocrx_word' id='word_1_74' title='bbox 1340 1697 1573 1765; x_wconf 85' lang='lat' dir='ltr'><em>..relevandis</em></span> 
     </span>
     <span class='ocr_line' id='line_1_12' title="bbox 240 1806 1572 1892; baseline 0.001 -21"><span class='ocrx_word' id='word_1_75' title='bbox 240 1806 363 1874; x_wconf 87' lang='lat' dir='ltr'><em>tructus</em></span> <span class='ocrx_word' id='word_1_76' title='bbox 380 1856 387 1873; x_wconf 88' lang='lat'><em>.</em></span> <span class='ocrx_word' id='word_1_77' title='bbox 407 1856 413 1871; x_wconf 92' lang='lat'><em>.</em></span> <span class='ocrx_word' id='word_1_78' title='bbox 433 1855 440 1871; x_wconf 93' lang='lat'><strong>.</strong></span> <span class='ocrx_word' id='word_1_79' title='bbox 462 1806 689 1873; x_wconf 87' lang='lat' dir='ltr'><em>beneficiorum</em></span> <span class='ocrx_word' id='word_1_80' title='bbox 712 1807 1000 1873; x_wconf 87' lang='lat' dir='ltr'><em>ecclesiasticorum</em></span> <span class='ocrx_word' id='word_1_81' title='bbox 1026 1808 1058 1872; x_wconf 92' lang='lat' dir='ltr'><em>in</em></span> <span class='ocrx_word' id='word_1_82' title='bbox 1082 1808 1214 1873; x_wconf 88' lang='lat' dir='ltr'><em>civitate</em></span> <span class='ocrx_word' id='word_1_83' title='bbox 1237 1828 1276 1873; x_wconf 91' lang='lat' dir='ltr'><em>ac</em></span> <span class='ocrx_word' id='word_1_84' title='bbox 1300 1806 1422 1873; x_wconf 88' lang='lat' dir='ltr'><em>diocesi</em></span> <span class='ocrx_word' id='word_1_85' title='bbox 1446 1813 1479 1873; x_wconf 90' lang='lat' dir='ltr'><em>et</em></span> <span class='ocrx_word' id='word_1_86' title='bbox 1502 1827 1572 1892; x_wconf 90' lang='lat' dir='ltr'><em>pro-</em></span> 
     </span>
     <span class='ocr_line' id='line_1_13' title="bbox 240 1914 1572 1999; baseline -0.003 -17"><span class='ocrx_word' id='word_1_87' title='bbox 240 1915 347 1982; x_wconf 89' lang='lat' dir='ltr'><em>vincia</em></span> <span class='ocrx_word' id='word_1_88' title='bbox 371 1915 553 1980; x_wconf 78' lang='lat' dir='ltr'><em>Coloniensi</em></span> <span class='ocrx_word' id='word_1_89' title='bbox 583 1921 659 1979; x_wconf 88' lang='lat' dir='ltr'><em>tunc</em></span> <span class='ocrx_word' id='word_1_90' title='bbox 683 1916 865 1980; x_wconf 86' lang='lat' dir='ltr'><em>vacantium</em></span> <span class='ocrx_word' id='word_1_91' title='bbox 890 1921 922 1979; x_wconf 90' lang='lat' dir='ltr'><em>et</em></span> <span class='ocrx_word' id='word_1_92' title='bbox 946 1935 1007 1999; x_wconf 90' lang='lat' dir='ltr'><em>que</em></span> <span class='ocrx_word' id='word_1_93' title='bbox 1031 1934 1132 1999; x_wconf 89' lang='lat' dir='ltr'><em>usque</em></span> <span class='ocrx_word' id='word_1_94' title='bbox 1156 1914 1199 1980; x_wconf 88' lang='lat' dir='ltr'><em>ad</em></span> <span class='ocrx_word' id='word_1_95' title='bbox 1230 1915 1400 1979; x_wconf 89' lang='lat' dir='ltr'><em>triennium</em></span> <span class='ocrx_word' id='word_1_96' title='bbox 1424 1915 1572 1997; x_wconf 88' lang='lat' dir='ltr'><em>qualiter·</em></span> 
     </span>
     <span class='ocr_line' id='line_1_14' title="bbox 241 2020 1573 2106; baseline -0.001 -18"><span class='ocrx_word' id='word_1_97' title='bbox 241 2041 376 2104; x_wconf 85' lang='lat' dir='ltr'><em>cumque</em></span> <span class='ocrx_word' id='word_1_98' title='bbox 400 2028 433 2086; x_wconf 90' lang='lat' dir='ltr'><em>et</em></span> <span class='ocrx_word' id='word_1_99' title='bbox 456 2023 729 2103; x_wconf 89' lang='lat' dir='ltr'><em>ubicumque...</em></span> <span class='ocrx_word' id='word_1_100' title='bbox 752 2042 870 2087; x_wconf 88' lang='lat' dir='ltr'><em>vacare</em></span> <span class='ocrx_word' id='word_1_101' title='bbox 894 2023 1084 2106; x_wconf 88' lang='lat' dir='ltr'><em>contigeret,</em></span> <span class='ocrx_word' id='word_1_102' title='bbox 1107 2071 1165 2087; x_wconf 90' lang='lat'><em>...</em></span> <span class='ocrx_word' id='word_1_103' title='bbox 1189 2020 1401 2088; x_wconf 86' lang='lat' dir='ltr'><em>reservandos</em></span> <span class='ocrx_word' id='word_1_104' title='bbox 1424 2020 1573 2087; x_wconf 81' lang='lat' dir='ltr'><em>drvximus</em></span> 
     </span>
     <span class='ocr_line' id='line_1_15' title="bbox 241 2118 1572 2214; baseline 0 -20"><span class='ocrx_word' id='word_1_105' title='bbox 241 2136 273 2194; x_wconf 91' lang='lat' dir='ltr'><em>et</em></span> <span class='ocrx_word' id='word_1_106' title='bbox 296 2135 403 2194; x_wconf 90' lang='lat' dir='ltr'><em>nostre</em></span> <span class='ocrx_word' id='word_1_107' title='bbox 436 2118 562 2194; x_wconf 90' lang='lat' dir='ltr'><em>camere</em></span> <span class='ocrx_word' id='word_1_108' title='bbox 590 2128 812 2214; x_wconf 88' lang='lat' dir='ltr'><em>applicandos,</em></span> <span class='ocrx_word' id='word_1_109' title='bbox 843 2130 935 2195; x_wconf 89' lang='lat' dir='ltr'><em>vobis</em></span> <span class='ocrx_word' id='word_1_110' title='bbox 958 2128 1131 2196; x_wconf 88' lang='lat' dir='ltr'><em>eorundem</em></span> <span class='ocrx_word' id='word_1_111' title='bbox 1155 2131 1316 2195; x_wconf 81' lang='lat' dir='ltr'><em>fructuum</em></span> <span class='ocrx_word' id='word_1_112' title='bbox 1347 2178 1354 2194; x_wconf 93' lang='lat'><em>.</em></span> <span class='ocrx_word' id='word_1_113' title='bbox 1385 2179 1392 2194; x_wconf 92' lang='lat'>.</span> <span class='ocrx_word' id='word_1_114' title='bbox 1423 2179 1429 2194; x_wconf 94' lang='lat'><em>.</em></span> <span class='ocrx_word' id='word_1_115' title='bbox 1459 2128 1572 2194; x_wconf 91' lang='lat' dir='ltr'><em>collec-</em></span> 
     </span>
     <span class='ocr_line' id='line_1_16' title="bbox 240 2236 1571 2322; baseline 0.001 -21"><span class='ocrx_word' id='word_1_116' title='bbox 240 2236 364 2302; x_wconf 88' lang='lat' dir='ltr'><em>toribus</em></span> <span class='ocrx_word' id='word_1_117' title='bbox 397 2256 454 2320; x_wconf 89' lang='lat' dir='ltr'><em>pro</em></span> <span class='ocrx_word' id='word_1_118' title='bbox 487 2243 575 2302; x_wconf 87' lang='lat' dir='ltr'><em>certo</em></span> <span class='ocrx_word' id='word_1_119' title='bbox 608 2242 752 2322; x_wconf 88' lang='lat' dir='ltr'><em>ternpore</em></span> <span class='ocrx_word' id='word_1_120' title='bbox 785 2237 957 2322; x_wconf 89' lang='lat' dir='ltr'><em>deputatis.</em></span> <span class='ocrx_word' id='word_1_121' title='bbox 1016 2238 1094 2304; x_wconf 87' lang='lat' dir='ltr'><em>Cum</em></span> <span class='ocrx_word' id='word_1_122' title='bbox 1124 2244 1242 2320; x_wconf 87' lang='lat' dir='ltr'><em>autem,</em></span> <span class='ocrx_word' id='word_1_123' title='bbox 1272 2237 1355 2303; x_wconf 90' lang='lat' dir='ltr'><em>sicut</em></span> <span class='ocrx_word' id='word_1_124' title='bbox 1379 2237 1571 2321; x_wconf 88' lang='lat' dir='ltr'><em>accepimus,</em></span> 
     </span>
     <span class='ocr_line' id='line_1_17' title="bbox 240 2342 1573 2428; baseline 0.002 -21"><span class='ocrx_word' id='word_1_125' title='bbox 240 2350 306 2408; x_wconf 91' lang='lat' dir='ltr'><em>tam</em></span> <span class='ocrx_word' id='word_1_126' title='bbox 325 2391 332 2407; x_wconf 89' lang='lat'><strong>.</strong></span> <span class='ocrx_word' id='word_1_127' title='bbox 351 2391 358 2406; x_wconf 92' lang='lat'>.</span> <span class='ocrx_word' id='word_1_128' title='bbox 377 2393 384 2408; x_wconf 93' lang='lat'><strong>.</strong></span> <span class='ocrx_word' id='word_1_129' title='bbox 406 2342 668 2428; x_wconf 81' lang='lat' dir='ltr'><em>archiepiscopus</em></span> <span class='ocrx_word' id='word_1_130' title='bbox 692 2343 890 2411; x_wconf 87' lang='lat' dir='ltr'><em>Coloniensis</em></span> <span class='ocrx_word' id='word_1_131' title='bbox 914 2365 1008 2427; x_wconf 86' lang='lat' dir='ltr'><em>quem</em></span> <span class='ocrx_word' id='word_1_132' title='bbox 1034 2347 1102 2410; x_wconf 84' lang='lat' dir='ltr'><em>clus</em></span> <span class='ocrx_word' id='word_1_133' title='bbox 1125 2344 1321 2426; x_wconf 84' lang='lat' dir='ltr'><em>suffraganei</em></span> <span class='ocrx_word' id='word_1_134' title='bbox 1345 2343 1443 2409; x_wconf 85' lang='lat' dir='ltr'><em>variis</em></span> <span class='ocrx_word' id='word_1_135' title='bbox 1467 2363 1573 2409; x_wconf 89' lang='lat' dir='ltr'><em>neces·</em></span> 
     </span>
     <span class='ocr_line' id='line_1_18' title="bbox 241 2450 1571 2534; baseline 0 -19"><span class='ocrx_word' id='word_1_136' title='bbox 241 2451 391 2516; x_wconf 83' lang='lat' dir='ltr'><em>sitatibus</em></span> <span class='ocrx_word' id='word_1_137' title='bbox 413 2451 641 2534; x_wconf 86' lang='lat' dir='ltr'><em>opprimantur,</em></span> <span class='ocrx_word' id='word_1_138' title='bbox 675 2470 743 2534; x_wconf 85' lang='lat' dir='ltr'><em>nos,</em></span> <span class='ocrx_word' id='word_1_139' title='bbox 777 2450 853 2516; x_wconf 89' lang='lat' dir='ltr'><em>licet</em></span> <span class='ocrx_word' id='word_1_140' title='bbox 881 2471 988 2517; x_wconf 90' lang='lat' dir='ltr'><em>eorum</em></span> <span class='ocrx_word' id='word_1_141' title='bbox 1017 2453 1050 2516; x_wconf 90' lang='lat' dir='ltr'><em>in</em></span> <span class='ocrx_word' id='word_1_142' title='bbox 1079 2457 1169 2517; x_wconf 89' lang='lat' dir='ltr'><em>tante</em></span> <span class='ocrx_word' id='word_1_143' title='bbox 1198 2451 1399 2516; x_wconf 88' lang='lat' dir='ltr'><em>necessitatis</em></span> <span class='ocrx_word' id='word_1_144' title='bbox 1429 2450 1571 2516; x_wconf 89' lang='lat' dir='ltr'><em>eiusdem</em></span> 
     </span>
     <span class='ocr_line' id='line_1_19' title="bbox 242 2556 1573 2642; baseline 0.001 -19"><span class='ocrx_word' id='word_1_145' title='bbox 242 2557 379 2623; x_wconf 90' lang='lat' dir='ltr'><em>ecclesie</em></span> <span class='ocrx_word' id='word_1_146' title='bbox 411 2557 556 2622; x_wconf 86' lang='lat' dir='ltr'><em>Romane</em></span> <span class='ocrx_word' id='word_1_147' title='bbox 591 2557 726 2623; x_wconf 88' lang='lat' dir='ltr'><em>articulo</em></span> <span class='ocrx_word' id='word_1_148' title='bbox 761 2556 913 2624; x_wconf 86' lang='lat' dir='ltr'><em>subsidiis</em></span> <span class='ocrx_word' id='word_1_149' title='bbox 945 2578 1106 2642; x_wconf 84' lang='lat' dir='ltr'><em>egeamus,</em></span> <span class='ocrx_word' id='word_1_150' title='bbox 1143 2559 1190 2625; x_wconf 89' lang='lat' dir='ltr'><em>eis</em></span> <span class='ocrx_word' id='word_1_151' title='bbox 1217 2564 1335 2641; x_wconf 84' lang='lat' dir='ltr'><em>tamen,</em></span> <span class='ocrx_word' id='word_1_152' title='bbox 1369 2558 1482 2640; x_wconf 90' lang='lat' dir='ltr'><em>quibus</em></span> <span class='ocrx_word' id='word_1_153' title='bbox 1512 2558 1573 2642; x_wconf 91' lang='lat' dir='ltr'><em>piis</em></span> 
     </span>
     <span class='ocr_line' id='line_1_20' title="bbox 243 2663 1575 2748; baseline 0 -18"><span class='ocrx_word' id='word_1_154' title='bbox 243 2663 455 2748; x_wconf 85' lang='lat' dir='ltr'><em>compatimur</em></span> <span class='ocrx_word' id='word_1_155' title='bbox 477 2663 657 2740; x_wconf 86' lang='lat' dir='ltr'><em>affectibus,</em></span> <span class='ocrx_word' id='word_1_156' title='bbox 682 2665 826 2731; x_wconf 88' lang='lat' dir='ltr'><em>volentes</em></span> <span class='ocrx_word' id='word_1_157' title='bbox 850 2665 1033 2748; x_wconf 84' lang='lat' dir='ltr'><em>aliqualiter</em></span> <span class='ocrx_word' id='word_1_158' title='bbox 1048 2664 1090 2730; x_wconf 91' lang='lat' dir='ltr'><em>de</em></span> <span class='ocrx_word' id='word_1_159' title='bbox 1112 2670 1221 2731; x_wconf 89' lang='lat' dir='ltr'><em>nostre</em></span> <span class='ocrx_word' id='word_1_160' title='bbox 1244 2664 1446 2730; x_wconf 85' lang='lat' dir='ltr'><em>liberalitatis</em></span> <span class='ocrx_word' id='word_1_161' title='bbox 1469 2665 1575 2748; x_wconf 83' lang='lat' dir='ltr'><em>gratia</em></span> 
     </span>
     <span class='ocr_line' id='line_1_21' title="bbox 242 2769 1574 2858; baseline -0.001 -20"><span class='ocrx_word' id='word_1_162' title='bbox 242 2790 338 2857; x_wconf 89' lang='lat' dir='ltr'><em>super</em></span> <span class='ocrx_word' id='word_1_163' title='bbox 367 2771 434 2837; x_wconf 90' lang='lat' dir='ltr'><em>suis</em></span> <span class='ocrx_word' id='word_1_164' title='bbox 462 2769 618 2855; x_wconf 86' lang='lat' dir='ltr'><em>predictis</em></span> <span class='ocrx_word' id='word_1_165' title='bbox 646 2771 893 2838; x_wconf 84' lang='lat' dir='ltr'><em>necessitatibus</em></span> <span class='ocrx_word' id='word_1_166' title='bbox 917 2771 1097 2858; x_wconf 89' lang='lat' dir='ltr'><em>providere,</em></span> <span class='ocrx_word' id='word_1_167' title='bbox 1128 2778 1164 2837; x_wconf 90' lang='lat' dir='ltr'><em>ut</em></span> <span class='ocrx_word' id='word_1_168' title='bbox 1187 2770 1307 2838; x_wconf 88' lang='lat' dir='ltr'><em>eisdem</em></span> <span class='ocrx_word' id='word_1_169' title='bbox 1332 2770 1574 2857; x_wconf 84' lang='lat' dir='ltr'><em>archiepiscopo</em></span> 
     </span>
     <span class='ocr_line' id='line_1_22' title="bbox 242 2877 1573 2964; baseline 0.001 -21"><span class='ocrx_word' id='word_1_170' title='bbox 242 2883 275 2943; x_wconf 90' lang='lat' dir='ltr'><em>et</em></span> <span class='ocrx_word' id='word_1_171' title='bbox 298 2877 545 2962; x_wconf 82' lang='lat' dir='ltr'><em>[suffraganeis]‚</em></span> <span class='ocrx_word' id='word_1_172' title='bbox 569 2878 705 2961; x_wconf 86' lang='lat' dir='ltr'><em>singulis</em></span> <span class='ocrx_word' id='word_1_173' title='bbox 729 2898 836 2945; x_wconf 90' lang='lat' dir='ltr'><em>eorum</em></span> <span class='ocrx_word' id='word_1_174' title='bbox 853 2879 1006 2945; x_wconf 87' lang='lat' dir='ltr'><em>videlicet</em></span> <span class='ocrx_word' id='word_1_175' title='bbox 1030 2886 1177 2962; x_wconf 87' lang='lat' dir='ltr'><em>quartam</em></span> <span class='ocrx_word' id='word_1_176' title='bbox 1201 2885 1325 2964; x_wconf 89' lang='lat' dir='ltr'><em>partem</em></span> <span class='ocrx_word' id='word_1_177' title='bbox 1346 2879 1508 2944; x_wconf 81' lang='lat' dir='ltr'><em>fructuum</em></span> <span class='ocrx_word' id='word_1_178' title='bbox 1521 2929 1529 2944; x_wconf 89' lang='lat'>.</span> <span class='ocrx_word' id='word_1_179' title='bbox 1543 2929 1573 2944; x_wconf 89' lang='lat'><em>..</em></span> 
     </span>
     <span class='ocr_line' id='line_1_23' title="bbox 242 2985 1574 3072; baseline 0.001 -21"><span class='ocrx_word' id='word_1_180' title='bbox 242 2985 468 3072; x_wconf 86' lang='lat' dir='ltr'><em>predictorum,</em></span> <span class='ocrx_word' id='word_1_181' title='bbox 499 3006 579 3069; x_wconf 91' lang='lat' dir='ltr'><em>quos</em></span> <span class='ocrx_word' id='word_1_182' title='bbox 602 3005 659 3071; x_wconf 91' lang='lat' dir='ltr'><em>per</em></span> <span class='ocrx_word' id='word_1_183' title='bbox 683 3006 741 3053; x_wconf 90' lang='lat' dir='ltr'><em>vos</em></span> <span class='ocrx_word' id='word_1_184' title='bbox 764 2994 821 3053; x_wconf 89' lang='lat' dir='ltr'><em>aut</em></span> <span class='ocrx_word' id='word_1_185' title='bbox 844 2988 1092 3054; x_wconf 87' lang='lat' dir='ltr'><em>subcollectores</em></span> <span class='ocrx_word' id='word_1_186' title='bbox 1115 2993 1239 3053; x_wconf 89' lang='lat' dir='ltr'><em>vestros</em></span> <span class='ocrx_word' id='word_1_187' title='bbox 1267 2985 1308 3052; x_wconf 91' lang='lat' dir='ltr'><em>de</em></span> <span class='ocrx_word' id='word_1_188' title='bbox 1332 2985 1496 3053; x_wconf 88' lang='lat' dir='ltr'><em>beneficiis</em></span> <span class='ocrx_word' id='word_1_189' title='bbox 1519 2986 1574 3052; x_wconf 91' lang='lat' dir='ltr'><em>hu·</em></span> 
     </span>
     <span class='ocr_line' id='line_1_24' title="bbox 243 3091 1574 3178; baseline 0.002 -20"><span class='ocrx_word' id='word_1_190' title='bbox 243 3092 379 3160; x_wconf 87' lang='lat' dir='ltr'><em>iusmodi</em></span> <span class='ocrx_word' id='word_1_191' title='bbox 402 3093 435 3158; x_wconf 91' lang='lat' dir='ltr'><em>in</em></span> <span class='ocrx_word' id='word_1_192' title='bbox 458 3093 592 3178; x_wconf 83' lang='lat' dir='ltr'><em>singulis</em></span> <span class='ocrx_word' id='word_1_193' title='bbox 615 3093 802 3160; x_wconf 85' lang='lat' dir='ltr'><em>civitatibus</em></span> <span class='ocrx_word' id='word_1_194' title='bbox 823 3101 855 3160; x_wconf 90' lang='lat' dir='ltr'><em>et</em></span> <span class='ocrx_word' id='word_1_195' title='bbox 871 3093 1054 3161; x_wconf 89' lang='lat' dir='ltr'><em>diocesibus</em></span> <span class='ocrx_word' id='word_1_196' title='bbox 1078 3093 1261 3178; x_wconf 86' lang='lat' dir='ltr'><em>eorundem,</em></span> <span class='ocrx_word' id='word_1_197' title='bbox 1286 3091 1327 3159; x_wconf 92' lang='lat' dir='ltr'><em>de</em></span> <span class='ocrx_word' id='word_1_198' title='bbox 1351 3094 1466 3177; x_wconf 90' lang='lat' dir='ltr'><em>quibus</em></span> <span class='ocrx_word' id='word_1_199' title='bbox 1483 3094 1574 3160; x_wconf 89' lang='lat' dir='ltr'><em>vobis</em></span> 
     </span>
     <span class='ocr_line' id='line_1_25' title="bbox 242 3200 1574 3287; baseline 0.002 -22"><span class='ocrx_word' id='word_1_200' title='bbox 242 3200 414 3284; x_wconf 87' lang='lat' dir='ltr'><em>videbitur,</em></span> <span class='ocrx_word' id='word_1_201' title='bbox 450 3201 536 3284; x_wconf 82' lang='lat' dir='ltr'><em>exigi</em></span> <span class='ocrx_word' id='word_1_202' title='bbox 570 3201 742 3285; x_wconf 82' lang='lat' dir='ltr'><em>contigerit</em></span> <span class='ocrx_word' id='word_1_203' title='bbox 772 3208 806 3267; x_wconf 90' lang='lat' dir='ltr'><em>et</em></span> <span class='ocrx_word' id='word_1_204' title='bbox 833 3202 944 3284; x_wconf 86' lang='lat' dir='ltr'><em>levari,</em></span> <span class='ocrx_word' id='word_1_205' title='bbox 981 3203 1051 3273; x_wconf 89' lang='lat' dir='ltr'><em>viee</em></span> <span class='ocrx_word' id='word_1_206' title='bbox 1084 3211 1194 3267; x_wconf 89' lang='lat' dir='ltr'><em>nostra</em></span> <span class='ocrx_word' id='word_1_207' title='bbox 1226 3200 1267 3266; x_wconf 90' lang='lat' dir='ltr'><em>de</em></span> <span class='ocrx_word' id='word_1_208' title='bbox 1300 3200 1434 3287; x_wconf 85' lang='lat' dir='ltr'><em>speciali</em></span> <span class='ocrx_word' id='word_1_209' title='bbox 1467 3201 1574 3286; x_wconf 84' lang='lat' dir='ltr'><em>gretia</em></span> 
     </span>
     <span class='ocr_line' id='line_1_26' title="bbox 243 3306 1574 3392; baseline 0.001 -19"><span class='ocrx_word' id='word_1_210' title='bbox 243 3306 422 3373; x_wconf 87' lang='lat' dir='ltr'><em>concedere</em></span> <span class='ocrx_word' id='word_1_211' title='bbox 449 3308 600 3389; x_wconf 83' lang='lat' dir='ltr'><em>valeatis,</em></span> <span class='ocrx_word' id='word_1_212' title='bbox 634 3308 761 3392; x_wconf 88' lang='lat' dir='ltr'><em>plenam</em></span> <span class='ocrx_word' id='word_1_213' title='bbox 795 3308 886 3374; x_wconf 90' lang='lat' dir='ltr'><em>vobis</em></span> <span class='ocrx_word' id='word_1_214' title='bbox 920 3307 1187 3374; x_wconf 89' lang='lat' dir='ltr'><em>concedimus..</em></span> <span class='ocrx_word' id='word_1_215' title='bbox 1213 3307 1413 3392; x_wconf 84' lang='lat' dir='ltr'><em>facultatem,</em></span> <span class='ocrx_word' id='word_1_216' title='bbox 1447 3307 1574 3374; x_wconf 87' lang='lat' dir='ltr'><em>adiecto</em></span> 
     </span>
     <span class='ocr_line' id='line_1_27' title="bbox 242 3413 1574 3500; baseline -0.001 -21"><span class='ocrx_word' id='word_1_217' title='bbox 242 3422 349 3481; x_wconf 89' lang='lat' dir='ltr'><em>tamen</em></span> <span class='ocrx_word' id='word_1_218' title='bbox 373 3416 405 3479; x_wconf 91' lang='lat' dir='ltr'><em>in</em></span> <span class='ocrx_word' id='word_1_219' title='bbox 430 3415 636 3480; x_wconf 90' lang='lat' dir='ltr'><em>concessione</em></span> <span class='ocrx_word' id='word_1_220' title='bbox 671 3413 851 3479; x_wconf 90' lang='lat' dir='ltr'><em>huiusmodi</em></span> <span class='ocrx_word' id='word_1_221' title='bbox 884 3415 1068 3500; x_wconf 84' lang='lat' dir='ltr'><em>specialiter</em></span> <span class='ocrx_word' id='word_1_222' title='bbox 1101 3422 1133 3480; x_wconf 89' lang='lat' dir='ltr'><em>et</em></span> <span class='ocrx_word' id='word_1_223' title='bbox 1164 3434 1324 3500; x_wconf 80' lang='lat' dir='ltr'><em>expresse,</em></span> <span class='ocrx_word' id='word_1_224' title='bbox 1362 3414 1447 3498; x_wconf 90' lang='lat' dir='ltr'><em>quod</em></span> <span class='ocrx_word' id='word_1_225' title='bbox 1472 3415 1574 3481; x_wconf 86' lang='lat' dir='ltr'><em>archi-</em></span> 
     </span>
     <span class='ocr_line' id='line_1_28' title="bbox 243 3520 1575 3606; baseline 0.002 -20"><span class='ocrx_word' id='word_1_226' title='bbox 243 3522 413 3605; x_wconf 91' lang='lat' dir='ltr'><em>episcopus</em></span> <span class='ocrx_word' id='word_1_227' title='bbox 446 3527 479 3586; x_wconf 91' lang='lat' dir='ltr'><em>et</em></span> <span class='ocrx_word' id='word_1_228' title='bbox 511 3521 707 3604; x_wconf 81' lang='lat' dir='ltr'><em>suffraganei</em></span> <span class='ocrx_word' id='word_1_229' title='bbox 741 3520 918 3606; x_wconf 87' lang='lat' dir='ltr'><em>supradicti</em></span> <span class='ocrx_word' id='word_1_230' title='bbox 953 3523 1044 3588; x_wconf 92' lang='lat' dir='ltr'><em>vobis</em></span> <span class='ocrx_word' id='word_1_231' title='bbox 1074 3531 1107 3586; x_wconf 91' lang='lat' dir='ltr'><em>et</em></span> <span class='ocrx_word' id='word_1_232' title='bbox 1137 3521 1257 3587; x_wconf 90' lang='lat' dir='ltr'><em>eisdem</em></span> <span class='ocrx_word' id='word_1_233' title='bbox 1291 3521 1575 3588; x_wconf 87' lang='lat' dir='ltr'><em>subcollectoribus</em></span> 
     </span>
     <span class='ocr_line' id='line_1_29' title="bbox 243 3625 1575 3713; baseline -0.001 -22"><span class='ocrx_word' id='word_1_234' title='bbox 243 3647 338 3713; x_wconf 87' lang='lat' dir='ltr'><em>super</em></span> <span class='ocrx_word' id='word_1_235' title='bbox 368 3627 557 3712; x_wconf 83' lang='lat' dir='ltr'><em>colligendis</em></span> <span class='ocrx_word' id='word_1_236' title='bbox 586 3626 708 3693; x_wconf 91' lang='lat' dir='ltr'><em>eisdem</em></span> <span class='ocrx_word' id='word_1_237' title='bbox 737 3625 894 3690; x_wconf 88' lang='lat' dir='ltr'><em>fructibus</em></span> <span class='ocrx_word' id='word_1_238' title='bbox 922 3674 929 3688; x_wconf 94' lang='lat'><strong>.</strong></span> <span class='ocrx_word' id='word_1_239' title='bbox 957 3673 964 3689; x_wconf 94' lang='lat'><strong>.</strong></span> <span class='ocrx_word' id='word_1_240' title='bbox 992 3673 999 3690; x_wconf 93' lang='lat'>.</span> <span class='ocrx_word' id='word_1_241' title='bbox 1026 3645 1065 3690; x_wconf 92' lang='lat' dir='ltr'><em>uc</em></span> <span class='ocrx_word' id='word_1_242' title='bbox 1093 3625 1194 3690; x_wconf 90' lang='lat' dir='ltr'><em>tribus</em></span> <span class='ocrx_word' id='word_1_243' title='bbox 1217 3626 1361 3711; x_wconf 88' lang='lat' dir='ltr'><em>partibus</em></span> <span class='ocrx_word' id='word_1_244' title='bbox 1384 3626 1509 3690; x_wconf 87' lang='lat' dir='ltr'><em>illorum</em></span> <span class='ocrx_word' id='word_1_245' title='bbox 1533 3625 1575 3690; x_wconf 87' lang='lat' dir='ltr'><em>ud</em></span> 
     </span>
     <span class='ocr_line' id='line_1_30' title="bbox 244 3732 1576 3819; baseline 0 -21"><span class='ocrx_word' id='word_1_246' title='bbox 244 3753 403 3798; x_wconf 85' lang='lat' dir='ltr'><em>cameram</em></span> <span class='ocrx_word' id='word_1_247' title='bbox 428 3733 605 3819; x_wconf 84' lang='lat' dir='ltr'><em>predictam</em></span> <span class='ocrx_word' id='word_1_248' title='bbox 630 3733 830 3816; x_wconf 82' lang='lat' dir='ltr'><em>integraliter</em></span> <span class='ocrx_word' id='word_1_249' title='bbox 847 3738 879 3797; x_wconf 92' lang='lat' dir='ltr'><em>et</em></span> <span class='ocrx_word' id='word_1_250' title='bbox 895 3751 1007 3797; x_wconf 83' lang='lat' dir='ltr'><em>secure</em></span> <span class='ocrx_word' id='word_1_251' title='bbox 1031 3732 1195 3798; x_wconf 83' lang='lat' dir='ltr'><em>mittendis</em></span> <span class='ocrx_word' id='word_1_252' title='bbox 1219 3733 1381 3816; x_wconf 87' lang='lat' dir='ltr'><em>assistant,</em></span> <span class='ocrx_word' id='word_1_253' title='bbox 1405 3739 1500 3817; x_wconf 88' lang='lat' dir='ltr'><em>prout</em></span> <span class='ocrx_word' id='word_1_254' title='bbox 1521 3751 1576 3798; x_wconf 91' lang='lat' dir='ltr'><em>eus</em></span> 
     </span>
     <span class='ocr_line' id='line_1_31' title="bbox 244 3838 1576 3924; baseline 0 -20"><span class='ocrx_word' id='word_1_255' title='bbox 244 3839 451 3923; x_wconf 89' lang='lat' dir='ltr'><em>requirendos</em></span> <span class='ocrx_word' id='word_1_256' title='bbox 476 3839 641 3922; x_wconf 87' lang='lat' dir='ltr'><em>duxeritis,</em></span> <span class='ocrx_word' id='word_1_257' title='bbox 667 3839 807 3906; x_wconf 81' lang='lat' dir='ltr'><em>consiliIs</em></span> <span class='ocrx_word' id='word_1_258' title='bbox 831 3838 960 3905; x_wconf 82' lang='lat' dir='ltr'><em>auxiliis</em></span> <span class='ocrx_word' id='word_1_259' title='bbox 984 3845 1017 3904; x_wconf 92' lang='lat' dir='ltr'><em>et</em></span> <span class='ocrx_word' id='word_1_260' title='bbox 1040 3839 1205 3905; x_wconf 88' lang='lat' dir='ltr'><em>favoribus</em></span> <span class='ocrx_word' id='word_1_261' title='bbox 1229 3839 1408 3924; x_wconf 78' lang='lat' dir='ltr'><em>oportunis3</em></span> <span class='ocrx_word' id='word_1_262' title='bbox 1439 3846 1473 3904; x_wconf 90' lang='lat' dir='ltr'><em>et</em></span> <span class='ocrx_word' id='word_1_263' title='bbox 1496 3838 1576 3904; x_wconf 89' lang='lat' dir='ltr'><em>alias</em></span> 
     </span>
     <span class='ocr_line' id='line_1_32' title="bbox 243 3945 1575 4013; baseline -0.002 -1"><span class='ocrx_word' id='word_1_264' title='bbox 243 3947 360 4012; x_wconf 90' lang='lat' dir='ltr'><em>nullius</em></span> <span class='ocrx_word' id='word_1_265' title='bbox 387 3948 505 4012; x_wconf 84' lang='lat' dir='ltr'><em>existat</em></span> <span class='ocrx_word' id='word_1_266' title='bbox 534 3946 623 4013; x_wconf 86' lang='lat' dir='ltr'><em>dicta</em></span> <span class='ocrx_word' id='word_1_267' title='bbox 652 3946 816 4012; x_wconf 90' lang='lat' dir='ltr'><em>concessio</em></span> <span class='ocrx_word' id='word_1_268' title='bbox 840 3947 963 4012; x_wconf 89' lang='lat' dir='ltr'><em>roboris</em></span> <span class='ocrx_word' id='word_1_269' title='bbox 988 3945 1039 4012; x_wconf 90' lang='lat' dir='ltr'><em>vel</em></span> <span class='ocrx_word' id='word_1_270' title='bbox 1062 3947 1224 4011; x_wconf 86' lang='lat' dir='ltr'><em>momenti.</em></span> <span class='ocrx_word' id='word_1_271' title='bbox 1272 3947 1346 4010; x_wconf 87' lang='lat' dir='ltr'><em>Dat.</em></span> <span class='ocrx_word' id='word_1_272' title='bbox 1371 3945 1465 4012; x_wconf 80' lang='lat' dir='ltr'><em>Avin.</em></span> <span class='ocrx_word' id='word_1_273' title='bbox 1496 3946 1575 4012; x_wconf 89' lang='lat' dir='ltr'>VIII</span> 
     </span>
     <span class='ocr_line' id='line_1_33' title="bbox 244 4053 848 4138; baseline 0.003 -20"><span class='ocrx_word' id='word_1_274' title='bbox 244 4054 316 4120; x_wconf 89' lang='lat' dir='ltr'><em>idus</em></span> <span class='ocrx_word' id='word_1_275' title='bbox 340 4054 519 4121; x_wconf 88' lang='lat' dir='ltr'><em>decembris</em></span> <span class='ocrx_word' id='word_1_276' title='bbox 543 4076 571 4118; x_wconf 89' lang='lat' dir='ltr'><em>a.</em></span> <span class='ocrx_word' id='word_1_277' title='bbox 597 4053 848 4138; x_wconf 87' lang='lat' dir='ltr'><em>quartodecimo.</em></span> 
     </span>
    </p>

    <p class='ocr_par' dir='ltr' id='par_1_6' title="bbox 245 4159 1575 4354">
     <span class='ocr_line' id='line_1_34' title="bbox 350 4159 1575 4246; baseline 0.001 -21"><span class='ocrx_word' id='word_1_278' title='bbox 350 4161 432 4227; x_wconf 86' lang='lat' dir='ltr'><em>Item</em></span> <span class='ocrx_word' id='word_1_279' title='bbox 455 4160 577 4227; x_wconf 90' lang='lat' dir='ltr'><em>eisdem</em></span> <span class='ocrx_word' id='word_1_280' title='bbox 600 4161 722 4245; x_wconf 85' lang='lat' dir='ltr'><em>similis,</em></span> <span class='ocrx_word' id='word_1_281' title='bbox 746 4167 868 4227; x_wconf 88' lang='lat' dir='ltr'><em>mutatu</em></span> <span class='ocrx_word' id='word_1_282' title='bbox 892 4159 978 4244; x_wconf 89' lang='lat' dir='ltr'><em>quod</em></span> <span class='ocrx_word' id='word_1_283' title='bbox 1002 4159 1129 4230; x_wconf 87' lang='lat' dir='ltr'><em>dicatur</em></span> <span class='ocrx_word' id='word_1_284' title='bbox 1152 4160 1193 4226; x_wconf 89' lang='lat' dir='ltr'><em>de</em></span> <span class='ocrx_word' id='word_1_285' title='bbox 1217 4160 1319 4227; x_wconf 89' lang='lat' dir='ltr'><em>tercia</em></span> <span class='ocrx_word' id='word_1_286' title='bbox 1342 4165 1444 4246; x_wconf 82' lang='lat' dir='ltr'><em>parte,</em></span> <span class='ocrx_word' id='word_1_287' title='bbox 1469 4161 1575 4227; x_wconf 78' lang='lat' dir='ltr'><em>verbIs</em></span> 
     </span>
     <span class='ocr_line' id='line_1_35' title="bbox 245 4270 626 4354; baseline 0 -20"><span class='ocrx_word' id='word_1_288' title='bbox 245 4275 463 4354; x_wconf 86' lang='lat' dir='ltr'><em>competenter</em></span> <span class='ocrx_word' id='word_1_289' title='bbox 485 4270 626 4337; x_wconf 87' lang='lat' dir='ltr'><em>mutatis.</em></span> 
     </span>
    </p>
   </div>
   <div class='ocr_carea' id='block_1_5' title="bbox 406 4411 1219 4482">
    <p class='ocr_par' dir='ltr' id='par_1_7' title="bbox 406 4411 1219 4482">
     <span class='ocr_line' id='line_1_36' title="bbox 406 4411 1219 4482; baseline -0.001 -15"><span class='ocrx_word' id='word_1_290' title='bbox 406 4412 478 4482; x_wconf 76' lang='lat' dir='ltr'><em>Req.</em></span> <span class='ocrx_word' id='word_1_291' title='bbox 498 4415 552 4467; x_wconf 80' lang='lat'><em>115</em></span> <span class='ocrx_word' id='word_1_292' title='bbox 567 4427 615 4482; x_wconf 86' lang='lat' dir='ltr'><em>ps.</em></span> <span class='ocrx_word' id='word_1_293' title='bbox 634 4412 670 4465; x_wconf 89' lang='lat' dir='ltr'><em>Il</em></span> <span class='ocrx_word' id='word_1_294' title='bbox 683 4411 709 4482; x_wconf 87' lang='lat' dir='ltr'><em>f.</em></span> <span class='ocrx_word' id='word_1_295' title='bbox 729 4414 784 4467; x_wconf 84' lang='lat'><em>148</em></span> <span class='ocrx_word' id='word_1_296' title='bbox 801 4427 849 4466; x_wconf 82' lang='lat' dir='ltr'><em>nr.</em></span> <span class='ocrx_word' id='word_1_297' title='bbox 868 4411 960 4480; x_wconf 81' lang='lat'><em>1859;</em></span> <span class='ocrx_word' id='word_1_298' title='bbox 978 4412 1029 4467; x_wconf 80' lang='lat' dir='ltr'><em>Ile.</em></span> <span class='ocrx_word' id='word_1_299' title='bbox 1050 4411 1128 4467; x_wconf 80' lang='lat'><strong><em>1233</em></strong></span> <span class='ocrx_word' id='word_1_300' title='bbox 1145 4427 1175 4466; x_wconf 91' lang='lat' dir='ltr'><em>n.</em></span> <span class='ocrx_word' id='word_1_301' title='bbox 1194 4413 1219 4467; x_wconf 88' lang='lat'><em>2.</em></span> 
     </span>
    </p>
   </div>
   <div class='ocr_carea' id='block_1_6' title="bbox 349 4698 1578 4929">
    <p class='ocr_par' dir='ltr' id='par_1_8' title="bbox 349 4698 1578 4929">
     <span class='ocr_line' id='line_1_37' title="bbox 349 4698 1031 4787; baseline -0.004 -22"><span class='ocrx_word' id='word_1_302' title='bbox 349 4698 463 4765; x_wconf 75' lang='lat'>1813.</span> <span class='ocrx_word' id='word_1_303' title='bbox 493 4701 580 4765; x_wconf 77' lang='lat'><strong><em>1329</em></strong></span> <span class='ocrx_word' id='word_1_304' title='bbox 603 4700 787 4766; x_wconf 80' lang='lat' dir='ltr'><em>December</em></span> <span class='ocrx_word' id='word_1_305' title='bbox 810 4703 840 4766; x_wconf 88' lang='grc'><em>6.</em></span> <span class='ocrx_word' id='word_1_306' title='bbox 866 4698 1031 4787; x_wconf 80' lang='lat' dir='ltr'><em>Auipnon.</em></span> 
     </span>
     <span class='ocr_line' id='line_1_38' title="bbox 350 4839 1578 4929; baseline 0.001 -22"><span class='ocrx_word' id='word_1_307' title='bbox 350 4841 509 4909; x_wconf 89' lang='lat' dir='ltr'><em>Iohannes</em></span> <span class='ocrx_word' id='word_1_308' title='bbox 534 4843 633 4909; x_wconf 86' lang='lat' dir='ltr'>XXII</span> <span class='ocrx_word' id='word_1_309' title='bbox 660 4841 843 4910; x_wconf 89' lang='lat' dir='ltr'><em>Henderico</em></span> <span class='ocrx_word' id='word_1_310' title='bbox 866 4842 1030 4929; x_wconf 87' lang='lat' dir='ltr'><em>preposito</em></span> <span class='ocrx_word' id='word_1_311' title='bbox 1055 4841 1088 4910; x_wconf 88' lang='lat' dir='ltr'><em>S.</em></span> <span class='ocrx_word' id='word_1_312' title='bbox 1110 4840 1256 4910; x_wconf 84' lang='lat' dir='ltr'><em>Severini</em></span> <span class='ocrx_word' id='word_1_313' title='bbox 1281 4840 1392 4909; x_wconf 83' lang='lat' dir='ltr'><em>Calon.</em></span> <span class='ocrx_word' id='word_1_314' title='bbox 1417 4848 1450 4908; x_wconf 89' lang='lat' dir='ltr'><em>et</em></span> <span class='ocrx_word' id='word_1_315' title='bbox 1474 4839 1578 4908; x_wconf 83' lang='lat' dir='ltr'><em>Gade-</em></span> 
     </span>
    </p>
   </div>
   <div class='ocr_carea' id='block_1_7' title="bbox 0 0 1835 5509">
    <p class='ocr_par' dir='ltr' id='par_1_9' title="bbox 0 0 1835 5509">
     <span class='ocr_line' id='line_1_39' title="bbox 0 0 1835 5509; baseline 0 0"><span class='ocrx_word' id='word_1_316' title='bbox 0 0 1835 5509; x_wconf 95' lang='lat' dir='ltr'><em> </em></span> 
     </span>
    </p>
   </div>
  </div>
 </body>
</html>
