3642 5509
732 500 802 559 1321
821 499 952 560 October
971 503 1013 560 11.
1514 509 1549 566 81

213 677 329 762 vicem,
360 679 448 747 licite
471 678 608 747 retinere
632 681 742 749 valeas
759 733 766 749 .
784 732 792 748 .
809 732 817 751 .
835 683 1082 772 dispensamus.
1101 735 1133 753 ..
1178 688 1255 756 Dat.
1279 687 1375 756 Avin.
1399 689 1479 758 XVI
1502 690 1548 757 lrl.

214 787 396 853 novembris
419 810 449 853 a.
474 787 675 857 duodecimo.

364 934 437 1003 Rep.
456 934 495 987 85
511 933 536 1005 f.
555 934 624 989 366²
641 950 691 989 nr.
710 936 776 992 990.

321 1224 438 1291 1313.
477 1228 563 1293 1327
587 1228 727 1294 October
751 1232 802 1296 17.
839 1228 1006 1317 Aoipnoa.

321 1371 480 1439 Iohannes
507 1373 607 1439 XXII
639 1373 772 1441 Alberto
795 1374 899 1440 Hovel
923 1374 1048 1441 confert
1071 1374 1150 1443 eccl.
1175 1374 1208 1441 S.
1231 1375 1383 1443 Iohannis
1405 1374 1547 1441 Traiect.

213 1478 448 1563 canonicatum,
483 1481 679 1567 prebendam
703 1503 779 1549 vero
812 1481 920 1549 eidem
952 1489 1107 1567 reservat,
1140 1504 1203 1549 nou
1233 1483 1382 1550 obstante
1406 1480 1492 1566 quod
1514 1484 1548 1548 in

213 1585 337 1654 Tilensi
360 1588 392 1653 in
409 1586 551 1655 Arnhcm
576 1590 734 1658 translata
755 1591 788 1656 in
813 1589 1004 1656 canonicum
1021 1595 1070 1658 est
1093 1596 1252 1677 receptus,
1277 1590 1353 1657 lieet
1376 1589 1455 1656 inibi
1477 1609 1548 1675 pre·

213 1693 351 1761 bendam
384 1696 524 1764 nondum
557 1698 655 1764 inerit
687 1697 823 1784 pacifice
855 1703 1031 1774 assecutus,
1064 1703 1098 1764 et
1125 1697 1158 1763 iu
1182 1697 1382 1765 Embricensi
1406 1699 1547 1764 Traiect.

213 1802 297 1869 dioc.
322 1804 402 1870 eccl.
427 1807 653 1871 canonicatum
676 1813 708 1871 et
730 1803 930 1891 prebendam
953 1805 1087 1872 obtinet.

319 1911 500 1979 Laudabile
528 1912 755 1997 testimonium,
785 1910 871 1997 quod
895 1960 904 1978 .
930 1961 971 1979 ..
1007 1913 1081 1978 Dat.
1110 1912 1206 1979 Aviu,
1230 1912 1310 1980 XVI
1339 1912 1385 1978 kl.
1421 1932 1547 1979 novem-

212 2018 278 2085 bris
302 2041 333 2085 a.
358 2018 558 2087 duodecimo.

318 2128 358 2192 Iu
382 2148 410 2192 e.
438 2149 480 2193 m.
516 2127 686 2194 Ambrosio
719 2126 760 2193 de
788 2125 974 2193 Lamairola
997 2125 1249 2195 Mediolanensis
1278 2134 1310 2195 et
1333 2126 1477 2195 Suedero
1504 2125 1547 2194 de

212 2235 330 2302 Werne
353 2254 393 2301 ac
416 2235 535 2321 EgidIo
558 2234 600 2301 de
624 2234 715 2301 Bahe
739 2234 881 2301 Traiect.
906 2234 1071 2303 canonIcis
1094 2234 1312 2306 ecclesiarum.

372 2380 444 2451 1309.
464 2382 503 2435 85
518 2377 544 2450 f.
562 2380 619 2434 313
636 2395 684 2434 nr.
702 2379 766 2434 378.

319 2669 436 2735 1314.
465 2672 552 2736 1327
573 2671 714 2738 October
736 2671 791 2735 26.
815 2668 980 2756 Aoipaon.

317 2812 476 2880 lohannes
500 2813 600 2879 XXII
629 2812 872 2901 archiepiscopo
896 2813 1078 2881 Coloniensi
1103 2813 1233 2897 eiusque
1255 2812 1468 2898 suffraganeis
1492 2810 1546 2877 de·

212 2920 311 2986 stinat
339 2940 415 2987 suas
446 2920 572 2987 litteras
598 2920 800 2987 continentes
823 2939 1009 3006 processum
1034 2926 1146 2986 contra
1168 2918 1343 2987 hlarsilium
1368 2919 1410 2986 de
1433 2917 1546 2985 Padna

212 3034 245 3093 et
267 3026 444 3094 Iohannem
468 3027 509 3095 de
532 3027 679 3094 landono
701 3028 833 3094 factum.

319 3135 450 3202 Certum
474 3155 657 3221 processum
686 3156 745 3221 per
767 3156 862 3219 quern
880 3184 887 3203 .
906 3184 940 3203 ..
987 3136 1064 3202 Dat.
1088 3134 1181 3201 Avin.
1207 3135 1270 3202 VII
1293 3134 1339 3203 kl.
1363 3134 1546 3201 novembris

211 3264 242 3308 a.
266 3242 468 3309 duodecimo.

381 3366 426 3440 Of.
444 3366 534 3439 infra
551 3384 614 3439 rep.
633 3369 709 3424 1328
726 3366 816 3437 April
834 3370 862 3425 6.
881 3368 972 3425 Korn.

319 3665 434 3732 1313.
460 3669 547 3734 1327
571 3669 712 3734 October
735 3670 789 3733 26.
813 3666 979 3755 Ava'paoo.

317 3809 478 3875 Iohannes
504 3810 602 3875 XXII
630 3810 813 3877 Hermanno
837 3818 914 3876 nato
938 3810 1090 3877 Iohannis
1114 3808 1156 3876 de
1179 3806 1293 3875 Roden
1317 3808 1442 3875 confert
1465 3808 1543 3873 eccl.

210 3915 245 3982 S.
262 3916 449 4002 Walburgis
471 3916 711 3983 Meschedensis
734 3917 844 3984 colon.
875 3917 959 3984 dioc.
985 3917 1219 3999 canonicatum,
1247 3914 1445 4002 prehendum
1468 3935 1545 3982 vero

211 4022 316 4089 eidem
338 4030 494 4108 reservat,
518 4024 753 4091 nonobstante
778 4024 862 4109 qnod
887 4024 1056 4091 ecclesiam
1072 4024 1141 4091 sive
1165 4023 1322 4108 capellam
1346 4042 1454 4089 curam
1478 4021 1545 4088 ani-

210 4151 333 4198 marum
357 4130 526 4198 habentem
552 4148 711 4198 annexam
734 4131 930 4218 parrochiali
954 4131 1092 4198 ecclesie
1114 4129 1147 4197 in
1171 4129 1303 4196 Mendin
1326 4130 1359 4195 in
1375 4127 1543 4196 Dalewich

210 4237 298 4305 dicte
321 4238 406 4321 dioc,
430 4240 564 4305 obtinet.

316 4345 512 4413 Laudabilia
534 4353 589 4414 tue
611 4345 726 4413 merita
752 4343 812 4433 ξ..
867 4347 943 4414 Dat.
968 4346 1029 4413 Ar.
1054 4346 1116 4413 VII
1139 4343 1185 4411 lrl.
1209 4343 1392 4411 novembris
1414 4363 1444 4410 a.
1469 4341 1546 4410 duo·

210 4450 345 4520 decimo.

317 4561 356 4626 ln
379 4580 408 4627 e.
433 4582 475 4627 m.
511 4559 675 4646 preposito
709 4560 744 4627 S.
768 4560 914 4627 Severini
950 4560 1060 4629 Gelon.
1096 4566 1130 4626 et
1163 4558 1335 4627 scolastico
1365 4558 1544 4626 BonnensIs

210 4666 320 4734 Gelon.
345 4667 430 4734 dioc.
454 4688 494 4735 ac
516 4669 671 4752 magistro
687 4667 823 4736 Nicolao
847 4666 888 4734 de
912 4668 1039 4734 Fractis
1063 4668 1218 4734 canonino
1234 4667 1440 4735 Patracensis
1464 4664 1542 4733 eccl.

209 4775 387 4843 litterarum
410 4774 660 4862 apostolicarum
683 4776 866 4843 correctori.

368 4900 443 4972 Ray.
462 4902 501 4957 36
520 4900 545 4973 f.
566 4899 630 4957 128‘
649 4916 698 4955 nr.
719 4901 803 4958 1360.
