3642 5509
287 431 323 507 st
842 435 912 504 teat
931 443 991 504 stu
1011 434 1053 503 m.

289 631 474 713 occurrerit,
511 649 604 713 quem
637 649 700 695 non
733 635 881 714 optamus
914 629 1112 713 contingere,
1146 625 1232 710 quod
1264 625 1353 692 dicto
1382 624 1427 708 (l)
1455 619 1623 712 presidens

287 739 410 803 utiliter
433 736 481 802 illi
503 737 622 822 poterit
645 735 842 822 presiderea,
867 734 909 801 de
933 736 990 800 tali
1014 734 1196 800 curabimus
1220 783 1227 799 .
1254 783 1262 800 .
1288 783 1295 799 .
1317 731 1499 819 providere,
1528 752 1622 816 quem

288 845 415 911 fidelem
445 844 671 910 extimabimus
699 843 769 908 fore
798 843 943 908 Romane
972 841 1110 908 ecclesie
1133 861 1173 906 ac
1195 843 1253 907 sub
1278 841 1368 908 cuius
1392 841 1547 924 regimme
1571 859 1622 904 ec·

291 951 389 1017 clesia
412 951 523 1017 votiva
546 951 647 1037 possit
670 949 833 1034 suscipere
857 947 1064 1014 incrementa.
1112 946 1374 1013 Benevolentiam
1404 954 1512 1013 autem
1535 953 1624 1011 tuam

369 1077 466 1142 super
499 1057 640 1122 fautoris
672 1056 727 1121 illa
760 1062 948 1122 excusatam
972 1055 1136 1131 habemns,
1173 1062 1324 1138 rogantes
1348 1053 1495 1136 eandem,
1531 1052 1623 1118 utin

288 1163 460 1230 devotione
493 1163 589 1230 solita
617 1163 658 1228 ad
687 1170 831 1228 sanctam
855 1162 1034 1228 Romanam
1058 1162 1228 1227 ecclesiam
1253 1161 1482 1228 inviolabiliter
1505 1159 1624 1225 debeat

287 1290 485 1357 permanere,
518 1271 640 1355 gratias
671 1268 896 1336 nichilominus
929 1277 984 1334 tue
1017 1267 1220 1353 providentie
1244 1269 1419 1334 relerentes
1452 1287 1621 1352 supereo,

288 1377 374 1460 qnod
398 1384 431 1443 te
455 1377 598 1445 obtulisti
622 1384 770 1462 paratum
803 1382 913 1461 partes
945 1382 1018 1441 tuas
1048 1376 1251 1461 interponere
1278 1395 1337 1460 pro
1360 1373 1545 1440 reducendo
1568 1373 1623 1438 illo

288 1484 388 1550 nobili
417 1483 458 1549 ad
492 1483 694 1550 devotionem
719 1483 864 1566 ecclesie,
898 1502 1006 1565 aqna
1029 1482 1181 1548 seductus
1205 1481 1331 1547 ridetur
1355 1482 1535 1563 recessisse,
1569 1502 1624 1565 pa·

287 1597 392 1657 ratum
416 1597 449 1657 te
472 1591 581 1657 venire
605 1589 648 1656 ad
672 1590 792 1656 curiam
815 1590 955 1655 offerens
1081 1589 1197 1654 Verum
1217 1608 1351 1654 ...non
1375 1588 1504 1653 videtur
1528 1608 1623 1672 expe-

288 1697 389 1781 diens,
414 1697 500 1782 quod
523 1697 586 1764 huc
601 1696 776 1781 persoliter
800 1696 921 1762 debeas
943 1705 975 1761 te
999 1696 1156 1762 conferre.
1203 1697 1373 1762 Molestum
1396 1693 1515 1760 etenim
1539 1701 1625 1760 esset

287 1805 380 1871 nobis
404 1803 587 1888 admodum,
611 1805 638 1870 si
655 1813 688 1870 te
705 1803 810 1869 redire
827 1803 1029 1887 contingeret
1049 1805 1179 1886 negotio
1203 1803 1402 1888 imperfecto.
1436 1802 1510 1867 Det.
1528 1801 1623 1866 Avin.

290 1911 352 1975 VII
376 1909 449 1978 idus
471 1912 548 1977 maii
571 1931 601 1976 a.
625 1910 805 1977 undecimo.

449 2017 522 2087 Rey.
541 2019 595 2071 114
612 2016 637 2086 f.
656 2016 704 2070 ὅδ’
725 2033 775 2070 nr.
794 2016 868 2080 935,·
889 2017 942 2071 Ra.
960 2016 1026 2070 849.

398 2195 536 2263 ’11188Ι
564 2198 649 2262 1327
673 2196 747 2261 Mai
772 2197 825 2260 12.
850 2194 1018 2281 Acipaoo.

395 2337 556 2404 Iohannes
581 2337 681 2404 XXII
713 2337 879 2404 abbatissa
903 2344 935 2402 et
959 2337 1101 2422 capitulo
1128 2338 1283 2402 secularis
1306 2336 1443 2402 ecclesie
1466 2335 1624 2402 Undecim

289 2445 410 2511 Milium
436 2446 601 2529 Virginum
626 2444 737 2510 Goion.
771 2443 955 2531 petentibus
987 2443 1153 2509 confirmat
1183 2463 1291 2510 omnes
1321 2443 1488 2509 libertates
1511 2450 1545 2509 et
1567 2444 1624 2508 im·

289 2555 463 2620 munitates
497 2573 517 2618 a
552 2551 706 2618 Romanis
740 2551 947 2637 pontificibus
981 2549 1087 2616 eidem
1122 2548 1260 2616 ecclesie
1295 2569 1465 2616 concessas
1499 2570 1624 2616 necnon

289 2660 454 2726 libertates
478 2665 511 2725 et
534 2659 755 2743 exemptiones
777 2658 969 2724 secularium
997 2659 1201 2722 exactionum
1225 2678 1245 2722 a
1268 2657 1398 2740 regibus
1422 2656 1623 2742 principibus

290 2774 323 2832 et
345 2767 417 2832 aliis
441 2763 701 2832 christifidelibus
725 2765 803 2850 ipsis
827 2769 859 2829 et
883 2763 1020 2830 ecclesie
1042 2763 1198 2849 predictis
1221 2762 1372 2829 indultas.

396 2873 486 2940 Solet
509 2891 650 2938 annuere
673 2870 832 2938 sedes...
879 2871 958 2937 Dat.
981 2871 1076 2937 Arin.
1102 2871 1169 2936 IIII
1196 2869 1269 2937 idus
1297 2871 1373 2935 maii
1399 2891 1432 2956 p.
1457 2892 1488 2936 n.
1513 2891 1542 2935 a.
1567 2890 1624 2935 un·

291 2979 426 3047 decimo.

453 3087 503 3143 Or.
526 3087 738 3142 monoceron
758 3085 886 3156 plumbo
906 3086 963 3140 del.
1010 3083 1073 3140 Sub
1092 3083 1179 3154 plica
1202 3085 1245 3140 ad
1267 3081 1386 3140 sinim
1416 3083 1451 3139 N.
1470 3083 1557 3137 Binn.
1586 3083 1624 3138 Ia

447 3175 522 3246 plt'c.
542 3175 584 3230 od
602 3175 709 3230 doctr:
729 3173 763 3231 G.
775 3175 879 3230 Ortati.
899 3176 938 3229 In
957 3174 1063 3229 dorso:
1082 3174 1197 3229 Theod.
1218 3175 1257 3229 de
1276 3174 1403 3243 Reys.-
1423 3171 1524 3228 Puris.
1543 3170 1623 3226 Bibl.

451 3267 514 3320 nat.
533 3266 558 3336 f.
577 3265 760 3321 tartaraco
779 3281 827 3318 nr.
848 3267 872 3319 7.
903 3294 936 3304 -
967 3264 1081 3334 Apopr.
1100 3262 1135 3318 ia
1154 3265 1236 3319 areb.
1257 3261 1337 3319 siclt.
1358 3263 1459 3320 Colore.
1478 3263 1625 3318 lavem·

449 3371 498 3410 ar.
516 3357 577 3410 156.

1418 3065 1564 3080 ———

397 3595 515 3662 1189.
542 3599 628 3662 1327
651 3595 725 3662 Mai
748 3597 799 3661 15.
825 3592 990 3681 Auipooa.

397 3737 558 3805 Iohannes
586 3737 688 3803 XXII
725 3735 862 3802 Iohanni
896 3737 966 3819 regi
1001 3735 1131 3802 Boemie
1164 3737 1263 3801 mittit
1297 3755 1467 3820 processus
1500 3735 1626 3801 noviter

292 3853 405 3914 contra
427 3845 629 3912 Lndovicum
652 3845 813 3912 Bavarnm
849 3845 981 3927 eiusque
1015 3863 1171 3926 sequaces
1205 3843 1333 3909 habitos
1368 3863 1427 3928 per
1454 3841 1625 3910 Nicolaum

292 3955 481 4020 canonicum
513 3953 709 4037 Pragensem
742 3953 810 4018 eius
841 3952 1008 4034 nuncium,
1043 3951 1097 4035 qui
1131 3950 1172 4018 de
1205 3950 1255 4016 his
1286 3950 1489 4037 processibus
1521 3947 1624 4035 publi·

293 4061 404 4127 caudis
427 4061 460 4125 in
482 4059 547 4128 illis
570 4061 715 4146 partibus
738 4079 797 4146 per
820 4065 969 4145 patentes
992 4059 1116 4124 litteras
1139 4058 1278 4124 bullatas
1297 4076 1356 4142 per
1371 4054 1507 4123 eundem
1531 4056 1626 4125 Nico

292 4168 378 4234 laum
401 4167 515 4234 missas
538 4165 707 4233 certiorem
730 4165 865 4233 reddere
889 4166 1009 4252 poterit
1031 4183 1151 4248 regem.

398 4275 444 4342 Ut
467 4274 508 4342 de
532 4274 627 4343 certit
644 4324 652 4341 .
670 4322 704 4341 ..
751 4275 827 4340 Dat.
848 4273 943 4339 Avin.
967 4272 1040 4339 idus
1062 4273 1139 4338 maii
1163 4294 1192 4339 a.
1217 4270 1397 4338 undecimo.

441 4381 515 4453 Rep.
534 4383 588 4437 114
601 4397 653 4452 ps.
673 4381 709 4435 ΙΙ
724 4380 749 4450 f.
770 4383 806 4434 61
824 4397 872 4435 nr.
892 4381 970 4448 907,·
992 4381 1045 4435 Ra.
1066 4379 1131 4434 850.

398 4557 515 4623 1190.
543 4559 629 4622 1327
653 4557 740 4624 June
765 4558 795 4621 1.
819 4554 984 4642 Aoipooo.

400 4681 561 4750 Iohannes
583 4681 683 4748 XXII
718 4681 858 4748 Henmco
891 4678 934 4746 de
966 4679 1055 4764 Reys
1089 4679 1215 4747 confert
1249 4678 1348 4745 ecccl.
1383 4677 1421 4744 Β.
1449 4677 1550 4743 blarie
1584 4675 1628 4743 ad

442 4825 472 4897 a)
490 4827 593 4880 textus
612 4823 670 4880 hoe
689 4823 755 4880 loco
776 4827 946 4894 corruptus.
