3642 5509
279 435 331 493 448
410 511 411 514 Ἴ
839 431 1052 492 mattulcut.

383 619 505 686 elau.
533 622 620 685 1332
644 619 720 685 Jeli
737 621 790 683 27.
819 615 987 704 Aaipaoa.

383 745 543 811 lohannes
564 744 664 809 XXII
694 744 857 810 Albertum
889 743 1002 809 ducem
1028 742 1158 808 Austrie
1182 750 1276 826 rogat
1300 749 1333 808 et
1356 741 1512 825 hortatur,
1537 762 1612 826 qua·

278 855 362 919 tinus
381 853 553 918 Heuricum
577 852 618 916 de
644 852 765 917 luliaco
790 852 986 938 prepositum
1011 850 1090 916 eccl.
1109 851 1145 916 B.
1162 851 1263 917 Mario
1287 850 1329 916 ud
1352 851 1473 936 gradus
1489 850 1611 932 Gelon,

278 963 331 1043 qui
356 961 398 1026 ad
423 969 531 1046 partes
564 960 637 1026 illas
665 980 723 1044 pro
753 959 849 1025 certis
873 959 1043 1025 ecclesiam
1068 958 1246 1024 Romanam
1270 959 1477 1042 tangentibus
1500 965 1533 1023 et
1555 958 1611 1022 ali·

278 1068 394 1150 quibus
417 1069 483 1133 suis
506 1069 643 1153 propriis
666 1067 806 1152 negotiis
823 1065 936 1150 dirigit
956 1085 1086 1150 gressus
1102 1085 1186 1148 suos,
1211 1064 1469 1132 commendatum
1492 1065 1613 1131 babeat

278 1175 371 1257 eique
395 1176 534 1241 assistat.

385 1283 465 1350 Cum
489 1281 626 1348 dilectus
649 1281 731 1349 filius
748 1331 755 1344 .
775 1332 808 1348 ..

384 1391 421 1456 ln
445 1411 473 1455 e.
498 1411 537 1454 m.
562 1390 695 1456 Alberto
720 1391 873 1476 episcopo
898 1391 1083 1456 Pataviensi
1112 1438 1120 1454 .
1151 1439 1158 1454 .
1188 1441 1195 1455 .
1242 1389 1319 1456 Dat.
1343 1390 1389 1455 Vl
1412 1390 1458 1455 kl.
1481 1389 1610 1474 augusti

277 1521 307 1564 a.
333 1498 422 1565 XVI.

436 1589 508 1657 Rep.
528 1589 582 1642 116
599 1587 623 1658 s.
644 1587 701 1642 259
718 1603 766 1641 ar.
787 1589 880 1656 1344,·
898 1588 951 1643 Re.
971 1537 1056 1642 1558?

383 1852 505 1920 21³6.
532 1856 618 1919 1332
646 1852 778 1940 August
804 1857 834 1918 1.
863 1852 1029 1941 Auipaoa.

383 1981 552 2045 Iohannes
589 1981 700 2044 XXII
738 1980 907 2046 Walremo
941 1979 1190 2064 archiepiscopo
1225 1977 1414 2046 Coloniensi
1449 1978 1610 2063 iadalpet,

277 2088 366 2171 quod
382 2109 404 2152 o
421 2087 509 2153 clero
532 2107 591 2152 sae
610 2088 786 2172 provincie
805 2083 919 2153 Coloe.
929 2094 1046 2172 petere
1065 2086 1176 2152 voleat
1192 2089 1409 2152 caritativam
1424 2087 1611 2152 subsidium

275 2195 496 2259 moderatam.

385 2335 555 2422 [lebannes
578 2337 742 2422 xxr1]..
767 2338 931 2404 Walramo
955 2339 1200 2425 archiepiscopo
1225 2337 1418 2404 Coloniensi.

383 2444 538 2511 Provenit
562 2465 602 2510 ex
627 2452 681 2510 tue
705 2444 886 2512 devotionis
904 2495 910 2507 .
930 2495 964 2510 ..
989 2447 1069 2512 Cum
1089 2448 1191 2529 itaqu,
1214 2447 1298 2512 sicut
1313 2445 1428 2531 petitio
1445 2450 1501 2510 tua
1517 2444 1608 2510 nobis

276 2551 422 2617 exhibita
439 2553 634 2628 continebat,
652 2559 783 2638 propter
799 2573 943 2637 guerras,
961 2573 1041 2636 quas
1056 2574 1114 2637 per
1131 2553 1319 2620 defensione
1334 2552 1448 2618 iuriam
1465 2551 1606 2618 eiusdem

276 2659 411 2726 ecclesie
435 2666 489 2725 tue
513 2667 625 2725 contra
650 2667 755 2726 certos
778 2661 902 2729 nobiles
926 2668 959 2727 et
982 2668 1131 2747 potentes
1154 2661 1279 2726 illamm
1296 2661 1432 2746 partium
1456 2659 1607 2742 habuisti,

276 2787 314 2831 ac
339 2773 470 2854 propter
492 2788 608 2835 novum
633 2767 806 2834 adventum
832 2777 920 2835 tuum
944 2769 987 2836 ad
1011 2769 1181 2836 ecclesiam
1204 2770 1307 2854 ipsam
1325 2775 1357 2834 et
1373 2769 1606 2836 assecutionem

275 2876 389 2940 iuriam
414 2875 630 2960 predictorum
653 2877 789 2943 subieris
812 2878 930 2943 iamet
953 2877 1061 2944 adbuc
1084 2898 1142 2962 pro
1165 2879 1409 2962 recuperatione
1432 2883 1608 2942 castrorum

276 2981 442 3067 opidomm
473 2991 505 3049 et
533 2985 742 3050 munitionum
775 2985 1060 3071 archiepiscopalis
1091 3005 1203 3052 mense
1236 2992 1289 3051 tue
1322 2992 1407 3051 terre
1430 2983 1608 3066 Westfalie,

276 3109 338 3173 que
367 3091 426 3156 sub
454 3093 579 3176 magnis
609 3091 728 3158 debitis
756 3091 910 3178 obligata,
944 3113 1008 3158 non
1038 3098 1145 3158 manen
1173 3092 1261 3158 sacto
1285 3091 1337 3157 vel
1366 3092 1462 3178 culpa
1488 3093 1552 3158 tuis
1575 3092 1608 3156 in

277 3205 499 3264 extraneorum
529 3198 677 3265 manibus
701 3201 875 3266 constituta
899 3201 1051 3275 existunt,
1082 3219 1184 3283 queve
1208 3201 1334 3266 nonnisi
1358 3201 1390 3267 in
1413 3219 1509 3264 manu
1532 3198 1606 3266 forti

276 3311 308 3370 et
341 3326 411 3371 cum
445 3307 569 3390 magnis
602 3307 780 3392 sumptibus
818 3309 1000 3393 recuperari
1041 3315 1205 3392 poterunt,
1250 3316 1282 3373 te
1318 3309 1426 3374 subire
1459 3313 1607 3393 oporteat

275 3434 393 3497 magna
416 3434 515 3480 onera
539 3433 763 3500 expensarum,
787 3435 869 3480 nos.
889 3465 896 3479 .
915 3414 1025 3499 .quod
1049 3436 1069 3480 a
1092 3415 1226 3498 singulis
1250 3414 1371 3482 eisdem
1395 3414 1608 3500 suffraganeis

276 3522 338 3588 tuis
363 3521 542 3605 ceterisque
566 3522 697 3606 prelatis
717 3521 915 3588 secularibus
931 3529 964 3588 et
980 3522 1180 3606 regularibus
1203 3543 1267 3588 non
1283 3523 1451 3606 exemptis,
1468 3523 1606 3608 ipsorum

276 3629 425 3714 capitulis
461 3629 671 3694 conventibus
704 3635 737 3694 et
770 3629 917 3713 collegiis
949 3637 982 3695 et
1014 3630 1222 3696 eeclesiarum
1260 3631 1437 3696 rectoribus
1470 3637 1503 3694 et
1535 3629 1607 3695 aliis

275 3737 439 3822 perpetuis
465 3735 663 3802 beneficiatis
687 3741 812 3802 tuarum
835 3736 978 3804 civitatis
1002 3735 1140 3803 diocesis
1161 3744 1193 3802 ct
1209 3737 1374 3822 provincie
1390 3735 1606 3822 predictarum

275 3846 366 3909 iuxta
389 3863 516 3909 suarum
540 3843 830 3910 ecclesiasticarum
854 3845 1050 3929 exigentiam
1075 3844 1265 3911 facultatum
1282 3851 1393 3930 petere
1409 3851 1441 3910 et
1464 3845 1607 3930 recipere

275 3953 468 4018 auctoritate
491 3956 599 4017 nostra
623 3951 722 4018 semel
746 3951 917 4018 dumtaxat
944 3951 1044 4020 libere
1068 3953 1178 4019 valeas
1202 3953 1406 4019 caritativum
1430 3951 1607 4019 subsidium

275 4057 473 4124 moderatum
498 4079 555 4143 pro
576 4058 758 4126 huiusmodi
774 4061 924 4126 oneribus
940 4059 1068 4127 facilius
1083 4059 1311 4147 supportandis
1328 4110 1334 4126 .
1354 4110 1361 4124 .
1380 4109 1388 4126 .
1405 4058 1607 4145 indulgemus

368 4167 443 4231 Dat.
468 4166 563 4232 Avin.
587 4165 631 4230 kl.
656 4169 784 4252 augusti
808 4189 838 4234 a.
862 4167 1092 4234 sextodecimo.

459 4290 532 4359 aeq.
552 4290 609 4344 103
627 4307 674 4344 nr,
693 4292 788 4360 1442,·
806 4292 858 4347 Ra.
878 4292 961 4346 1559.

382 4561 501 4631 2137.
528 4567 615 4631 1332
639 4563 771 4652 Aupest
795 4569 825 4631 2.
849 4563 1013 4654 Acipeoa.

383 4708 550 4775 Iobuaaea
575 4711 683 4775 XXII
709 4711 959 4797 archiepiscopo
986 4711 1175 4779 Coloniensi
1198 4721 1229 4779 et
1253 4714 1406 4800 episeopo
1430 4714 1607 4781 Leodieast'

274 4815 426 4899 maudut,
459 4820 619 4902 quatinus
643 4839 822 4902 processus
852 4827 970 4885 contra
1001 4819 1232 4886 Christianam
1266 4825 1308 4888 de
1338 4823 1517 4905 Stambeie,
1549 4827 1607 4912 pai
