3642 5509
813 495 881 551 1329
900 495 960 552 Mai
982 497 1006 552 9.

335 669 469 740 *1714.
503 677 589 741 1329
614 678 686 742 Mai
704 678 735 741 8.
765 677 931 764 Aoiprrorr.

336 815 495 884 Iohannes
518 817 616 883 XXII
653 819 771 884 abbate
801 827 834 884 et
863 828 1021 885 eenveutu
1054 822 1238 886 monasterii
1262 821 1462 888 Stabulensis
1491 820 1560 887 ord.

228 923 262 989 S.
288 923 408 989 Bened.
433 923 534 990 Leod.
560 924 644 990 dioc.
669 927 853 1010 petentibus
878 927 1044 992 confirmat
1075 949 1184 994 omnes
1207 929 1373 995 libertates
1397 935 1429 994 et
1450 929 1561 995 immu-

228 1031 346 1097 nitates
369 1052 390 1096 a
413 1031 566 1097 Romanis
588 1033 794 1116 pontificibus
823 1033 929 1099 eidem
959 1034 1152 1100 monasterio
1181 1054 1350 1102 concessas
1379 1056 1503 1102 neenon
1526 1036 1561 1101 li·

228 1138 370 1204 bertates
402 1145 435 1203 et
468 1138 689 1224 exemptiones
718 1160 737 1204 a
761 1140 890 1224 regibus
924 1149 956 1206 et
990 1142 1189 1228 principibus
1219 1150 1252 1207 et
1280 1143 1352 1208 aliis
1381 1142 1486 1208 eidem
1515 1144 1561 1207 in·

228 1242 345 1310 dultas.

334 1352 425 1418 Solet
446 1372 587 1419 annuere
610 1354 719 1420 sedis.
747 1403 754 1419 .
780 1404 786 1418 .
834 1356 908 1421 Dat.
935 1356 1030 1421 Avia.
1055 1356 1105 1421 III
1128 1376 1229 1423 nonas
1253 1357 1329 1423 maii
1352 1378 1383 1443 p.
1400 1377 1432 1422 n.
1448 1378 1478 1423 a.
1500 1362 1562 1423 ter·

228 1457 416 1524 eiodecimo.

390 1584 439 1639 Or.
458 1586 582 1640 membr.
602 1601 670 1642 oum
691 1587 819 1655 plumbo
835 1588 929 1658 pend.
975 1586 1039 1643 Sub
1061 1585 1148 1657 plica
1175 1588 1218 1642 ad
1240 1585 1376 1644 einim„-
1407 1587 1441 1643 L.
1460 1587 1561 1645 Verul.

389 1712 426 1765 1η
444 1711 529 1781 plica
542 1712 584 1767 ad
597 1713 712 1767 deceta:
737 1712 863 1767 Roland.
900 1713 938 1766 Ira
957 1712 1064 1768 dorso:
1089 1675 1396 1804 Franwsffgbpuessa'
1429 1715 1457 1768 et
1484 1711 1561 1785 infe·

387 1816 472 1874 rius:
492 1817 533 1887 Sij
555 1819 607 1874 flat
627 1835 733 1874 ear...
754 1819 807 1874 To.
827 1821 864 1874 de
885 1819 966 1889 Repe
995 1835 1050 1889 pro
1081 1820 1192 1875 abbate
1221 1827 1251 1875 et
1279 1827 1432 1874 conventu
1459 1836 1561 1877 mona·

387 1909 469 1963 nterii
489 1907 658 1963 Tniciensis
685 1908 748 1962 ord.
774 1907 825 1962 Str.
850 1908 1007 1964 Benedicti
1028 1909 1215 1964 ColoniensIs
1238 1909 1315 1964 dloe.
1339 1923 1432 1979 super
1458 1911 1561 1967 lilibus

386 2000 483 2052 motis.
504 2027 536 2037 -
556 1997 750 2068 Ditraeldorf.
771 1997 860 2054 Arcb.
879 2014 943 2069 rep.
964 1997 1068 2054 Stablo
1087 2015 1135 2053 nr.
1155 2001 1199 2053 81.

331 2284 446 2352 1⁷15.
482 2287 568 2351 1329
592 2288 666 2352 Mai
688 2289 720 2350 9.
754 2283 919 2372 Avr'prrorr.

330 2427 490 2494 Iohannes
506 2428 604 2494 XXII
629 2429 708 2494 ecel.
727 2429 871 2515 Spirensi
898 2432 1027 2496 vaeanti
1051 2450 1109 2516 per
1132 2429 1374 2496 translationem
1389 2430 1560 2496 Bertholdi

226 2536 321 2601 electi
345 2534 506 2620 Spirensis
541 2535 582 2600 ad
619 2535 698 2601 ecel.
728 2536 938 2620 Argentinam
974 2536 1125 2621 providet
1159 2536 1201 2602 de
1234 2556 1374 2622 persona
1406 2536 1559 2603 Walrami

225 2644 279 2724 (de
313 2643 467 2734 Velderrz)
500 2643 655 2727 prepositi
689 2642 766 2707 ecel.
792 2643 953 2728 Spirensis
976 2644 1009 2708 in
1033 2641 1222 2709 diaconatus
1245 2642 1357 2710 ordine
1380 2643 1555 2709 eonstItuti.

329 2751 465 2817 GelestIs
492 2749 703 2835 dispositione
727 2750 853 2816 eonsilii
881 2800 888 2816 .
922 2798 930 2816 .
961 2800 967 2817 .
1026 2752 1102 2817 Dat.
1126 2751 1221 2817 Avin.
1247 2750 1310 2817 VII
1332 2749 1406 2817 idus
1428 2751 1505 2815 maii
1527 2771 1556 2815 a.

226 2858 459 2924 tertiodecimo.

385 2982 457 3052 Rey.
478 2981 516 3036 90
532 2979 558 3051 f.
577 2981 643 3034 363¹
662 2996 711 3035 rar.
731 2980 814 3036 1991.

333 3245 446 3312 1716.
473 3248 559 3311 1329
583 3247 657 3312 Mae·
684 3247 735 3311 10.
760 3243 929 3332 Avipoora.

331 3387 491 3454 Iohannes
516 3388 616 3454 XXII
650 3387 819 3454 Riohwino
852 3386 940 3453 dicto
973 3387 1015 3453 de
1042 3388 1196 3472 Tonburg
1228 3388 1385 3454 canonico
1419 3387 1556 3454 eoois.

226 3496 370 3562 Severini
396 3495 506 3561 Goion.
537 3495 569 3560 in
599 3515 662 3578 qua
691 3496 833 3560 existunt
857 3500 948 3561 certa
971 3501 1127 3581 perpetua
1150 3494 1317 3578 beneficia,
1350 3515 1413 3580 que
1436 3494 1558 3561 fereula

225 3622 280 3668 seu
307 3603 530 3689 supplementa
560 3601 723 3688 prebendo
751 3602 928 3685 vulgariter
957 3610 1191 3688 nuncupantur,
1224 3609 1369 3669 reservat
1396 3621 1492 3667 unum
1516 3600 1558 3668 de

225 3709 322 3776 dietis
345 3709 519 3794 benefieiis,
543 3731 606 3776 non
631 3710 789 3792 obstante,
815 3708 901 3792 qnod
926 3710 959 3774 in
982 3707 1096 3775 eadem
1121 3717 1153 3775 et
1172 3711 1205 3774 B.
1223 3709 1326 3776 Marie
1348 3711 1382 3774 in
1398 3709 1558 3793 Capitolio

226 3817 336 3883 Oolon.
372 3819 451 3885 eoel.
487 3820 696 3884 canonIoatus
735 3818 794 3883 sub
829 3818 1057 3903 expectatione
1092 3815 1329 3902 prebendarum
1364 3817 1557 3883 auctoritate

225 3925 403 4009 apostoliea
427 3947 467 3992 ao
494 3925 728 4012 parrochialem
763 3924 933 3991 ecelesiam
965 3925 998 3989 in
1026 3923 1158 3990 Aurode
1183 3924 1293 3990 Goion.
1317 3923 1402 3992 dioc.
1425 3923 1558 3988 obtinet

332 4031 511 4099 Laudabile
541 4033 766 4115 testimonium,
797 4031 882 4114 quod
908 4077 915 4093 .
946 4081 953 4097 .
984 4082 991 4096 .
1038 4032 1112 4096 Dat.
1142 4033 1237 4096 Avin.
1261 4031 1309 4096 VI
1331 4030 1404 4097 idus
1427 4029 1503 4096 maii
1527 4049 1557 4093 a.

226 4138 458 4206 tertiodecimo.

333 4247 370 4311 In
387 4266 414 4310 e.
433 4268 473 4311 m.
498 4248 609 4314 abbati
634 4249 817 4314 monasterii
835 4247 1049 4332 Sybergensis
1066 4253 1099 4311 et
1115 4245 1238 4312 decano
1255 4245 1433 4311 Bunnensis
1446 4242 1556 4310 Gelon.

225 4350 309 4418 dioc.
334 4375 373 4420 ao
397 4354 566 4420 scolastico
591 4354 752 4422 Tullensis
776 4354 995 4420 eeclesiarum.

387 4479 458 4548 Rep.
478 4478 517 4531 92
534 4479 559 4549 f.
579 4479 645 4533 212¹
664 4495 712 4534 rar.
732 4481 814 4534 3380.

333 4713 445 4782 1717.
473 4717 558 4779 1329
582 4717 655 4781 Mai
680 4717 731 4779 13.
760 4713 952 4801 (Aviprrorr).

335 4857 506 4942 [Iohannes
531 4857 640 4944 XXII]
666 4858 826 4924 Willelmo
850 4860 959 4930 eomiti
983 4859 1165 4925 luliaeensi.
