3642 5509
732 429 801 485 1329
820 428 939 484 Januar
956 428 1001 482 24.
1473 423 1526 480 221

297 614 335 678 Iu
359 633 387 678 e.
412 633 453 677 m.
484 613 517 678 S.
543 612 672 676 Martini
697 618 729 677 ot
752 611 786 677 S.
811 609 1021 675 PantaleoniS
1046 607 1155 674 Colon.
1186 607 1448 673 monasteriorum
1472 606 1526 670 ab·

194 721 321 787 batibus
344 740 384 786 au
408 718 637 785 arobidiaoono
661 719 870 786 Naunetensi.

356 863 428 930 Rep.
449 860 529 930 9010.
550 861 607 914 261
626 876 673 913 ar.
694 861 772 914 1702.

302 1183 427 1249 loto.
454 1184 541 1246 1329
570 1184 709 1248 Joaoar
733 1181 787 1245 24.
816 1181 982 1267 Anipaoa.

302 1325 463 1392 Iohannes
490 1325 589 1390 XXII
623 1324 762 1389 Henrioo
791 1329 867 1388 nato
891 1321 1032 1388 (lunonis
1062 1320 1104 1388 de
1127 1321 1375 1389 (ibaldenburne
1404 1323 1529 1389 confert

197 1433 276 1502 eool.
302 1433 334 1500 S.
359 1432 529 1499 Adalberti
553 1429 713 1515 Aquensis
736 1427 839 1495 Leod.
863 1426 949 1496 dioo.
974 1429 1210 1513 canonicatum,
1233 1428 1430 1515 prebendam
1453 1449 1529 1496 vero

195 1539 301 1606 eidem
325 1546 478 1609 reservat.

304 1648 479 1715 Probitatis
502 1653 557 1713 tue
580 1645 695 1712 marita
712 1694 719 1711 .
737 1695 744 1711 .
763 1694 769 1711 .
807 1645 882 1710 Dat.
900 1644 995 1710 Avin.
1013 1644 1109 1709 VIIII
1133 1644 1178 1709 kl.
1195 1642 1349 1709 februarii
1374 1665 1404 1710 a.
1422 1645 1529 1710 tertio·

198 1755 333 1821 deoimo.

302 1864 339 1928 ln
363 1883 390 1928 e.
415 1884 455 1928 n1.
481 1861 602 1928 eisdam
626 1859 796 1944 iudicibus,
822 1861 937 1943 quibus
962 1860 995 1924 iu
1019 1859 1163 1945 proxime
1187 1857 1383 1943 precedenti.

349 1989 421 2058 aeq.
441 1988 480 2042 oo
496 1987 520 2057 f.
539 1987 604 2042 aor‘
622 2003 671 2042 nr.
695 1989 775 2042 1704.

308 2254 421 2320 1651.
453 2255 539 2318 1329
564 2255 703 2319 Jaaoor
725 2255 779 2318 25.
810 2253 975 2340 Aor'paoa.

306 2395 465 2462 Iohannes
482 2395 579 2460 XXII
616 2394 751 2460 Iohanni
776 2393 864 2460 dieto
887 2395 977 2480 Snap
1001 2401 1077 2461 nato
1101 2394 1262 2478 quondam
1287 2395 1427 2461 (louradi
1451 2394 1530 2461 dieti

199 2505 289 2588 Snap
311 2503 422 2569 militis
451 2501 576 2568 oonfert
605 2502 683 2568 eool.
709 2501 969 2568 Pudeburnensis
998 2504 1222 2569 canonicatum
1247 2523 1286 2568 ao
1309 2503 1533 2568 niobilominus

199 2631 295 2676 unam
325 2608 367 2676 de
395 2610 569 2676 maioribus
598 2608 771 2695 prebendis
794 2611 826 2674 in
852 2609 966 2676 eadem
990 2610 1130 2676 eeclesia
1153 2608 1256 2676 eidem
1281 2616 1435 2692 reservat,
1470 2629 1534 2674 non

200 2717 350 2784 obstante
378 2715 464 2800 quod
491 2717 524 2782 in
552 2716 631 2782 eool.
656 2715 822 2783 Susatensi
845 2716 956 2783 Goion.
981 2715 1065 2783 dioo.
1096 2718 1320 2783 canonicatum
1345 2724 1378 2783 et
1400 2716 1534 2803 preben-

201 2823 275 2889 dam
300 2823 434 2889 obtinet.

308 2930 494 3016 Apostolino
523 2931 726 2998 liberalitatis
755 2931 923 2998 dexteram
952 2981 960 2998 .
990 2981 996 2997 .
1027 2981 1034 2997 .
1093 2932 1169 2999 Dat.
1193 2933 1289 2998 Aviu.
1314 2932 1393 2996 VIII
1417 2931 1462 2997 kl.
1487 2931 1533 2998 fe·

201 3039 320 3104 bunarii
344 3058 374 3103 a.
399 3037 631 3104 tertiodeoimo.

308 3147 346 3210 In
375 3164 402 3211 s.
427 3166 469 3210 m.
505 3145 616 3211 abbati
648 3147 833 3212 monasterii
865 3147 1046 3213 Tuioiensis
1079 3152 1111 3211 ot
1143 3144 1265 3212 deoano
1295 3145 1536 3212 Mesohedensis

201 3254 312 3320 Colon.
341 3252 425 3319 dioc.
456 3274 496 3320 ao
525 3255 680 3338 magistro
704 3255 873 3320 Ambrosio
905 3253 947 3321 de
970 3253 1153 3321 Mediolano
1182 3255 1337 3321 canonico
1361 3251 1535 3318 Mediolon.

202 3361 422 3427 ecelesiarum.

376 3504 449 3575 Ray.
469 3505 505 3558 90
523 3503 548 3574 f.
567 3503 624 3559 262
643 3519 689 3558 nr.
710 3504 793 3558 1706.

311 3789 434 3857 1652.
463 3792 550 3855 1329
574 3792 713 3858 Jauaar
735 3791 789 3855 25.
814 3787 979 3877 Aoipaoa.

310 3932 470 4000 Iohannes
494 3933 594 3999 XXII
630 3934 812 3999 Hermanno
836 3939 913 3998 nato
936 3931 1053 3997 nobilis
1076 3932 1136 3996 viri
1154 3931 1299 3998 Werneri
1323 3933 1458 3999 senioris
1481 3932 1538 3999 do·
1582 4019 1586 4028 Ι

202 4041 281 4107 mini
314 4039 355 4106 de
377 4039 483 4107 Roido
516 4041 671 4106 canonico
705 4040 841 4106 ecclesie
865 4039 1042 4125 KerpensIs
1067 4038 1179 4105 Oolon.
1203 4037 1288 4105 dioc.
1313 4038 1471 4124 indulget,
1503 4047 1539 4106 ut

202 4146 376 4215 reddendo
399 4148 433 4213 in
456 4148 557 4214 altero
582 4147 808 4214 beneficiorum
831 4166 960 4213 suorum
980 4146 1270 4213 ecclesiastieorum
1294 4147 1345 4211 rel
1362 4145 1538 4214 insistendo

203 4255 311 4322 studio
344 4255 522 4322 litterarum
556 4257 588 4321 in
620 4255 702 4338 loeo,
739 4255 791 4321 ubi
819 4253 899 4320 illud
923 4255 1034 4339 vigeat
1056 4255 1219 4338 generale,
1253 4254 1375 4320 fruetus
1399 4254 1539 4319 omnium

204 4362 430 4429 beneficiorum
464 4363 766 4446 ecelesiasticorum,
801 4382 862 4445 que
895 4382 980 4428 nuno
1013 4363 1136 4428 obtinet
1165 4369 1198 4427 et
1227 4382 1298 4427 euru
1332 4361 1539 4446 imposterum

203 4471 351 4537 obtinere
379 4471 560 4555 contigerit,
593 4472 731 4555 integre,
765 4469 937 4542 cotidianIs
965 4469 1243 4536 distributionibus
1283 4468 1451 4534 dumtaxat
1487 4489 1540 4536 ex·

203 4579 318 4665 neptis,
343 4577 510 4662 usquead
534 4578 705 4644 triennium
729 4577 830 4643 libere
853 4579 1021 4664 peroIpere
1046 4577 1164 4643 valeat.

313 4682 384 4748 Tne
407 4681 531 4748 moritis
553 4681 724 4768 probitatis
746 4731 753 4747 .
772 4731 806 4747 ..
854 4679 931 4747 Dat.
956 4681 1051 4747 Asin.
1076 4680 1155 4745 VIII
1178 4680 1224 4746 kl.
1249 4680 1402 4748 februarii
1425 4704 1455 4749 u.
1480 4690 1541 4750 ter-

204 4790 394 4860 ciodooimo.
