3642 5509
226 375 279 430 ros
787 372 856 428 1331
876 371 961 444 spru
981 371 1024 428 aa

227 577 354 623 snamm
379 562 412 623 et
435 555 683 622 distribucioncs
706 554 864 640 pereipiat
888 553 966 640 ipsis
991 554 1154 622 canonicis
1187 573 1242 619 eos
1275 560 1307 617 et
1340 572 1395 619 eas
1424 551 1563 617 deservi·

228 665 364 731 entibus.
424 663 579 747 Idemque
613 662 802 729 scolasticus
836 660 957 726 eisdem
994 662 1157 728 canonicis
1192 660 1234 725 de
1272 660 1337 726 vite
1372 660 1563 726 necessariis

228 771 398 858 provideat
421 776 649 856 competenter.
697 770 739 834 Et
762 771 789 834 si
814 768 891 852 quid
915 770 977 855 ipsi
1001 768 1147 834 canonici
1173 767 1334 834 deservire
1351 768 1562 852 neglexerint,

227 880 289 946 hoc
312 877 416 945 eidem
440 878 610 944 scolastico
634 877 803 942 refundere
824 877 1026 942 tenebuntur.
1062 877 1162 941 Porro
1187 876 1214 941 si
1238 883 1270 941 et
1295 875 1423 959 quando
1448 876 1562 958 aliquis

227 985 407 1052 huiusmodi
432 985 656 1050 canonicorum
681 983 818 1050 adeam
848 989 966 1048 etatem
995 989 1028 1049 et
1052 983 1276 1049 discretionem
1300 982 1493 1069 pervenerit,
1529 989 1564 1048 ut

228 1093 269 1160 ad
295 1093 492 1159 consorcium
517 1090 649 1176 capituli
674 1092 787 1156 merito
811 1091 907 1157 fuerit
930 1090 1148 1174 assumendus,
1180 1097 1212 1156 et
1234 1092 1261 1156 si
1284 1090 1483 1175 scolasticus,
1509 1093 1561 1174 qni

228 1223 286 1287 pro
309 1207 453 1286 tempore
476 1200 583 1282 fuerit,
608 1218 703 1284 snper
727 1199 788 1264 hec
810 1198 983 1282 requisitus
1007 1198 1055 1264 sui
1080 1199 1159 1265 lueri
1185 1219 1283 1265 causa
1312 1207 1368 1264 eut
1396 1198 1478 1264 alias
1502 1199 1563 1264 lor·

229 1309 325 1376 tussis
348 1308 454 1373 animo
478 1305 685 1392 malignando
710 1306 806 1372 talem
832 1308 1019 1372 canonicum
1044 1306 1161 1372 abilem
1194 1314 1226 1372 et
1248 1306 1410 1392 ydoneum
1440 1308 1562 1390 absque

198 1443 216 1468 ο
229 1436 328 1482 causa
343 1413 532 1481 racionabili
549 1414 752 1499 emancipare
769 1415 975 1498 recusaverit,
1001 1414 1086 1497 quod
1104 1421 1246 1480 extunc.
1267 1465 1273 1480 .
1291 1414 1432 1480 decanus
1457 1421 1489 1480 ct
1513 1435 1563 1480 ea·

229 1524 363 1610 pitulum
387 1542 444 1588 seu
466 1523 568 1587 maior
591 1541 666 1607 pars
702 1522 834 1607 capituli
867 1521 1044 1606 plenariam
1078 1521 1221 1588 babeant
1244 1528 1435 1607 potestatem
1461 1524 1563 1608 ipsum

229 1629 459 1716 emancipandi
478 1635 511 1695 et
534 1629 567 1694 in
591 1630 790 1694 consorcium
815 1629 949 1715 capituli
972 1629 1123 1714 ponendi,
1148 1629 1291 1709 dissensu
1315 1631 1476 1696 scolastici
1501 1651 1562 1696 non

228 1738 385 1805 obstante.
433 1736 586 1802 Volumus
610 1742 715 1802 autem
741 1743 773 1801 et
797 1737 975 1820 statuimus,
1010 1744 1045 1802 ut
1068 1737 1202 1820 quilibet
1230 1739 1402 1803 canonicus
1425 1737 1563 1804 emanci-

230 1851 324 1931 patus
348 1865 406 1930 per
428 1844 590 1909 biennium
608 1843 792 1909 continuum
815 1842 858 1909 ad
874 1842 1014 1909 studium
1032 1845 1184 1928 generale
1207 1865 1241 1911 se
1258 1844 1441 1928 transferat,
1467 1847 1564 1930 prius

229 1972 325 2035 quam
349 1951 391 2017 ad
416 1956 574 2016 tractatus
597 1951 731 2037 capituli
755 1949 954 2034 admittatur,
989 1952 1050 2016 nisi
1074 1951 1147 2018 talis
1171 1953 1266 2018 etatis
1290 1951 1424 2018 scientie
1448 1958 1480 2017 et
1503 1951 1565 2018 dis-

229 2060 381 2126 cretionis
404 2059 511 2140 fnerit‚
537 2056 622 2140 quod
647 2056 688 2123 de
712 2057 774 2123 hoc
797 2059 910 2123 merito
935 2057 1054 2123 debeat
1077 2059 1268 2144 supportari.
1316 2059 1384 2124 Hee
1409 2061 1564 2144 premissa

227 2167 442 2252 promittimus
465 2164 524 2231 sub
549 2163 658 2230 debito
682 2164 852 2230 iuramenti
876 2165 977 2230 nostri
1001 2185 1058 2230 nes
1082 2172 1236 2251 perpetuo
1260 2165 1486 2231 inviolabiliter
1510 2167 1564 2232 ob·

228 2293 368 2356 servare,
393 2272 590 2356 suplicantes
614 2270 776 2337 humiliter
799 2281 832 2336 et
855 2270 973 2338 devote
997 2272 1173 2338 reverendo
1203 2273 1236 2337 in
1261 2273 1387 2338 Christo
1418 2272 1503 2359 patri
1532 2281 1564 2339 et

230 2378 359 2444 domino
383 2384 492 2445 nestro
516 2377 645 2443 domino
663 2427 670 2443 .
688 2427 695 2443 .
714 2377 901 2443 baldewino
936 2377 988 2444 dei
1012 2381 1125 2462 gracia
1149 2387 1259 2444 sancte
1283 2379 1490 2446 Treverensis
1514 2399 1564 2446 ec·

230 2486 327 2552 clesie
351 2486 604 2572 archiepiscopo,
644 2493 680 2550 ut
715 2485 789 2550 huic
812 2485 1011 2551 ordinacioni
1036 2496 1144 2552 nostre
1179 2489 1220 2552 eb
1257 2486 1407 2552 bonorem
1444 2486 1496 2553 dei
1532 2495 1564 2552 et

229 2593 365 2661 ecclesie
389 2599 495 2660 nostre
520 2591 721 2659 commodum
745 2593 832 2658 facte
856 2593 1083 2659 auctoritatem
1117 2613 1206 2659 suam
1235 2595 1389 2676 impertiri
1414 2593 1565 2677 dignetur

229 2721 363 2785 eamque
388 2722 429 2767 ex
451 2706 612 2786 potestate
636 2698 797 2766 ordinaria
815 2700 1012 2765 confirmare.
1047 2701 1084 2765 In
1109 2700 1202 2766 buius
1226 2708 1331 2765 auteur
1349 2700 1564 2767 ordinacionis

229 2814 336 2874 nostre
359 2806 541 2873 firmitatem
565 2813 753 2892 perpetuam
789 2812 822 2871 et
857 2807 1073 2872 testimonium
1110 2807 1251 2891 sigillum
1284 2808 1422 2873 ecclesie
1457 2815 1564 2874 nostre

229 2914 415 3000 supradicte
439 2914 589 2980 duximus
612 2915 812 2999 presentibus
836 2914 951 2980 litteris
971 2913 1228 3000 appendendum.
1265 2917 1380 2980 Actum
1405 2921 1437 2980 et
1454 2915 1562 2981 datum

230 3023 262 3087 iu
286 3025 425 3090 crastino
450 3021 542 3088 Beati
559 3021 668 3088 Georii
692 3021 831 3086 martiris
854 3042 938 3087 anno
963 3021 1082 3088 domini
1106 3023 1163 3087 ΜΟ.
1181 3021 1285 3088 0000.
1303 3023 1426 3088 XXX0.
1451 3023 1562 3108 primo.

392 3166 441 3221 Or.
460 3166 583 3221 membr.
610 3167 713 3240 sipillo
739 3167 870 3236 capituli
894 3164 1055 3222 monitum.
1084 3196 1114 3204 —
1139 3165 1278 3220 Alterum
1304 3166 1421 3222 docem.
1441 3167 1563 3220 membr.

391 3253 505 3326 sipillia
528 3256 754 3327 archiepiscopi
773 3261 800 3312 et
820 3257 951 3328 capituli
969 3255 1124 3311 munitum
1143 3256 1271 3310 eumdem
1296 3253 1415 3310 eaebibet
1440 3256 1562 3320 temtum,

390 3339 441 3395 eui
460 3339 550 3396 addit
568 3342 639 3398 bec:

336 3498 380 3562 Et
402 3517 460 3562 nos
483 3497 689 3566 Baldewinus
712 3498 765 3564 dei
789 3499 900 3582 gracia
924 3506 1035 3565 sancte
1059 3498 1267 3564 Treverensis
1297 3496 1433 3563 ecclesie
1463 3494 1564 3560 archi-

230 3602 410 3688 episcopus,
446 3604 529 3670 sacri
564 3604 689 3689 imperii
724 3626 781 3690 per
811 3605 949 3671 Galliam
983 3604 1285 3688 archicancellarius
1317 3602 1480 3688 predictas
1513 3622 1564 3666 or-

230 3710 417 3776 dinaciones
440 3711 597 3796 promissa
620 3719 654 3777 et
676 3718 798 3778 statuta
818 3720 979 3794 tamquam
1006 3713 1219 3778 racionabiles
1242 3719 1275 3776 et
1294 3712 1455 3794 legitimas
1479 3717 1565 3776 ratas

230 3823 263 3882 et
286 3823 396 3900 gratas
419 3816 585 3900 babentes,
609 3819 687 3903 ipsis
711 3839 900 3886 eonsensum
924 3825 1066 3884 nostrum
1083 3819 1296 3884 voluntarium
1320 3817 1509 3883 adhibemus
1533 3823 1565 3882 et

231 3943 286 3989 eas
310 3923 509 4008 presentibus
533 3925 648 3992 litteris
681 3928 715 3992 in
739 3925 791 3991 dei
816 3927 943 3993 nomine
968 3926 1199 4008 confirmamus,
1235 3926 1267 3990 in
1292 3925 1381 3991 cuius
1411 3925 1457 3991 rei
1481 3926 1566 3991 testi·

230 4031 370 4096 monium
394 4037 426 4096 et
450 4032 544 4096 robur
568 4033 706 4116 sigillum
732 4040 874 4098 nostrum
897 4053 961 4098 una
986 4053 1057 4098 eum
1081 4033 1186 4116 sigillo
1210 4031 1300 4112 dieti,
1336 4034 1467 4117 capituli
1498 4053 1565 4117 pre-

230 4137 373 4203 sentibus
398 4145 447 4204 est
469 4159 656 4225 appensum.
710 4143 829 4205 Datum
849 4161 933 4206 anno
957 4140 1076 4206 domini
1102 4141 1159 4204 Μ’).
1184 4139 1290 4206 0000.
1315 4139 1438 4204 XXX0.
1464 4141 1565 4225 primo

230 4246 264 4308 in
288 4244 427 4311 crastino
451 4245 545 4312 Beati
569 4247 679 4313 Georii
703 4249 852 4314 martiris.

392 4389 508 4444 Eodem
528 4387 577 4444 die
597 4388 767 4445 Hertmdcus
791 4388 969 4445 scolasticos
994 4391 1059 4445 ecel.
1079 4388 1323 4462 meporpemsis·
1347 4389 1507 4458 promittit,
1535 4407 1567 4446 33

392 4477 625 4533 observaturum
645 4494 709 4533 3333
728 4477 955 4534 ordinationem
973 4478 1211 4548 suprosriptam.
1251 4481 1299 4534 Or.
1319 4480 1441 4534 membr.
1462 4479 1565 4550 sipillo

391 4582 463 4621 enm
484 4597 518 4606 -
541 4566 726 4623 lliesbodem.
746 4569 834 4623 Arcb.
853 4584 915 4638 rep.
935 4567 1014 4639 erist
1034 4567 1184 4639 Limburp
1203 4585 1250 4622 ar.
1271 4569 1429 4624 122-124.
