<?xml version="1.0" encoding="UTF-8"?>
<!DOCTYPE html PUBLIC "-//W3C//DTD XHTML 1.0 Transitional//EN"
    "http://www.w3.org/TR/xhtml1/DTD/xhtml1-transitional.dtd">
<html xmlns="http://www.w3.org/1999/xhtml" xml:lang="en" lang="en">
 <head>
  <title>
</title>
<meta http-equiv="Content-Type" content="text/html;charset=utf-8" />
  <meta name='ocr-system' content='tesseract 3.04.00' />
  <meta name='ocr-capabilities' content='ocr_page ocr_carea ocr_par ocr_line ocrx_word'/>
</head>
<body>
  <div class='ocr_page' id='page_1' title='image "./urkundenundrege00thimgoog_0322.png"; bbox 0 0 3642 5509; ppageno 0'>
   <div class='ocr_carea' id='block_1_1' title="bbox 768 463 1069 523">
    <p class='ocr_par' dir='ltr' id='par_1_1' title="bbox 768 463 1069 523">
     <span class='ocr_line' id='line_1_1' title="bbox 768 463 1069 523; baseline 0.007 -3"><span class='ocrx_word' id='word_1_1' title='bbox 768 463 838 522; x_wconf 72' lang='lat'>13‘29</span> <span class='ocrx_word' id='word_1_2' title='bbox 856 465 1026 523; x_wconf 80' lang='lat' dir='ltr'><strong>December</strong></span> <span class='ocrx_word' id='word_1_3' title='bbox 1044 465 1069 522; x_wconf 88' lang='grc'><strong><em>6.</em></strong></span> 
     </span>
    </p>
   </div>
   <div class='ocr_carea' id='block_1_2' title="bbox 366 645 1042 736">
    <p class='ocr_par' dir='ltr' id='par_1_2' title="bbox 366 645 1042 736">
     <span class='ocr_line' id='line_1_2' title="bbox 366 645 1042 736; baseline 0.003 -24"><span class='ocrx_word' id='word_1_4' title='bbox 366 645 481 714; x_wconf 84' lang='grc'><strong>1811.</strong></span> <span class='ocrx_word' id='word_1_5' title='bbox 511 649 598 713; x_wconf 84' lang='grc'><strong>1329</strong></span> <span class='ocrx_word' id='word_1_6' title='bbox 622 647 805 715; x_wconf 76' lang='lat' dir='ltr'><strong><em>December</em></strong></span> <span class='ocrx_word' id='word_1_7' title='bbox 827 651 859 714; x_wconf 89' lang='lat'><strong><em>6.</em></strong></span> <span class='ocrx_word' id='word_1_8' title='bbox 875 648 1042 736; x_wconf 78' lang='lat' dir='ltr'><strong><em>Anipnon.</em></strong></span> 
     </span>
    </p>
   </div>
   <div class='ocr_carea' id='block_1_3' title="bbox 256 792 1594 1309">
    <p class='ocr_par' dir='ltr' id='par_1_3' title="bbox 256 792 1594 1309">
     <span class='ocr_line' id='line_1_3' title="bbox 363 792 1592 880; baseline 0.003 -24"><span class='ocrx_word' id='word_1_9' title='bbox 363 792 532 858; x_wconf 79' lang='lat' dir='ltr'><strong><em>Iohannes</em></strong></span> <span class='ocrx_word' id='word_1_10' title='bbox 553 795 663 858; x_wconf 86' lang='lat' dir='ltr'><em>XXII</em></span> <span class='ocrx_word' id='word_1_11' title='bbox 687 795 833 859; x_wconf 81' lang='lat' dir='ltr'><strong><em>Henrico</em></strong></span> <span class='ocrx_word' id='word_1_12' title='bbox 852 796 1029 880; x_wconf 81' lang='lat' dir='ltr'><strong><em>preposito</em></strong></span> <span class='ocrx_word' id='word_1_13' title='bbox 1055 795 1089 860; x_wconf 82' lang='lat' dir='ltr'><strong><em>S.</em></strong></span> <span class='ocrx_word' id='word_1_14' title='bbox 1115 794 1268 861; x_wconf 74' lang='lat' dir='ltr'><strong><em>Severini</em></strong></span> <span class='ocrx_word' id='word_1_15' title='bbox 1294 793 1406 862; x_wconf 81' lang='lat' dir='ltr'><strong><em>Coton.</em></strong></span> <span class='ocrx_word' id='word_1_16' title='bbox 1432 804 1463 861; x_wconf 90' lang='lat' dir='ltr'><strong><em>et</em></strong></span> <span class='ocrx_word' id='word_1_17' title='bbox 1487 795 1592 861; x_wconf 73' lang='grc'><strong>00010-</strong></span> 
     </span>
     <span class='ocr_line' id='line_1_4' title="bbox 259 899 1593 989; baseline 0.003 -25"><span class='ocrx_word' id='word_1_18' title='bbox 259 899 389 964; x_wconf 82' lang='lat' dir='ltr'><strong><em>ncboieo</em></strong></span> <span class='ocrx_word' id='word_1_19' title='bbox 423 901 463 964; x_wconf 88' lang='lat' dir='ltr'><strong><em>de</em></strong></span> <span class='ocrx_word' id='word_1_20' title='bbox 496 901 673 987; x_wconf 77' lang='lat' dir='ltr'><strong><em>Burberpb</em></strong></span> <span class='ocrx_word' id='word_1_21' title='bbox 705 901 879 984; x_wconf 77' lang='lat' dir='ltr'><strong><em>scolastico</em></strong></span> <span class='ocrx_word' id='word_1_22' title='bbox 914 901 1092 967; x_wconf 85' lang='lat' dir='ltr'><strong><em>Bonnensi</em></strong></span> <span class='ocrx_word' id='word_1_23' title='bbox 1124 904 1275 985; x_wconf 84' lang='lat' dir='ltr'><strong><em>mundat,</em></strong></span> <span class='ocrx_word' id='word_1_24' title='bbox 1312 911 1349 968; x_wconf 91' lang='lat' dir='ltr'><strong><em>nt</em></strong></span> <span class='ocrx_word' id='word_1_25' title='bbox 1378 903 1536 989; x_wconf 72' lang='lat' dir='ltr'><strong><em>eolligunt</em></strong></span> <span class='ocrx_word' id='word_1_26' title='bbox 1563 911 1593 968; x_wconf 90' lang='lat' dir='ltr'><strong><em>et</em></strong></span> 
     </span>
     <span class='ocr_line' id='line_1_5' title="bbox 259 1007 1594 1096; baseline 0.004 -25"><span class='ocrx_word' id='word_1_27' title='bbox 259 1007 398 1092; x_wconf 77' lang='lat' dir='ltr'><strong><em>enipunt</em></strong></span> <span class='ocrx_word' id='word_1_28' title='bbox 430 1008 467 1071; x_wconf 89' lang='lat' dir='ltr'><strong><em>in</em></strong></span> <span class='ocrx_word' id='word_1_29' title='bbox 494 1010 674 1093; x_wconf 65' lang='lat' dir='ltr'><strong><em>montania</em></strong></span> <span class='ocrx_word' id='word_1_30' title='bbox 700 1007 889 1075; x_wconf 76' lang='lat' dir='ltr'><strong><em>Coloniensi</em></strong></span> <span class='ocrx_word' id='word_1_31' title='bbox 919 1011 1055 1095; x_wconf 84' lang='lat' dir='ltr'><strong><em>fructus</em></strong></span> <span class='ocrx_word' id='word_1_32' title='bbox 1083 1012 1192 1096; x_wconf 81' lang='lat' dir='ltr'><strong><em>primi</em></strong></span> <span class='ocrx_word' id='word_1_33' title='bbox 1224 1013 1307 1075; x_wconf 88' lang='lat' dir='ltr'><strong><em>unni</em></strong></span> <span class='ocrx_word' id='word_1_34' title='bbox 1330 1013 1479 1076; x_wconf 82' lang='lat' dir='ltr'><strong><em>omniunt</em></strong></span> <span class='ocrx_word' id='word_1_35' title='bbox 1503 1014 1594 1077; x_wconf 86' lang='lat' dir='ltr'><strong><em>bene-</em></strong></span> 
     </span>
     <span class='ocr_line' id='line_1_6' title="bbox 256 1115 1594 1202; baseline 0.004 -25"><span class='ocrx_word' id='word_1_36' title='bbox 256 1115 411 1199; x_wconf 83' lang='lat' dir='ltr'><strong><em>ficiorum</em></strong></span> <span class='ocrx_word' id='word_1_37' title='bbox 443 1116 744 1182; x_wconf 82' lang='lat' dir='ltr'><strong><em>ecclesiasticorum</em></strong></span> <span class='ocrx_word' id='word_1_38' title='bbox 776 1118 971 1181; x_wconf 83' lang='lat' dir='ltr'><strong><em>coeuntium</em></strong></span> <span class='ocrx_word' id='word_1_39' title='bbox 1002 1126 1033 1183; x_wconf 90' lang='lat' dir='ltr'><strong><em>et</em></strong></span> <span class='ocrx_word' id='word_1_40' title='bbox 1061 1139 1122 1202; x_wconf 86' lang='lat' dir='ltr'><strong><em>per</em></strong></span> <span class='ocrx_word' id='word_1_41' title='bbox 1145 1119 1329 1183; x_wconf 82' lang='lat' dir='ltr'><strong><em>trienninm</em></strong></span> <span class='ocrx_word' id='word_1_42' title='bbox 1352 1126 1594 1183; x_wconf 79' lang='lat' dir='ltr'><strong><em>eneutnrornnt</em></strong></span> 
     </span>
     <span class='ocr_line' id='line_1_7' title="bbox 258 1222 1153 1309; baseline 0.003 -24"><span class='ocrx_word' id='word_1_43' title='bbox 258 1223 300 1286; x_wconf 86' lang='lat' dir='ltr'><strong><em>ab</em></strong></span> <span class='ocrx_word' id='word_1_44' title='bbox 323 1222 397 1305; x_wconf 83' lang='lat' dir='ltr'><strong><em>ipso</em></strong></span> <span class='ocrx_word' id='word_1_45' title='bbox 418 1243 515 1306; x_wconf 79' lang='lat' dir='ltr'><strong><em>popo</em></strong></span> <span class='ocrx_word' id='word_1_46' title='bbox 536 1231 785 1288; x_wconf 83' lang='lat' dir='ltr'><strong><em>reserootornm</em></strong></span> <span class='ocrx_word' id='word_1_47' title='bbox 809 1244 939 1289; x_wconf 85' lang='lat' dir='ltr'><strong><em>consere</em></strong></span> <span class='ocrx_word' id='word_1_48' title='bbox 963 1225 1153 1309; x_wconf 78' lang='lat' dir='ltr'><strong><em>apostolice.</em></strong></span> 
     </span>
    </p>
   </div>
   <div class='ocr_carea' id='block_1_4' title="bbox 195 1334 1593 4722">
    <p class='ocr_par' dir='ltr' id='par_1_4' title="bbox 195 1334 1593 1638">
     <span class='ocr_line' id='line_1_8' title="bbox 365 1334 1593 1422; baseline 0.005 -23"><span class='ocrx_word' id='word_1_49' title='bbox 365 1334 535 1420; x_wconf 89' lang='lat' dir='ltr'><strong><em>[Iohannes</em></strong></span> <span class='ocrx_word' id='word_1_50' title='bbox 551 1336 663 1419; x_wconf 84' lang='lat' dir='ltr'>XXII]</span> <span class='ocrx_word' id='word_1_51' title='bbox 687 1337 827 1402; x_wconf 91' lang='lat' dir='ltr'><strong><em>Henrico</em></strong></span> <span class='ocrx_word' id='word_1_52' title='bbox 851 1338 1014 1422; x_wconf 88' lang='lat' dir='ltr'><strong><em>preposito</em></strong></span> <span class='ocrx_word' id='word_1_53' title='bbox 1039 1338 1072 1403; x_wconf 87' lang='lat' dir='ltr'><strong><em>S.</em></strong></span> <span class='ocrx_word' id='word_1_54' title='bbox 1086 1337 1233 1404; x_wconf 86' lang='lat' dir='ltr'><strong><em>Severini</em></strong></span> <span class='ocrx_word' id='word_1_55' title='bbox 1257 1338 1461 1405; x_wconf 83' lang='lat' dir='ltr'><strong><em>Coloniensis</em></strong></span> <span class='ocrx_word' id='word_1_56' title='bbox 1485 1339 1593 1405; x_wconf 73' lang='grc'><strong>01110-</strong></span> 
     </span>
     <span class='ocr_line' id='line_1_9' title="bbox 259 1440 1593 1527; baseline 0.002 -22"><span class='ocrx_word' id='word_1_57' title='bbox 259 1440 430 1507; x_wconf 88' lang='lat' dir='ltr'><strong><em>desehaleo</em></strong></span> <span class='ocrx_word' id='word_1_58' title='bbox 455 1442 495 1507; x_wconf 88' lang='lat' dir='ltr'><strong><em>de</em></strong></span> <span class='ocrx_word' id='word_1_59' title='bbox 519 1442 686 1527; x_wconf 87' lang='lat' dir='ltr'><strong><em>Barberglr</em></strong></span> <span class='ocrx_word' id='word_1_60' title='bbox 711 1443 882 1510; x_wconf 87' lang='lat' dir='ltr'><strong><em>scolastico</em></strong></span> <span class='ocrx_word' id='word_1_61' title='bbox 907 1445 1086 1512; x_wconf 90' lang='lat' dir='ltr'><strong><em>Buuneusis</em></strong></span> <span class='ocrx_word' id='word_1_62' title='bbox 1118 1445 1228 1511; x_wconf 82' lang='lat' dir='ltr'><strong><em>Gelon.</em></strong></span> <span class='ocrx_word' id='word_1_63' title='bbox 1259 1445 1341 1512; x_wconf 92' lang='lat' dir='ltr'><strong><em>dioe.</em></strong></span> <span class='ocrx_word' id='word_1_64' title='bbox 1375 1447 1593 1512; x_wconf 87' lang='lat' dir='ltr'><strong><em>eeclesiarum.</em></strong></span> 
     </span>
     <span class='ocr_line' id='line_1_10' title="bbox 195 1549 1592 1638; baseline 0.003 -24"><span class='ocrx_word' id='word_1_65' title='bbox 195 1629 198 1632; x_wconf 13' lang='lat'><strong>⁴</strong></span> <span class='ocrx_word' id='word_1_66' title='bbox 364 1549 493 1615; x_wconf 86' lang='lat' dir='ltr'><strong>Dudum</strong></span> <span class='ocrx_word' id='word_1_67' title='bbox 517 1551 662 1618; x_wconf 85' lang='lat' dir='ltr'><strong><em>volentes</em></strong></span> <span class='ocrx_word' id='word_1_68' title='bbox 693 1553 809 1618; x_wconf 91' lang='lat' dir='ltr'><strong><em>nostris</em></strong></span> <span class='ocrx_word' id='word_1_69' title='bbox 843 1560 875 1617; x_wconf 87' lang='lat' dir='ltr'><strong><em>et</em></strong></span> <span class='ocrx_word' id='word_1_70' title='bbox 908 1552 1045 1618; x_wconf 80' lang='lat' dir='ltr'><strong><em>ecclesie</em></strong></span> <span class='ocrx_word' id='word_1_71' title='bbox 1069 1553 1212 1619; x_wconf 81' lang='lat' dir='ltr'><strong><em>Romane</em></strong></span> <span class='ocrx_word' id='word_1_72' title='bbox 1243 1554 1489 1620; x_wconf 85' lang='lat' dir='ltr'><strong><em>necessitatibus</em></strong></span> <span class='ocrx_word' id='word_1_73' title='bbox 1522 1575 1592 1638; x_wconf 93' lang='lat' dir='ltr'><strong><em>pro·</em></strong></span> 
     </span>
    </p>

    <p class='ocr_par' dir='ltr' id='par_1_5' title="bbox 249 1657 1592 4722">
     <span class='ocr_line' id='line_1_11' title="bbox 257 1657 1591 1744; baseline 0.002 -22"><span class='ocrx_word' id='word_1_74' title='bbox 257 1657 377 1739; x_wconf 89' lang='lat' dir='ltr'><strong><em>videre,</em></strong></span> <span class='ocrx_word' id='word_1_75' title='bbox 402 1658 525 1723; x_wconf 82' lang='lat' dir='ltr'><strong><em>fruetus</em></strong></span> <span class='ocrx_word' id='word_1_76' title='bbox 548 1658 692 1724; x_wconf 87' lang='lat' dir='ltr'><strong><em>redditus</em></strong></span> <span class='ocrx_word' id='word_1_77' title='bbox 716 1664 748 1724; x_wconf 90' lang='lat' dir='ltr'><strong><em>et</em></strong></span> <span class='ocrx_word' id='word_1_78' title='bbox 771 1666 945 1744; x_wconf 86' lang='lat' dir='ltr'><strong><em>proventus</em></strong></span> <span class='ocrx_word' id='word_1_79' title='bbox 969 1660 1061 1744; x_wconf 88' lang='lat' dir='ltr'><strong><em>primi</em></strong></span> <span class='ocrx_word' id='word_1_80' title='bbox 1086 1661 1160 1726; x_wconf 89' lang='lat' dir='ltr'><strong><em>anni</em></strong></span> <span class='ocrx_word' id='word_1_81' title='bbox 1186 1661 1325 1726; x_wconf 91' lang='lat' dir='ltr'><strong><em>omnium</em></strong></span> <span class='ocrx_word' id='word_1_82' title='bbox 1342 1667 1374 1726; x_wconf 91' lang='lat' dir='ltr'><strong><em>et</em></strong></span> <span class='ocrx_word' id='word_1_83' title='bbox 1395 1661 1591 1744; x_wconf 86' lang='lat' dir='ltr'><strong><em>singulorum</em></strong></span> 
     </span>
     <span class='ocr_line' id='line_1_12' title="bbox 256 1765 1591 1850; baseline 0.002 -20"><span class='ocrx_word' id='word_1_84' title='bbox 256 1765 481 1830; x_wconf 90' lang='lat' dir='ltr'><strong><em>beneficiorum</em></strong></span> <span class='ocrx_word' id='word_1_85' title='bbox 505 1765 796 1831; x_wconf 89' lang='lat' dir='ltr'><strong><em>ecclesiastieorum</em></strong></span> <span class='ocrx_word' id='word_1_86' title='bbox 821 1786 893 1831; x_wconf 91' lang='lat' dir='ltr'><strong><em>eum</em></strong></span> <span class='ocrx_word' id='word_1_87' title='bbox 919 1787 995 1831; x_wconf 92' lang='lat' dir='ltr'><strong><em>cura</em></strong></span> <span class='ocrx_word' id='word_1_88' title='bbox 1019 1767 1071 1832; x_wconf 90' lang='lat' dir='ltr'><strong><em>vel</em></strong></span> <span class='ocrx_word' id='word_1_89' title='bbox 1088 1769 1156 1832; x_wconf 91' lang='lat' dir='ltr'><strong><em>siue</em></strong></span> <span class='ocrx_word' id='word_1_90' title='bbox 1173 1787 1260 1850; x_wconf 90' lang='lat' dir='ltr'><strong><em>cura,</em></strong></span> <span class='ocrx_word' id='word_1_91' title='bbox 1285 1767 1476 1850; x_wconf 87' lang='lat' dir='ltr'><strong><em>dignitatem</em></strong></span> <span class='ocrx_word' id='word_1_92' title='bbox 1494 1768 1591 1833; x_wconf 85' lang='lat' dir='ltr'><strong><em>etiam</em></strong></span> 
     </span>
     <span class='ocr_line' id='line_1_13' title="bbox 256 1873 1592 1959; baseline 0.003 -23"><span class='ocrx_word' id='word_1_93' title='bbox 256 1880 483 1957; x_wconf 80' lang='lat' dir='ltr'><strong><em>personatuum</em></strong></span> <span class='ocrx_word' id='word_1_94' title='bbox 507 1878 539 1938; x_wconf 91' lang='lat' dir='ltr'><strong><em>et</em></strong></span> <span class='ocrx_word' id='word_1_95' title='bbox 562 1873 737 1939; x_wconf 87' lang='lat' dir='ltr'><strong><em>officiorum</em></strong></span> <span class='ocrx_word' id='word_1_96' title='bbox 770 1873 1072 1958; x_wconf 88' lang='lat' dir='ltr'><strong><em>ecelesiasticorum,</em></strong></span> <span class='ocrx_word' id='word_1_97' title='bbox 1101 1876 1364 1940; x_wconf 83' lang='lat' dir='ltr'><strong><em>monasteriorum</em></strong></span> <span class='ocrx_word' id='word_1_98' title='bbox 1394 1874 1592 1959; x_wconf 84' lang='lat' dir='ltr'><strong><em>prioratuum</em></strong></span> 
     </span>
     <span class='ocr_line' id='line_1_14' title="bbox 257 1978 1591 2065; baseline 0.002 -23"><span class='ocrx_word' id='word_1_99' title='bbox 257 1985 289 2042; x_wconf 90' lang='lat' dir='ltr'><strong><em>et</em></strong></span> <span class='ocrx_word' id='word_1_100' title='bbox 312 1978 446 2044; x_wconf 90' lang='lat' dir='ltr'><strong><em>aliorum</em></strong></span> <span class='ocrx_word' id='word_1_101' title='bbox 470 1979 611 2045; x_wconf 89' lang='lat' dir='ltr'><strong><em>locorum</em></strong></span> <span class='ocrx_word' id='word_1_102' title='bbox 636 1981 937 2062; x_wconf 88' lang='lat' dir='ltr'><strong><em>ecclesiastieorum,</em></strong></span> <span class='ocrx_word' id='word_1_103' title='bbox 964 1988 1028 2046; x_wconf 90' lang='lat' dir='ltr'><strong><em>tam</em></strong></span> <span class='ocrx_word' id='word_1_104' title='bbox 1052 1982 1244 2046; x_wconf 84' lang='lat' dir='ltr'><strong><em>secularium</em></strong></span> <span class='ocrx_word' id='word_1_105' title='bbox 1268 2002 1362 2065; x_wconf 91' lang='lat' dir='ltr'><strong><em>quum</em></strong></span> <span class='ocrx_word' id='word_1_106' title='bbox 1387 1981 1591 2065; x_wconf 83' lang='lat' dir='ltr'><strong><em>regularium,</em></strong></span> 
     </span>
     <span class='ocr_line' id='line_1_15' title="bbox 256 2087 1592 2173; baseline 0.002 -23"><span class='ocrx_word' id='word_1_107' title='bbox 256 2093 476 2169; x_wconf 85' lang='lat' dir='ltr'><strong><em>exemptarum</em></strong></span> <span class='ocrx_word' id='word_1_108' title='bbox 500 2092 532 2151; x_wconf 88' lang='lat' dir='ltr'><strong><em>et</em></strong></span> <span class='ocrx_word' id='word_1_109' title='bbox 555 2107 618 2151; x_wconf 91' lang='lat' dir='ltr'><strong><em>nou</em></strong></span> <span class='ocrx_word' id='word_1_110' title='bbox 652 2093 884 2172; x_wconf 83' lang='lat' dir='ltr'><strong><em>exemptarum,</em></strong></span> <span class='ocrx_word' id='word_1_111' title='bbox 919 2107 980 2169; x_wconf 90' lang='lat' dir='ltr'><strong><em>que</em></strong></span> <span class='ocrx_word' id='word_1_112' title='bbox 1013 2089 1044 2152; x_wconf 92' lang='lat' dir='ltr'><strong><em>in</em></strong></span> <span class='ocrx_word' id='word_1_113' title='bbox 1078 2088 1211 2154; x_wconf 88' lang='lat' dir='ltr'><strong><em>civitate</em></strong></span> <span class='ocrx_word' id='word_1_114' title='bbox 1241 2108 1280 2153; x_wconf 87' lang='lat' dir='ltr'><strong><em>ac</em></strong></span> <span class='ocrx_word' id='word_1_115' title='bbox 1310 2087 1430 2154; x_wconf 86' lang='lat' dir='ltr'><strong><em>diocesi</em></strong></span> <span class='ocrx_word' id='word_1_116' title='bbox 1460 2094 1493 2152; x_wconf 92' lang='lat' dir='ltr'><strong><em>et</em></strong></span> <span class='ocrx_word' id='word_1_117' title='bbox 1522 2108 1592 2173; x_wconf 90' lang='lat' dir='ltr'><strong><em>pro·</em></strong></span> 
     </span>
     <span class='ocr_line' id='line_1_16' title="bbox 255 2192 1591 2278; baseline 0.002 -22"><span class='ocrx_word' id='word_1_118' title='bbox 255 2192 362 2258; x_wconf 86' lang='lat' dir='ltr'><strong><em>vincia</em></strong></span> <span class='ocrx_word' id='word_1_119' title='bbox 386 2192 567 2258; x_wconf 82' lang='lat' dir='ltr'><strong><em>Coloniensi</em></strong></span> <span class='ocrx_word' id='word_1_120' title='bbox 600 2200 677 2258; x_wconf 91' lang='lat' dir='ltr'><strong><em>tuuc</em></strong></span> <span class='ocrx_word' id='word_1_121' title='bbox 711 2194 871 2259; x_wconf 88' lang='lat' dir='ltr'><strong><em>vacabant</em></strong></span> <span class='ocrx_word' id='word_1_122' title='bbox 901 2200 934 2259; x_wconf 91' lang='lat' dir='ltr'><strong><em>et</em></strong></span> <span class='ocrx_word' id='word_1_123' title='bbox 964 2214 1025 2277; x_wconf 91' lang='lat' dir='ltr'><strong><em>que</em></strong></span> <span class='ocrx_word' id='word_1_124' title='bbox 1053 2193 1219 2278; x_wconf 90' lang='lat' dir='ltr'><strong><em>usquead</em></strong></span> <span class='ocrx_word' id='word_1_125' title='bbox 1249 2195 1417 2260; x_wconf 90' lang='lat' dir='ltr'><strong><em>triennium</em></strong></span> <span class='ocrx_word' id='word_1_126' title='bbox 1442 2194 1591 2276; x_wconf 83' lang='lat' dir='ltr'><strong><em>qualiter·</em></strong></span> 
     </span>
     <span class='ocr_line' id='line_1_17' title="bbox 256 2301 1591 2386; baseline 0.001 -21"><span class='ocrx_word' id='word_1_127' title='bbox 256 2319 392 2382; x_wconf 90' lang='lat' dir='ltr'><strong><em>eumque</em></strong></span> <span class='ocrx_word' id='word_1_128' title='bbox 408 2305 441 2364; x_wconf 89' lang='lat' dir='ltr'><strong><em>et</em></strong></span> <span class='ocrx_word' id='word_1_129' title='bbox 455 2301 648 2383; x_wconf 89' lang='lat' dir='ltr'><strong><em>ubicumque</em></strong></span> <span class='ocrx_word' id='word_1_130' title='bbox 667 2348 675 2366; x_wconf 87' lang='lat'><strong>.</strong></span> <span class='ocrx_word' id='word_1_131' title='bbox 694 2351 701 2366; x_wconf 93' lang='lat'><strong>.</strong></span> <span class='ocrx_word' id='word_1_132' title='bbox 720 2350 727 2366; x_wconf 88' lang='lat'><strong>.</strong></span> <span class='ocrx_word' id='word_1_133' title='bbox 744 2321 862 2366; x_wconf 90' lang='lat' dir='ltr'><strong><em>vacare</em></strong></span> <span class='ocrx_word' id='word_1_134' title='bbox 879 2301 1089 2386; x_wconf 89' lang='lat' dir='ltr'><strong><em>contingeret,</em></strong></span> <span class='ocrx_word' id='word_1_135' title='bbox 1115 2303 1211 2367; x_wconf 89' lang='lat' dir='ltr'><strong><em>certis</em></strong></span> <span class='ocrx_word' id='word_1_136' title='bbox 1228 2302 1373 2367; x_wconf 86' lang='lat' dir='ltr'><strong><em>eeclesiis</em></strong></span> <span class='ocrx_word' id='word_1_137' title='bbox 1389 2301 1591 2367; x_wconf 88' lang='lat' dir='ltr'><strong><em>monasteriis</em></strong></span> 
     </span>
     <span class='ocr_line' id='line_1_18' title="bbox 257 2405 1591 2492; baseline 0.002 -21"><span class='ocrx_word' id='word_1_138' title='bbox 257 2405 469 2490; x_wconf 85' lang='lat' dir='ltr'><strong><em>dignitatibus</em></strong></span> <span class='ocrx_word' id='word_1_139' title='bbox 494 2415 526 2472; x_wconf 92' lang='lat' dir='ltr'><strong><em>et</em></strong></span> <span class='ocrx_word' id='word_1_140' title='bbox 549 2407 714 2472; x_wconf 87' lang='lat' dir='ltr'><strong><em>beneficiis</em></strong></span> <span class='ocrx_word' id='word_1_141' title='bbox 738 2413 845 2471; x_wconf 89' lang='lat' dir='ltr'><strong><em>tamen</em></strong></span> <span class='ocrx_word' id='word_1_142' title='bbox 870 2409 1026 2492; x_wconf 87' lang='lat' dir='ltr'><strong><em>exeeptis,</em></strong></span> <span class='ocrx_word' id='word_1_143' title='bbox 1051 2427 1108 2492; x_wconf 90' lang='lat' dir='ltr'><strong><em>per</em></strong></span> <span class='ocrx_word' id='word_1_144' title='bbox 1130 2407 1256 2472; x_wconf 89' lang='lat' dir='ltr'><strong><em>litteras</em></strong></span> <span class='ocrx_word' id='word_1_145' title='bbox 1279 2413 1404 2472; x_wconf 87' lang='lat' dir='ltr'><strong><em>nostras</em></strong></span> <span class='ocrx_word' id='word_1_146' title='bbox 1427 2407 1509 2474; x_wconf 89' lang='lat' dir='ltr'><strong><em>alias</em></strong></span> <span class='ocrx_word' id='word_1_147' title='bbox 1532 2409 1591 2474; x_wconf 91' lang='lat' dir='ltr'><strong><em>sub</em></strong></span> 
     </span>
     <span class='ocr_line' id='line_1_19' title="bbox 255 2512 1592 2598; baseline 0.002 -20"><span class='ocrx_word' id='word_1_148' title='bbox 255 2520 345 2579; x_wconf 86' lang='lat' dir='ltr'><strong><em>certa</em></strong></span> <span class='ocrx_word' id='word_1_149' title='bbox 376 2513 478 2578; x_wconf 90' lang='lat' dir='ltr'><strong><em>forma</em></strong></span> <span class='ocrx_word' id='word_1_150' title='bbox 505 2512 718 2579; x_wconf 80' lang='lat' dir='ltr'><strong><em>reservandos</em></strong></span> <span class='ocrx_word' id='word_1_151' title='bbox 741 2513 891 2578; x_wconf 82' lang='lat' dir='ltr'><strong><em>duximus</em></strong></span> <span class='ocrx_word' id='word_1_152' title='bbox 916 2519 949 2578; x_wconf 91' lang='lat' dir='ltr'><strong><em>et</em></strong></span> <span class='ocrx_word' id='word_1_153' title='bbox 971 2520 1079 2580; x_wconf 90' lang='lat' dir='ltr'><strong><em>nostre</em></strong></span> <span class='ocrx_word' id='word_1_154' title='bbox 1103 2532 1229 2579; x_wconf 90' lang='lat' dir='ltr'><strong><em>camere</em></strong></span> <span class='ocrx_word' id='word_1_155' title='bbox 1258 2513 1470 2598; x_wconf 87' lang='lat' dir='ltr'><strong><em>applicandos</em></strong></span> <span class='ocrx_word' id='word_1_156' title='bbox 1494 2517 1592 2581; x_wconf 85' lang='lat' dir='ltr'><strong><em>certis</em></strong></span> 
     </span>
     <span class='ocr_line' id='line_1_20' title="bbox 256 2618 1591 2707; baseline 0.002 -22"><span class='ocrx_word' id='word_1_157' title='bbox 256 2640 351 2707; x_wconf 90' lang='lat' dir='ltr'><strong><em>super</em></strong></span> <span class='ocrx_word' id='word_1_158' title='bbox 384 2618 445 2685; x_wconf 88' lang='lat' dir='ltr'><strong><em>hoe</em></strong></span> <span class='ocrx_word' id='word_1_159' title='bbox 478 2619 703 2686; x_wconf 85' lang='lat' dir='ltr'><strong><em>collectoribus</em></strong></span> <span class='ocrx_word' id='word_1_160' title='bbox 735 2620 910 2704; x_wconf 88' lang='lat' dir='ltr'><strong><em>deputatis.</em></strong></span> <span class='ocrx_word' id='word_1_161' title='bbox 966 2621 1009 2685; x_wconf 86' lang='lat' dir='ltr'><strong><em>Et</em></strong></span> <span class='ocrx_word' id='word_1_162' title='bbox 1038 2621 1113 2686; x_wconf 90' lang='lat' dir='ltr'><strong><em>lieet</em></strong></span> <span class='ocrx_word' id='word_1_163' title='bbox 1144 2620 1224 2685; x_wconf 90' lang='lat' dir='ltr'><strong><em>dicti</em></strong></span> <span class='ocrx_word' id='word_1_164' title='bbox 1253 2620 1442 2688; x_wconf 85' lang='lat' dir='ltr'><strong><em>collectores</em></strong></span> <span class='ocrx_word' id='word_1_165' title='bbox 1465 2627 1498 2686; x_wconf 89' lang='lat' dir='ltr'><strong><em>et</em></strong></span> <span class='ocrx_word' id='word_1_166' title='bbox 1521 2623 1591 2688; x_wconf 87' lang='lat' dir='ltr'><strong><em>sub·</em></strong></span> 
     </span>
     <span class='ocr_line' id='line_1_21' title="bbox 256 2726 1590 2812; baseline 0.001 -20"><span class='ocrx_word' id='word_1_167' title='bbox 256 2727 445 2793; x_wconf 81' lang='lat' dir='ltr'><strong><em>collectores</em></strong></span> <span class='ocrx_word' id='word_1_168' title='bbox 476 2728 518 2792; x_wconf 93' lang='lat' dir='ltr'><strong><em>ab</em></strong></span> <span class='ocrx_word' id='word_1_169' title='bbox 549 2727 595 2793; x_wconf 91' lang='lat' dir='ltr'><strong><em>eis</em></strong></span> <span class='ocrx_word' id='word_1_170' title='bbox 625 2726 770 2812; x_wconf 88' lang='lat' dir='ltr'><strong><em>deputati</em></strong></span> <span class='ocrx_word' id='word_1_171' title='bbox 796 2728 882 2792; x_wconf 90' lang='lat' dir='ltr'><strong><em>eirca</em></strong></span> <span class='ocrx_word' id='word_1_172' title='bbox 906 2726 1128 2795; x_wconf 84' lang='lat' dir='ltr'><strong><em>collectionem</em></strong></span> <span class='ocrx_word' id='word_1_173' title='bbox 1153 2726 1311 2794; x_wconf 90' lang='lat' dir='ltr'><strong><em>dictorum</em></strong></span> <span class='ocrx_word' id='word_1_174' title='bbox 1335 2728 1496 2793; x_wconf 85' lang='lat' dir='ltr'><strong><em>fruetuum</em></strong></span> <span class='ocrx_word' id='word_1_175' title='bbox 1521 2728 1590 2794; x_wconf 90' lang='lat' dir='ltr'><strong><em>dili·</em></strong></span> 
     </span>
     <span class='ocr_line' id='line_1_22' title="bbox 255 2833 1590 2919; baseline 0.002 -20"><span class='ocrx_word' id='word_1_176' title='bbox 255 2836 396 2919; x_wconf 81' lang='lat' dir='ltr'><strong><em>gentiam</em></strong></span> <span class='ocrx_word' id='word_1_177' title='bbox 421 2833 627 2899; x_wconf 88' lang='lat' dir='ltr'><strong><em>adhibuerint</em></strong></span> <span class='ocrx_word' id='word_1_178' title='bbox 649 2833 836 2916; x_wconf 87' lang='lat' dir='ltr'><strong><em>studiosam,</em></strong></span> <span class='ocrx_word' id='word_1_179' title='bbox 861 2847 969 2899; x_wconf 85' lang='lat' dir='ltr'><strong><em>tamen</em></strong></span> <span class='ocrx_word' id='word_1_180' title='bbox 993 2833 1100 2900; x_wconf 89' lang='lat' dir='ltr'><strong><em>adhue</em></strong></span> <span class='ocrx_word' id='word_1_181' title='bbox 1123 2834 1275 2900; x_wconf 90' lang='lat' dir='ltr'><strong><em>nonnulla</em></strong></span> <span class='ocrx_word' id='word_1_182' title='bbox 1298 2841 1421 2902; x_wconf 88' lang='lat' dir='ltr'><strong><em>restare</em></strong></span> <span class='ocrx_word' id='word_1_183' title='bbox 1442 2835 1590 2902; x_wconf 89' lang='lat' dir='ltr'><strong><em>dicuntur</em></strong></span> 
     </span>
     <span class='ocr_line' id='line_1_23' title="bbox 255 2940 1591 3026; baseline 0.002 -20"><span class='ocrx_word' id='word_1_184' title='bbox 255 2943 287 3006; x_wconf 92' lang='lat' dir='ltr'><strong><em>in</em></strong></span> <span class='ocrx_word' id='word_1_185' title='bbox 311 2941 433 3008; x_wconf 88' lang='lat' dir='ltr'><strong><em>eisdem</em></strong></span> <span class='ocrx_word' id='word_1_186' title='bbox 466 2941 599 3007; x_wconf 85' lang='lat' dir='ltr'><strong><em>civitate</em></strong></span> <span class='ocrx_word' id='word_1_187' title='bbox 633 2940 755 3007; x_wconf 86' lang='lat' dir='ltr'><strong><em>diocesi</em></strong></span> <span class='ocrx_word' id='word_1_188' title='bbox 779 2948 811 3006; x_wconf 93' lang='lat' dir='ltr'><strong><em>et</em></strong></span> <span class='ocrx_word' id='word_1_189' title='bbox 834 2941 1002 3026; x_wconf 83' lang='lat' dir='ltr'><strong><em>provincia</em></strong></span> <span class='ocrx_word' id='word_1_190' title='bbox 1026 2940 1067 3007; x_wconf 92' lang='lat' dir='ltr'><strong><em>de</em></strong></span> <span class='ocrx_word' id='word_1_191' title='bbox 1097 2941 1192 3008; x_wconf 90' lang='lat' dir='ltr'><strong><em>dietis</em></strong></span> <span class='ocrx_word' id='word_1_192' title='bbox 1224 2941 1379 3007; x_wconf 84' lang='lat' dir='ltr'><strong><em>fructibus</em></strong></span> <span class='ocrx_word' id='word_1_193' title='bbox 1412 2941 1591 3009; x_wconf 87' lang='lat' dir='ltr'><strong><em>redditibus</em></strong></span> 
     </span>
     <span class='ocr_line' id='line_1_24' title="bbox 256 3047 1589 3134; baseline 0.001 -20"><span class='ocrx_word' id='word_1_194' title='bbox 256 3055 288 3114; x_wconf 91' lang='lat' dir='ltr'><strong><em>et</em></strong></span> <span class='ocrx_word' id='word_1_195' title='bbox 320 3050 529 3134; x_wconf 86' lang='lat' dir='ltr'><strong><em>proventibus</em></strong></span> <span class='ocrx_word' id='word_1_196' title='bbox 560 3047 691 3114; x_wconf 87' lang='lat' dir='ltr'><strong><em>residua</em></strong></span> <span class='ocrx_word' id='word_1_197' title='bbox 723 3047 914 3132; x_wconf 88' lang='lat' dir='ltr'><strong><em>colligenda.</em></strong></span> <span class='ocrx_word' id='word_1_198' title='bbox 972 3047 1131 3126; x_wconf 88' lang='lat' dir='ltr'><strong><em>Quocirca</em></strong></span> <span class='ocrx_word' id='word_1_199' title='bbox 1159 3047 1345 3114; x_wconf 88' lang='lat' dir='ltr'><strong><em>discretioni</em></strong></span> <span class='ocrx_word' id='word_1_200' title='bbox 1371 3056 1476 3114; x_wconf 91' lang='lat' dir='ltr'><strong><em>vestre</em></strong></span> <span class='ocrx_word' id='word_1_201' title='bbox 1505 3099 1511 3112; x_wconf 95' lang='lat'><em>.</em></span> <span class='ocrx_word' id='word_1_202' title='bbox 1543 3098 1549 3114; x_wconf 93' lang='lat'><em>.</em></span> <span class='ocrx_word' id='word_1_203' title='bbox 1581 3099 1589 3115; x_wconf 91' lang='lat'><strong>.</strong></span> 
     </span>
     <span class='ocr_line' id='line_1_25' title="bbox 256 3153 1591 3240; baseline 0.001 -20"><span class='ocrx_word' id='word_1_204' title='bbox 256 3157 481 3221; x_wconf 90' lang='lat' dir='ltr'><strong><em>committimus</em></strong></span> <span class='ocrx_word' id='word_1_205' title='bbox 505 3162 537 3221; x_wconf 89' lang='lat' dir='ltr'><strong><em>et</em></strong></span> <span class='ocrx_word' id='word_1_206' title='bbox 560 3155 758 3237; x_wconf 91' lang='lat' dir='ltr'><strong><em>mandamus,</em></strong></span> <span class='ocrx_word' id='word_1_207' title='bbox 791 3155 939 3236; x_wconf 87' lang='lat' dir='ltr'><strong><em>quatinus</em></strong></span> <span class='ocrx_word' id='word_1_208' title='bbox 967 3153 1096 3221; x_wconf 88' lang='lat' dir='ltr'><strong><em>residua</em></strong></span> <span class='ocrx_word' id='word_1_209' title='bbox 1126 3154 1318 3238; x_wconf 88' lang='lat' dir='ltr'><strong><em>huiusmodi,</em></strong></span> <span class='ocrx_word' id='word_1_210' title='bbox 1349 3175 1445 3240; x_wconf 89' lang='lat' dir='ltr'><strong><em>super</em></strong></span> <span class='ocrx_word' id='word_1_211' title='bbox 1474 3155 1591 3238; x_wconf 87' lang='lat' dir='ltr'><strong><em>quibus</em></strong></span> 
     </span>
     <span class='ocr_line' id='line_1_26' title="bbox 253 3261 1589 3347; baseline -0.001 -18"><span class='ocrx_word' id='word_1_212' title='bbox 253 3284 311 3329; x_wconf 87' lang='lat' dir='ltr'><strong><em>vos</em></strong></span> <span class='ocrx_word' id='word_1_213' title='bbox 344 3264 514 3330; x_wconf 86' lang='lat' dir='ltr'><strong><em>summarie</em></strong></span> <span class='ocrx_word' id='word_1_214' title='bbox 547 3263 738 3347; x_wconf 88' lang='lat' dir='ltr'><strong><em>simpliciter</em></strong></span> <span class='ocrx_word' id='word_1_215' title='bbox 768 3270 800 3327; x_wconf 89' lang='lat' dir='ltr'><strong><em>et</em></strong></span> <span class='ocrx_word' id='word_1_216' title='bbox 824 3261 865 3327; x_wconf 90' lang='lat' dir='ltr'><strong><em>de</em></strong></span> <span class='ocrx_word' id='word_1_217' title='bbox 899 3262 1006 3346; x_wconf 88' lang='lat' dir='ltr'><strong><em>plano,</em></strong></span> <span class='ocrx_word' id='word_1_218' title='bbox 1039 3261 1067 3327; x_wconf 90' lang='lat' dir='ltr'><strong><em>si</em></strong></span> <span class='ocrx_word' id='word_1_219' title='bbox 1097 3281 1227 3327; x_wconf 90' lang='lat' dir='ltr'><strong><em>neeesse</em></strong></span> <span class='ocrx_word' id='word_1_220' title='bbox 1257 3262 1366 3344; x_wconf 86' lang='lat' dir='ltr'><strong><em>fuerit,</em></strong></span> <span class='ocrx_word' id='word_1_221' title='bbox 1400 3261 1589 3346; x_wconf 88' lang='lat' dir='ltr'><strong><em>informetis,</em></strong></span> 
     </span>
     <span class='ocr_line' id='line_1_27' title="bbox 254 3367 1591 3456; baseline -0.001 -20"><span class='ocrx_word' id='word_1_222' title='bbox 254 3379 364 3455; x_wconf 89' lang='lat' dir='ltr'><strong><em>petere</em></strong></span> <span class='ocrx_word' id='word_1_223' title='bbox 393 3372 524 3453; x_wconf 78' lang='lat' dir='ltr'><strong><em>exigere</em></strong></span> <span class='ocrx_word' id='word_1_224' title='bbox 547 3379 580 3435; x_wconf 93' lang='lat' dir='ltr'><strong><em>et</em></strong></span> <span class='ocrx_word' id='word_1_225' title='bbox 602 3368 746 3456; x_wconf 90' lang='lat' dir='ltr'><strong><em>recipere</em></strong></span> <span class='ocrx_word' id='word_1_226' title='bbox 770 3375 878 3434; x_wconf 90' lang='lat' dir='ltr'><strong><em>nostro</em></strong></span> <span class='ocrx_word' id='word_1_227' title='bbox 902 3374 935 3433; x_wconf 89' lang='lat' dir='ltr'><strong><em>et</em></strong></span> <span class='ocrx_word' id='word_1_228' title='bbox 958 3367 1100 3434; x_wconf 91' lang='lat' dir='ltr'><strong><em>eiusdem</em></strong></span> <span class='ocrx_word' id='word_1_229' title='bbox 1125 3387 1252 3434; x_wconf 89' lang='lat' dir='ltr'><strong><em>camere</em></strong></span> <span class='ocrx_word' id='word_1_230' title='bbox 1276 3368 1425 3453; x_wconf 85' lang='lat' dir='ltr'><strong><em>[nomine]</em></strong></span> <span class='ocrx_word' id='word_1_231' title='bbox 1451 3389 1508 3453; x_wconf 88' lang='lat' dir='ltr'><strong><em>per</em></strong></span> <span class='ocrx_word' id='word_1_232' title='bbox 1532 3391 1591 3435; x_wconf 89' lang='lat' dir='ltr'><strong><em>vos</em></strong></span> 
     </span>
     <span class='ocr_line' id='line_1_28' title="bbox 254 3474 1588 3560; baseline -0.001 -18"><span class='ocrx_word' id='word_1_233' title='bbox 254 3486 287 3542; x_wconf 92' lang='lat' dir='ltr'><strong><em>et</em></strong></span> <span class='ocrx_word' id='word_1_234' title='bbox 310 3477 560 3543; x_wconf 89' lang='lat' dir='ltr'><strong><em>subcollectores</em></strong></span> <span class='ocrx_word' id='word_1_235' title='bbox 584 3499 603 3541; x_wconf 93' lang='lat' dir='ltr'><strong><em>a</em></strong></span> <span class='ocrx_word' id='word_1_236' title='bbox 627 3477 719 3541; x_wconf 91' lang='lat' dir='ltr'><strong><em>vobis</em></strong></span> <span class='ocrx_word' id='word_1_237' title='bbox 752 3475 955 3560; x_wconf 89' lang='lat' dir='ltr'><strong><em>deputandos</em></strong></span> <span class='ocrx_word' id='word_1_238' title='bbox 988 3495 1083 3560; x_wconf 90' lang='lat' dir='ltr'><strong><em>super</em></strong></span> <span class='ocrx_word' id='word_1_239' title='bbox 1117 3474 1177 3541; x_wconf 93' lang='lat' dir='ltr'><strong><em>hoe</em></strong></span> <span class='ocrx_word' id='word_1_240' title='bbox 1208 3474 1376 3556; x_wconf 85' lang='lat' dir='ltr'><strong><em>studeatis,</em></strong></span> <span class='ocrx_word' id='word_1_241' title='bbox 1411 3475 1588 3542; x_wconf 89' lang='lat' dir='ltr'><strong><em>contradic·</em></strong></span> 
     </span>
     <span class='ocr_line' id='line_1_29' title="bbox 254 3582 1589 3668; baseline -0.001 -18"><span class='ocrx_word' id='word_1_242' title='bbox 254 3591 339 3650; x_wconf 88' lang='lat' dir='ltr'><strong><em>tores</em></strong></span> <span class='ocrx_word' id='word_1_243' title='bbox 363 3592 425 3651; x_wconf 91' lang='lat' dir='ltr'><strong><em>etc.</em></strong></span> <span class='ocrx_word' id='word_1_244' title='bbox 445 3634 452 3650; x_wconf 93' lang='lat'><strong>.</strong></span> <span class='ocrx_word' id='word_1_245' title='bbox 470 3634 504 3648; x_wconf 94' lang='lat'><strong><em>..</em></strong></span> <span class='ocrx_word' id='word_1_246' title='bbox 540 3584 694 3649; x_wconf 89' lang='lat' dir='ltr'><strong><em>Volumus</em></strong></span> <span class='ocrx_word' id='word_1_247' title='bbox 718 3591 836 3664; x_wconf 90' lang='lat' dir='ltr'><strong><em>autem,</em></strong></span> <span class='ocrx_word' id='word_1_248' title='bbox 865 3603 944 3666; x_wconf 87' lang='lat' dir='ltr'><strong><em>quos</em></strong></span> <span class='ocrx_word' id='word_1_249' title='bbox 975 3603 1039 3666; x_wconf 91' lang='lat' dir='ltr'><strong><em>eos,</em></strong></span> <span class='ocrx_word' id='word_1_250' title='bbox 1065 3605 1085 3648; x_wconf 92' lang='lat' dir='ltr'><strong><em>a</em></strong></span> <span class='ocrx_word' id='word_1_251' title='bbox 1108 3583 1224 3666; x_wconf 92' lang='lat' dir='ltr'><strong><em>quibus</em></strong></span> <span class='ocrx_word' id='word_1_252' title='bbox 1250 3582 1435 3668; x_wconf 86' lang='lat' dir='ltr'><strong><em>receperitis</em></strong></span> <span class='ocrx_word' id='word_1_253' title='bbox 1459 3582 1589 3649; x_wconf 87' lang='lat' dir='ltr'><strong><em>residua</em></strong></span> 
     </span>
     <span class='ocr_line' id='line_1_30' title="bbox 253 3689 1586 3778; baseline 0 -20"><span class='ocrx_word' id='word_1_254' title='bbox 253 3691 450 3777; x_wconf 89' lang='lat' dir='ltr'><strong><em>supradicta,</em></strong></span> <span class='ocrx_word' id='word_1_255' title='bbox 483 3693 614 3778; x_wconf 91' lang='lat' dir='ltr'><strong><em>possitis</em></strong></span> <span class='ocrx_word' id='word_1_256' title='bbox 642 3691 809 3757; x_wconf 83' lang='lat' dir='ltr'><strong><em>absolvere</em></strong></span> <span class='ocrx_word' id='word_1_257' title='bbox 838 3691 963 3776; x_wconf 88' lang='lat' dir='ltr'><strong><em>plenius</em></strong></span> <span class='ocrx_word' id='word_1_258' title='bbox 993 3698 1025 3756; x_wconf 91' lang='lat' dir='ltr'><strong><em>et</em></strong></span> <span class='ocrx_word' id='word_1_259' title='bbox 1050 3692 1174 3773; x_wconf 88' lang='lat' dir='ltr'><strong><em>quitare</em></strong></span> <span class='ocrx_word' id='word_1_260' title='bbox 1198 3689 1239 3756; x_wconf 90' lang='lat' dir='ltr'><strong><em>de</em></strong></span> <span class='ocrx_word' id='word_1_261' title='bbox 1263 3690 1335 3771; x_wconf 89' lang='lat' dir='ltr'><strong><em>hiis,</em></strong></span> <span class='ocrx_word' id='word_1_262' title='bbox 1360 3689 1520 3774; x_wconf 85' lang='lat' dir='ltr'><strong><em>quoinde</em></strong></span> <span class='ocrx_word' id='word_1_263' title='bbox 1545 3693 1586 3758; x_wconf 91' lang='lat' dir='ltr'><strong><em>ab</em></strong></span> 
     </span>
     <span class='ocr_line' id='line_1_31' title="bbox 253 3797 1588 3885; baseline -0.001 -19"><span class='ocrx_word' id='word_1_264' title='bbox 253 3800 331 3885; x_wconf 90' lang='lat' dir='ltr'><strong><em>ipsis</em></strong></span> <span class='ocrx_word' id='word_1_265' title='bbox 354 3801 498 3885; x_wconf 89' lang='lat' dir='ltr'><strong><em>recipere</em></strong></span> <span class='ocrx_word' id='word_1_266' title='bbox 522 3819 579 3864; x_wconf 88' lang='lat' dir='ltr'><strong><em>vos</em></strong></span> <span class='ocrx_word' id='word_1_267' title='bbox 603 3801 777 3882; x_wconf 89' lang='lat' dir='ltr'><strong><em>continget,</em></strong></span> <span class='ocrx_word' id='word_1_268' title='bbox 801 3818 926 3864; x_wconf 91' lang='lat' dir='ltr'><strong><em>necnon</em></strong></span> <span class='ocrx_word' id='word_1_269' title='bbox 949 3805 982 3864; x_wconf 88' lang='lat' dir='ltr'><strong><em>et</em></strong></span> <span class='ocrx_word' id='word_1_270' title='bbox 1009 3800 1055 3864; x_wconf 91' lang='lat' dir='ltr'><strong><em>eis</em></strong></span> <span class='ocrx_word' id='word_1_271' title='bbox 1071 3819 1090 3863; x_wconf 89' lang='lat' dir='ltr'><strong><em>a</em></strong></span> <span class='ocrx_word' id='word_1_272' title='bbox 1107 3799 1222 3882; x_wconf 92' lang='lat' dir='ltr'><strong><em>quibus</em></strong></span> <span class='ocrx_word' id='word_1_273' title='bbox 1239 3797 1340 3881; x_wconf 84' lang='lat' dir='ltr'><strong><em>[libet]</em></strong></span> <span class='ocrx_word' id='word_1_274' title='bbox 1368 3797 1588 3882; x_wconf 88' lang='lat' dir='ltr'><strong><em>spiritualibus</em></strong></span> 
     </span>
     <span class='ocr_line' id='line_1_32' title="bbox 253 3904 1587 3991; baseline 0.001 -20"><span class='ocrx_word' id='word_1_275' title='bbox 253 3907 430 3988; x_wconf 87' lang='lat' dir='ltr'><strong><em>sententiis,</em></strong></span> <span class='ocrx_word' id='word_1_276' title='bbox 456 3927 535 3988; x_wconf 88' lang='lat' dir='ltr'><strong><em>quas</em></strong></span> <span class='ocrx_word' id='word_1_277' title='bbox 552 3914 724 3991; x_wconf 89' lang='lat' dir='ltr'><strong><em>propterea</em></strong></span> <span class='ocrx_word' id='word_1_278' title='bbox 747 3905 964 3987; x_wconf 86' lang='lat' dir='ltr'><strong><em>incurrissent,</em></strong></span> <span class='ocrx_word' id='word_1_279' title='bbox 990 3905 1075 3990; x_wconf 91' lang='lat' dir='ltr'><strong><em>quod</em></strong></span> <span class='ocrx_word' id='word_1_280' title='bbox 1093 3905 1273 3972; x_wconf 90' lang='lat' dir='ltr'><strong><em>huiusmodi</em></strong></span> <span class='ocrx_word' id='word_1_281' title='bbox 1298 3905 1421 3970; x_wconf 84' lang='lat' dir='ltr'><strong><em>tructus</em></strong></span> <span class='ocrx_word' id='word_1_282' title='bbox 1442 3904 1587 3972; x_wconf 86' lang='lat' dir='ltr'><strong><em>redditus</em></strong></span> 
     </span>
     <span class='ocr_line' id='line_1_33' title="bbox 252 4011 1587 4099; baseline -0.001 -21"><span class='ocrx_word' id='word_1_283' title='bbox 252 4022 295 4079; x_wconf 72' lang='lat' dir='ltr'><strong><em>et‘</em></strong></span> <span class='ocrx_word' id='word_1_284' title='bbox 309 4020 482 4099; x_wconf 88' lang='lat' dir='ltr'><strong><em>proventus</em></strong></span> <span class='ocrx_word' id='word_1_285' title='bbox 500 4013 550 4078; x_wconf 87' lang='lat' dir='ltr'><strong><em>vel</em></strong></span> <span class='ocrx_word' id='word_1_286' title='bbox 575 4033 682 4078; x_wconf 91' lang='lat' dir='ltr'><strong><em>eorum</em></strong></span> <span class='ocrx_word' id='word_1_287' title='bbox 708 4011 837 4077; x_wconf 89' lang='lat' dir='ltr'><strong><em>residua</em></strong></span> <span class='ocrx_word' id='word_1_288' title='bbox 861 4012 894 4077; x_wconf 91' lang='lat' dir='ltr'><strong><em>in</em></strong></span> <span class='ocrx_word' id='word_1_289' title='bbox 918 4013 1048 4080; x_wconf 88' lang='lat' dir='ltr'><strong><em>statutis</em></strong></span> <span class='ocrx_word' id='word_1_290' title='bbox 1072 4013 1216 4078; x_wconf 90' lang='lat' dir='ltr'><strong><em>terminis</em></strong></span> <span class='ocrx_word' id='word_1_291' title='bbox 1240 4033 1301 4077; x_wconf 90' lang='lat' dir='ltr'><strong><em>uon</em></strong></span> <span class='ocrx_word' id='word_1_292' title='bbox 1319 4013 1497 4094; x_wconf 78' lang='lat' dir='ltr'><strong><em>solvissent,</em></strong></span> <span class='ocrx_word' id='word_1_293' title='bbox 1515 4021 1587 4097; x_wconf 89' lang='lat' dir='ltr'><strong><em>post</em></strong></span> 
     </span>
     <span class='ocr_line' id='line_1_34' title="bbox 252 4118 1589 4204; baseline -0.001 -17"><span class='ocrx_word' id='word_1_294' title='bbox 252 4121 506 4187; x_wconf 82' lang='lat' dir='ltr'><strong><em>satisfactionem</em></strong></span> <span class='ocrx_word' id='word_1_295' title='bbox 522 4119 597 4185; x_wconf 92' lang='lat' dir='ltr'><strong><em>iude</em></strong></span> <span class='ocrx_word' id='word_1_296' title='bbox 614 4119 706 4185; x_wconf 84' lang='lat' dir='ltr'><strong><em>vobis</em></strong></span> <span class='ocrx_word' id='word_1_297' title='bbox 726 4121 892 4204; x_wconf 88' lang='lat' dir='ltr'><strong><em>prestitam</em></strong></span> <span class='ocrx_word' id='word_1_298' title='bbox 909 4118 1121 4186; x_wconf 90' lang='lat' dir='ltr'><strong><em>absolutionis</em></strong></span> <span class='ocrx_word' id='word_1_299' title='bbox 1143 4119 1332 4187; x_wconf 85' lang='lat' dir='ltr'><strong><em>beneficium</em></strong></span> <span class='ocrx_word' id='word_1_300' title='bbox 1349 4121 1438 4185; x_wconf 83' lang='lat' dir='ltr'><strong><em>iuxta</em></strong></span> <span class='ocrx_word' id='word_1_301' title='bbox 1454 4120 1589 4187; x_wconf 88' lang='lat' dir='ltr'><strong><em>turmam</em></strong></span> 
     </span>
     <span class='ocr_line' id='line_1_35' title="bbox 252 4222 1591 4313; baseline -0.001 -19"><span class='ocrx_word' id='word_1_302' title='bbox 252 4222 392 4295; x_wconf 86' lang='lat' dir='ltr'><strong><em>ecclesie</em></strong></span> <span class='ocrx_word' id='word_1_303' title='bbox 421 4227 626 4313; x_wconf 89' lang='lat' dir='ltr'><strong><em>impendatis,</em></strong></span> <span class='ocrx_word' id='word_1_304' title='bbox 671 4247 742 4292; x_wconf 92' lang='lat' dir='ltr'><strong><em>eum</em></strong></span> <span class='ocrx_word' id='word_1_305' title='bbox 776 4227 822 4292; x_wconf 89' lang='lat' dir='ltr'><strong><em>eis</em></strong></span> <span class='ocrx_word' id='word_1_306' title='bbox 855 4247 952 4312; x_wconf 91' lang='lat' dir='ltr'><strong><em>super</em></strong></span> <span class='ocrx_word' id='word_1_307' title='bbox 983 4227 1233 4312; x_wconf 85' lang='lat' dir='ltr'><strong><em>irregularitate,</em></strong></span> <span class='ocrx_word' id='word_1_308' title='bbox 1277 4247 1372 4310; x_wconf 90' lang='lat' dir='ltr'><strong><em>quam</em></strong></span> <span class='ocrx_word' id='word_1_309' title='bbox 1411 4227 1591 4292; x_wconf 90' lang='lat' dir='ltr'><strong><em>huiusmodi</em></strong></span> 
     </span>
     <span class='ocr_line' id='line_1_36' title="bbox 252 4333 1588 4420; baseline 0.001 -20"><span class='ocrx_word' id='word_1_310' title='bbox 252 4335 343 4420; x_wconf 89' lang='lat' dir='ltr'><strong><em>ligati</em></strong></span> <span class='ocrx_word' id='word_1_311' title='bbox 367 4335 539 4401; x_wconf 90' lang='lat' dir='ltr'><strong><em>sentenciis</em></strong></span> <span class='ocrx_word' id='word_1_312' title='bbox 563 4333 755 4400; x_wconf 90' lang='lat' dir='ltr'><strong><em>celebrando</em></strong></span> <span class='ocrx_word' id='word_1_313' title='bbox 779 4334 889 4400; x_wconf 89' lang='lat' dir='ltr'><strong><em>diviua</em></strong></span> <span class='ocrx_word' id='word_1_314' title='bbox 913 4335 964 4400; x_wconf 88' lang='lat' dir='ltr'><strong><em>vel</em></strong></span> <span class='ocrx_word' id='word_1_315' title='bbox 987 4333 1186 4402; x_wconf 89' lang='lat' dir='ltr'><strong><em>inmiseeudo</em></strong></span> <span class='ocrx_word' id='word_1_316' title='bbox 1211 4354 1245 4400; x_wconf 90' lang='lat' dir='ltr'><strong><em>se</em></strong></span> <span class='ocrx_word' id='word_1_317' title='bbox 1269 4335 1332 4400; x_wconf 87' lang='lat' dir='ltr'><strong><em>illis</em></strong></span> <span class='ocrx_word' id='word_1_318' title='bbox 1356 4335 1491 4399; x_wconf 88' lang='lat' dir='ltr'><strong><em>forsitan</em></strong></span> <span class='ocrx_word' id='word_1_319' title='bbox 1516 4355 1588 4401; x_wconf 93' lang='lat' dir='ltr'><strong><em>eon-</em></strong></span> 
     </span>
     <span class='ocr_line' id='line_1_37' title="bbox 251 4440 1588 4527; baseline -0.001 -20"><span class='ocrx_word' id='word_1_320' title='bbox 251 4442 439 4524; x_wconf 82' lang='lat' dir='ltr'><strong><em>traxisseut,</em></strong></span> <span class='ocrx_word' id='word_1_321' title='bbox 474 4442 724 4507; x_wconf 88' lang='lat' dir='ltr'><strong><em>misericorditer</em></strong></span> <span class='ocrx_word' id='word_1_322' title='bbox 757 4442 980 4507; x_wconf 86' lang='lat' dir='ltr'><strong><em>nichilominus</em></strong></span> <span class='ocrx_word' id='word_1_323' title='bbox 1014 4440 1248 4527; x_wconf 87' lang='lat' dir='ltr'><strong><em>dispensando,</em></strong></span> <span class='ocrx_word' id='word_1_324' title='bbox 1284 4443 1330 4505; x_wconf 88' lang='lat' dir='ltr'><strong><em>ita</em></strong></span> <span class='ocrx_word' id='word_1_325' title='bbox 1363 4450 1469 4506; x_wconf 89' lang='lat' dir='ltr'><strong><em>tamen</em></strong></span> <span class='ocrx_word' id='word_1_326' title='bbox 1504 4441 1588 4523; x_wconf 91' lang='lat' dir='ltr'><strong><em>quod</em></strong></span> 
     </span>
     <span class='ocr_line' id='line_1_38' title="bbox 251 4547 1587 4634; baseline 0 -20"><span class='ocrx_word' id='word_1_327' title='bbox 251 4570 410 4614; x_wconf 90' lang='lat' dir='ltr'><strong><em>eameram</em></strong></span> <span class='ocrx_word' id='word_1_328' title='bbox 443 4547 622 4634; x_wconf 83' lang='lat' dir='ltr'><strong><em>predictam</em></strong></span> <span class='ocrx_word' id='word_1_329' title='bbox 656 4548 697 4612; x_wconf 89' lang='lat' dir='ltr'><strong><em>de</em></strong></span> <span class='ocrx_word' id='word_1_330' title='bbox 732 4548 869 4614; x_wconf 89' lang='lat' dir='ltr'><strong><em>residuis</em></strong></span> <span class='ocrx_word' id='word_1_331' title='bbox 897 4548 1079 4615; x_wconf 89' lang='lat' dir='ltr'><strong><em>huiusmodi</em></strong></span> <span class='ocrx_word' id='word_1_332' title='bbox 1110 4549 1197 4614; x_wconf 91' lang='lat' dir='ltr'><strong><em>clare</em></strong></span> <span class='ocrx_word' id='word_1_333' title='bbox 1224 4548 1462 4634; x_wconf 87' lang='lat' dir='ltr'><strong><em>particulariter</em></strong></span> <span class='ocrx_word' id='word_1_334' title='bbox 1487 4557 1518 4614; x_wconf 90' lang='lat' dir='ltr'><strong><em>et</em></strong></span> <span class='ocrx_word' id='word_1_335' title='bbox 1542 4547 1587 4614; x_wconf 91' lang='lat' dir='ltr'><strong><em>di·</em></strong></span> 
     </span>
     <span class='ocr_line' id='line_1_39' title="bbox 249 4653 1587 4722; baseline 0.001 -2"><span class='ocrx_word' id='word_1_336' title='bbox 249 4657 367 4722; x_wconf 87' lang='lat' dir='ltr'><strong><em>stincte</em></strong></span> <span class='ocrx_word' id='word_1_337' title='bbox 401 4655 559 4720; x_wconf 90' lang='lat' dir='ltr'><strong><em>studeatis</em></strong></span> <span class='ocrx_word' id='word_1_338' title='bbox 593 4655 729 4720; x_wconf 87' lang='lat' dir='ltr'><strong><em>reddere</em></strong></span> <span class='ocrx_word' id='word_1_339' title='bbox 761 4655 937 4721; x_wconf 88' lang='lat' dir='ltr'><strong><em>certiorem.</em></strong></span> <span class='ocrx_word' id='word_1_340' title='bbox 989 4656 1064 4720; x_wconf 91' lang='lat' dir='ltr'><strong><em>Dat.</em></strong></span> <span class='ocrx_word' id='word_1_341' title='bbox 1088 4655 1183 4720; x_wconf 80' lang='lat' dir='ltr'><strong><em>Avia.</em></strong></span> <span class='ocrx_word' id='word_1_342' title='bbox 1209 4655 1285 4719; x_wconf 92' lang='lat' dir='ltr'><strong><em>Vlll</em></strong></span> <span class='ocrx_word' id='word_1_343' title='bbox 1312 4654 1383 4722; x_wconf 89' lang='lat' dir='ltr'><strong><em>idus</em></strong></span> <span class='ocrx_word' id='word_1_344' title='bbox 1408 4653 1587 4721; x_wconf 89' lang='lat' dir='ltr'><strong><em>decembris</em></strong></span> 
     </span>
    </p>
   </div>
   <div class='ocr_carea' id='block_1_5' title="bbox 250 4763 1151 4940">
    <p class='ocr_par' dir='ltr' id='par_1_6' title="bbox 250 4763 1151 4940">
     <span class='ocr_line' id='line_1_40' title="bbox 250 4763 557 4846; baseline -0.01 -17"><span class='ocrx_word' id='word_1_345' title='bbox 250 4786 279 4829; x_wconf 89' lang='lat' dir='ltr'><strong><em>a.</em></strong></span> <span class='ocrx_word' id='word_1_346' title='bbox 305 4763 557 4846; x_wconf 85' lang='lat' dir='ltr'><strong><em>quartodecimo.</em></strong></span> 
     </span>
     <span class='ocr_line' id='line_1_41' title="bbox 410 4869 1151 4940; baseline 0.001 -15"><span class='ocrx_word' id='word_1_347' title='bbox 410 4871 483 4940; x_wconf 74' lang='lat' dir='ltr'><strong><em>Rep.</em></strong></span> <span class='ocrx_word' id='word_1_348' title='bbox 504 4873 556 4924; x_wconf 87' lang='grc'><strong><em>115</em></strong></span> <span class='ocrx_word' id='word_1_349' title='bbox 570 4885 620 4939; x_wconf 82' lang='lat' dir='ltr'><strong><em>ps.</em></strong></span> <span class='ocrx_word' id='word_1_350' title='bbox 640 4869 676 4922; x_wconf 84' lang='grc' dir='ltr'><strong><em>ΙΙ</em></strong></span> <span class='ocrx_word' id='word_1_351' title='bbox 691 4869 715 4939; x_wconf 85' lang='lat' dir='ltr'><strong><em>f.</em></strong></span> <span class='ocrx_word' id='word_1_352' title='bbox 735 4870 799 4923; x_wconf 70' lang='lat'><strong><em>149¹</em></strong></span> <span class='ocrx_word' id='word_1_353' title='bbox 817 4887 866 4923; x_wconf 88' lang='lat' dir='ltr'><strong><em>nr.</em></strong></span> <span class='ocrx_word' id='word_1_354' title='bbox 886 4871 975 4924; x_wconf 71' lang='lat'><strong><em>1866.-</em></strong></span> <span class='ocrx_word' id='word_1_355' title='bbox 994 4870 1046 4925; x_wconf 78' lang='lat' dir='ltr'><strong><em>ne.</em></strong></span> <span class='ocrx_word' id='word_1_356' title='bbox 1067 4870 1151 4926; x_wconf 82' lang='grc'><strong>1828.</strong></span> 
     </span>
    </p>
   </div>
   <div class='ocr_carea' id='block_1_6' title="bbox 0 0 1826 5509">
    <p class='ocr_par' dir='ltr' id='par_1_7' title="bbox 0 0 1826 5509">
     <span class='ocr_line' id='line_1_42' title="bbox 0 0 1826 5509; baseline 0 2"><span class='ocrx_word' id='word_1_357' title='bbox 0 0 1826 5509; x_wconf 95' lang='lat' dir='ltr'><strong><em> </em></strong></span> 
     </span>
    </p>
   </div>
  </div>
 </body>
</html>
