3642 5509
279 419 333 478 486
815 420 883 479 taes
902 420 1022 478 Januar
1041 421 1083 478 12.

280 604 351 669 liari
375 625 432 670 suo
458 604 635 673 domestico
660 609 692 669 et
717 604 923 670 commensali
948 606 1100 670 continuo
1124 605 1336 690 supplicantis
1358 611 1501 670 reservat
1522 604 1617 669 bene·

279 712 386 779 licium
417 715 670 782 ecclesiasticum
700 734 770 780 cum
801 734 878 780 cura
905 713 958 779 vel
988 714 1058 779 sine
1088 733 1174 796 cura,
1208 712 1299 778 cuius
1326 713 1460 796 fructus,
1493 713 1615 778 sicum

280 841 368 904 cura,
401 823 582 907 sexaginta,
616 823 743 889 sivero
773 823 842 888 sine
870 841 948 887 cura
978 822 1085 903 fuerit,
1119 819 1334 904 quadraginta
1358 821 1510 886 iitrarunr
1535 828 1616 887 turo·

279 930 424 995 nensium
448 951 619 1016 parvorum
643 951 668 996 s.
694 936 717 995 t.
743 929 774 996 d.
805 929 947 995 valorem
978 949 1117 994 annuum
1148 949 1211 993 non
1240 927 1410 1011 excedunt,
1444 927 1485 992 ad
1510 927 1615 1013 dispo

279 1037 426 1102 sitionem
462 1039 618 1124 prepositi
651 1038 767 1103 decani
803 1043 836 1102 et
871 1036 1004 1121 capituli
1037 1037 1115 1101 eccl.
1151 1035 1211 1102 SS.
1239 1035 1468 1121 Apostolorum
1504 1036 1614 1102 Colon.

281 1147 489 1212 communiter
513 1147 564 1211 vel
588 1145 716 1212 divisim
740 1146 914 1230 pertinens.

388 1249 1615 1339 mmmfflwuwmfflwmd

280 1381 310 1426 a.
334 1361 448 1446 primo.

387 1469 424 1535 ln
449 1488 476 1534 s.
494 1490 536 1534 m.
560 1469 716 1555 episcopo
733 1467 891 1535 Verdensi
916 1475 949 1534 et
972 1466 1098 1534 decano
1122 1467 1156 1533 S.
1181 1468 1327 1535 Severini
1350 1466 1459 1534 Bolon.
1484 1487 1524 1533 ac
1547 1487 1615 1553 pre·

279 1575 385 1661 posito
409 1574 442 1642 S.
460 1576 550 1642 Petri
574 1575 615 1642 ds
639 1577 795 1643 Manzano
820 1576 967 1643 Astensis
991 1574 1076 1642 dioc.
1101 1575 1321 1642 ecclesiarum.

439 1702 512 1772 ch.
533 1702 588 1758 119
608 1703 745 1767 πν.174,·
768 1702 819 1758 Ra.
839 1702 923 1758 1688.

384 1994 530 2061 12222.
556 1995 642 2061 1335
668 1997 807 2062 Jaacar
825 1998 877 2061 12.
907 1993 1073 2083 Aoiqaoa.

387 2138 581 2205 Benedictus
605 2140 670 2204 Xll
706 2139 815 2205 abbati
844 2141 1029 2206 monasterii
1055 2139 1204 2206 indensis
1229 2140 1340 2206 Colon.
1365 2139 1448 2206 dioc.
1473 2138 1616 2216 mandat,

281 2247 431 2331 quatinus
455 2267 504 2329 ea,
529 2265 591 2330 que
616 2245 772 2313 debonis
796 2246 933 2312 ecclesie
958 2247 993 2312 B.
1017 2247 1118 2313 llario
1142 2249 1301 2330 Aquensis
1324 2247 1426 2313 Leod.
1450 2246 1534 2315 dioc.
1558 2267 1617 2332 per

282 2355 504 2421 eoncessiones
527 2373 585 2439 per
609 2352 751 2420 eiusdem
776 2355 913 2420 ecclesie
937 2353 1078 2420 decanos
1095 2362 1127 2420 et
1149 2356 1323 2440 capitulum
1347 2355 1451 2421 factas
1474 2355 1616 2420 alienata

280 2462 438 2528 invenerit
460 2462 573 2527 illicite
596 2460 647 2527 vel
672 2460 837 2538 distracta,
863 2461 905 2527 ad
928 2463 978 2528 ius
1001 2469 1035 2528 et
1058 2462 1286 2549 proprietatem
1315 2462 1451 2528 ecclesie
1474 2461 1615 2528 eiusdem

281 2568 425 2653 legitime
447 2588 601 2635 revocare
624 2575 783 2656 procuret.

388 2675 439 2741 Ad
463 2676 661 2743 audientiam
685 2683 830 2744 nostram
853 2678 1067 2763 pervenit...
1114 2680 1190 2743 Dat.
1214 2678 1309 2743 Asin.
1330 2679 1363 2743 ll
1386 2677 1458 2744 idus
1482 2679 1618 2744 ianuarii

282 2805 311 2849 a.
337 2785 451 2870 primu.

448 2909 497 2964 Or.
516 2911 641 2965 membr.
659 2927 727 2966 cram
743 2912 873 2981 plumbo
891 2911 985 2980 pand.
1012 2909 1075 2966 Sub
1090 2909 1178 2980 plica
1191 2911 1233 2965 od
1246 2910 1387 2967 ciniso..-
1405 2896 1616 2968 ffiltffirn.

441 2999 480 3052 In
494 2997 567 3068 plia.
587 3000 629 3054 ad
648 3001 756 3056 dccrtr:
776 3001 810 3056 N.
832 3001 869 3055 dc
884 3041 891 3055 .
904 3040 910 3053 .
923 3002 1002 3056 .viet
1013 3042 1019 3055 .
1031 3041 1055 3054 ..
1070 3031 1103 3039 -
1123 3001 1161 3055 la
1181 3003 1289 3057 dorso.-
1307 3002 1425 3057 Franco
1445 3003 1484 3056 do
1502 3001 1616 3056 Ruella.

441 3089 636 3162 Ddsseldorf.
661 3091 750 3149 Arcto.
769 3107 832 3164 rep.
856 3089 1050 3162 Maecenatist
1068 3092 1189 3149 Aacltcn
1207 3108 1255 3146 ar.
1276 3094 1339 3147 165.

385 3371 514 3439 2223.
539 3375 626 3439 1335
649 3376 788 3441 Jaaaor
810 3377 864 3439 31.
890 3372 1055 3462 Aoiqaoa.

390 3515 584 3582 Benedictus
620 3517 685 3582 ΧΠ
728 3516 969 3602 quamplurimis
1008 3519 1262 3605 archiepiscopis
1297 3537 1469 3601 eorumque
1504 3518 1616 3583 suffra·

282 3623 394 3707 ganeis
416 3630 448 3689 et
471 3625 504 3688 in
528 3643 636 3689 eorum
660 3644 791 3690 numero
808 3624 990 3692 Coloniensi
1007 3646 1133 3710 quoque
1150 3628 1338 3693 transmittit
1355 3625 1506 3692 lobannis
1518 3625 1616 3690 XXII

282 3731 406 3797 litteras
442 3736 620 3798 tractantes
655 3731 696 3797 de
731 3732 883 3818 passagio
913 3733 1107 3820 aPhilippo
1142 3753 1219 3818 rege
1249 3734 1387 3799 Francis
1418 3733 1451 3797 in
1483 3733 1616 3798 Terram

282 3837 435 3904 Sanctam
460 3837 610 3905 faciendo
627 3844 659 3904 et
676 3837 859 3905 dedecima
883 3840 917 3904 in
933 3841 1033 3907 Terre
1049 3839 1167 3906 Sancte
1192 3840 1367 3908 subsidium
1389 3838 1616 3922 convertenda.

389 3943 441 4009 Ad
465 3945 662 4032 eripiendum
687 3947 820 4012 Terram
844 3946 1079 4014 Sanctam...
1126 3949 1202 4014 Dat.
1220 3950 1313 4013 Avin.
1338 3949 1369 4012 ll
1393 3947 1439 4016 kl.
1463 3947 1616 4013 februarii

283 4073 313 4118 a.
338 4052 451 4137 primo.

447 4178 518 4248 ch.
539 4178 595 4234 120
613 4195 660 4233 nr.
682 4181 717 4246 1;
737 4179 787 4234 Ra.
809 4181 889 4234 1700.

390 4446 516 4514 2224.
542 4451 629 4515 1335
653 4452 792 4516 Jaauar
809 4453 864 4515 31.
889 4450 1054 4537 Aoiqaoa.

389 4589 584 4657 Benedictus
607 4592 675 4657 XlI
708 4593 842 4659 Iohanni
870 4593 1024 4678 episcopo
1049 4595 1217 4660 Portuensi
1242 4595 1366 4661 confert
1391 4597 1614 4662 canonicatum

283 4705 316 4764 ct
348 4698 582 4784 preposituram
614 4701 692 4765 eccl.
718 4700 898 4766 Bonnensis
922 4701 1033 4768 Goion.
1068 4699 1152 4769 dioc.
1188 4710 1342 4768 vacantes
1374 4724 1415 4768 ex
1446 4724 1494 4786 eo,
1532 4702 1617 4787 quod

283 4807 437 4890 magister
475 4805 658 4872 Bernardus
696 4807 853 4892 Stephani
892 4807 1140 4874 archidiaconus
1175 4809 1216 4876 de
1253 4811 1375 4876 Alnisio
1411 4812 1444 4876 in
1479 4812 1617 4877 ecclesia
