3642 5509
306 413 359 470 506
834 413 1093 468 trasumenum
1115 414 1155 467 13.

305 613 345 658 ex
370 593 449 680 ipsis
477 595 605 680 plenum
638 593 823 660 mondatum
856 599 889 659 et
911 594 1046 659 liberam
1069 598 1262 679 potestatem
1287 600 1392 660 vestre
1426 596 1555 678 sperate
1578 588 1638 654 cle

304 701 423 767 mentie
455 721 543 768 meas
578 711 610 767 et
641 701 787 788 predicte
811 701 947 768 ecclesie
970 701 1157 785 Magantine
1192 708 1344 785 urgentes
1378 708 1411 767 et
1434 696 1636 765 inevitabiles

305 809 515 876 necessitates
539 810 600 895 ipsi
624 810 762 876 ecclesie
778 809 965 894 Magantine
989 815 1023 874 et
1045 809 1142 874 michi
1159 810 1303 893 graviter
1318 810 1520 875 imminentes
1543 825 1638 890 expo-

305 915 411 999 nendi,
449 937 562 983 causas
593 925 625 982 et
658 917 789 998 motiva,
823 936 923 999 quare
955 917 996 981 ad
1028 916 1293 1000 gubernationem
1328 936 1384 981 seu
1408 913 1636 1000 protectionem

305 1023 406 1108 ipsius
436 1025 571 1090 ecclesie
595 1025 781 1107 llaguntine
815 1024 964 1090 inductus
998 1023 1122 1105 luerim,
1156 1023 1280 1108 plenius
1304 1020 1500 1109 explicandi,
1533 1026 1638 1085 vestre

305 1131 469 1195 sanctitati
493 1150 588 1216 super
612 1131 854 1196 conservatione
877 1136 980 1196 status
1004 1131 1103 1195 nostri
1127 1137 1160 1195 ct
1183 1129 1313 1196 honoris
1336 1136 1369 1195 et
1392 1128 1479 1194 dicte
1502 1125 1637 1193 ecclesie

305 1236 492 1320 Magantine
528 1237 688 1303 humiliter
722 1236 925 1322 supplicandi
958 1257 997 1302 ae
1032 1238 1128 1302 etiam
1163 1239 1263 1323 ipsius
1292 1237 1428 1303 ecclesie
1452 1233 1639 1320 Maguntine

306 1349 413 1408 castra
446 1344 621 1410 fortallicia
654 1344 748 1410 villas
782 1343 880 1429 opida
909 1343 1147 1410 iurisdictiones
1170 1350 1203 1410 et
1225 1344 1297 1409 iura
1319 1345 1352 1409 in
1375 1363 1487 1408 manus
1522 1339 1639 1408 saneti·

306 1451 382 1516 tatis
407 1458 512 1516 vestre
535 1450 675 1537 ponendi
708 1459 741 1517 et
764 1450 949 1534 resignandi
983 1451 1111 1535 aliaque
1143 1471 1214 1517 meo
1240 1451 1366 1517 nomine
1390 1448 1542 1532 faciendi,
1577 1467 1640 1529 quc

306 1557 393 1622 cirea
417 1558 477 1628 hoe
501 1561 682 1626 necessaria
705 1558 823 1624 fuerint
847 1559 898 1625 vel
922 1565 1088 1644 oportuna,
1122 1566 1225 1623 ratum
1256 1565 1289 1623 et
1311 1564 1439 1641 gratum
1463 1556 1639 1635 habiturus,

306 1665 457 1747 quiequid
488 1668 550 1732 mei
582 1673 805 1750 procuratores
838 1665 975 1751 predicti
1011 1686 1082 1731 meo
1105 1667 1232 1731 nomine
1256 1665 1381 1750 egerint
1415 1664 1448 1730 in
1478 1661 1641 1749 premissis

305 1773 364 1836 sub
396 1792 502 1838 rerum
534 1793 674 1840 mearum
699 1775 839 1839 omnium
861 1772 1035 1858 ypotheca,
1071 1792 1128 1858 per
1159 1774 1247 1858 ipsos
1281 1779 1314 1837 et
1337 1792 1408 1837 cum
1432 1772 1511 1857 ipsis
1533 1777 1640 1835 vestre

305 1881 471 1945 sanctitati
495 1879 672 1947 humillima
687 1880 860 1947 devotione
877 1881 1073 1967 supplicans,
1098 1881 1248 1964 quatinus
1265 1900 1316 1946 me
1332 1885 1472 1946 vestrum
1488 1877 1640 1943 devotum

307 1985 417 2070 lilium,
453 1988 620 2054 ecelesiam
645 2009 748 2054 meam
773 1988 1004 2054 Treverensem
1037 2008 1077 2053 ac
1100 1988 1204 2073 ipsam
1227 1987 1397 2053 ecclesiam
1420 1983 1641 2070 Magantinam

305 2093 337 2157 in
363 2095 477 2161 vestris
501 2093 677 2179 dignemini
707 2115 821 2178 gerere
845 2096 1021 2162 visceribus
1049 2096 1196 2160 caritatis
1229 2094 1371 2177 mihique
1393 2113 1465 2159 meo
1488 2093 1584 2157 statui
1608 2097 1643 2156 et

308 2199 418 2266 honori
452 2208 485 2267 et
516 2203 618 2287 ipsius
648 2202 783 2268 ecclesie
808 2202 995 2286 Magantinc
1027 2203 1090 2266 iam
1124 2200 1244 2267 dudum
1281 2221 1338 2286 per
1373 2220 1423 2265 me
1447 2198 1642 2265 desideratis

307 2308 474 2375 commodo
507 2316 540 2376 et
572 2311 655 2394 paci,
692 2309 745 2395 pie
778 2315 881 2394 pater,
912 2308 1087 2392 dignemini
1121 2308 1343 2374 favorabiliter
1374 2305 1554 2393 providere.
1601 2307 1640 2370 ln

307 2435 439 2498 quorum
474 2417 613 2482 omnium
649 2416 843 2483 evidentiam
876 2423 982 2481 vestre
1016 2417 1182 2482 sanctitati
1217 2422 1382 2501 presentes
1418 2415 1542 2479 litteras
1576 2414 1641 2478 mei

306 2522 505 2606 appensione
537 2523 635 2607 sigilli
660 2525 869 2589 communitas
901 2522 979 2589 duxi
1014 2523 1047 2588 in
1070 2523 1207 2589 ferventi
1242 2522 1425 2588 devotionis
1460 2519 1643 2586 constantia

308 2625 525 2696 destinandas.
573 2631 691 2696 Datum
721 2631 855 2696 Treveri
888 2650 972 2696 anno
1006 2629 1126 2695 domiui
1158 2631 1325 2697 millesimo
1349 2628 1459 2696 000⁰.
1484 2627 1641 2692 XXXVI.

309 2733 362 2801 die
385 2737 461 2802 Xll.
487 2739 605 2803 mensis
627 2738 818 2803 novembris.

474 2879 746 2948 (transsumptum
770 2877 805 2934 in
827 2877 985 2934 Benedicti
1007 2879 1071 2932 XII
1091 2876 1211 2933 litteras
1229 2879 1285 2933 aab
1304 2893 1352 2932 ar.
1372 2876 1469 2944 2270).
1488 2878 1561 2947 Bcp.
1581 2876 1642 2930 122

471 2967 495 3036 f.
516 2970 560 3023 16‘
578 2984 625 3022 ar.
649 2970 694 3022 16.
733 2967 778 3037 Cf.
798 2967 958 3040 Rapnatdi
985 2968 1064 3023 Asin.
1084 2968 1151 3023 eccl.
1170 2967 1191 3038 §
1209 2968 1259 3030 59;
1297 2967 1454 3028 Mnus,
1474 2965 1545 3023 ooo.
1565 2964 1641 3034 dipl.

475 3057 531 3125 III,
544 3057 609 3113 298.

415 3422 544 3490 2269.
576 3427 663 3490 1336
687 3425 870 3490 December
894 3426 947 3488 13.
971 3422 1136 3510 Aoipnoa.

416 3583 610 3650 Benedictus
634 3583 699 3649 Xll
736 3583 769 3649 S.
803 3582 925 3649 Matbie
958 3589 1052 3649 extra
1084 3601 1190 3648 muros
1219 3583 1351 3647 Trever.
1381 3585 1414 3646 et
1443 3579 1478 3646 S.
1502 3577 1645 3644 Pantba·

307 3691 409 3757 leonis
432 3690 541 3757 Oolon.
568 3690 636 3756 ord.
662 3690 696 3757 S.
720 3689 889 3756 Benedicti
914 3690 1180 3756 monasteriorum
1203 3688 1376 3754 abbatibus
1399 3686 1542 3768 mandat,
1566 3705 1644 3769 qua·

309 3799 392 3864 tinus
417 3797 591 3864 secundum
615 3803 738 3863 statuta
760 3799 801 3863 ab
825 3798 895 3883 ipso
919 3818 1006 3883 papa
1029 3797 1155 3862 noviter
1172 3794 1261 3862 edita
1277 3793 1400 3860 ordinis
1415 3792 1644 3859 monachorum

309 3904 482 3990 nigrorum,
513 3906 627 3989 quibus
654 3905 739 3970 inter
767 3904 832 3970 alia
854 3911 1043 3990 preceptum
1068 3909 1127 3978 est,
1157 3901 1244 3986 quod
1266 3903 1300 3967 iu
1324 3900 1436 3967 ordine
1459 3900 1586 3986 prefato
1608 3900 1645 3963 in

310 4011 444 4094 singulis
468 4012 643 4097 provinciis
667 4010 723 4076 liat
756 4010 796 4076 de
830 4012 967 4077 triennio
996 4012 1029 4076 in
1053 4010 1223 4075 triennium
1247 4007 1422 4093 capitulum
1444 4005 1646 4093 provinciale

309 4118 396 4205 apud
420 4139 515 4185 unum
540 4118 581 4185 de
606 4119 808 4185 monasteriis
832 4118 973 4184 eiusdem
998 4117 1128 4201 ordinis,
1152 4136 1211 4201 pro
1236 4114 1430 4181 celebrando
1454 4113 1517 4179 bac
1539 4113 1646 4198 prima

310 4227 381 4293 vice
405 4226 585 4293 huiusmodi
616 4226 757 4312 capitulo
786 4227 818 4290 in
842 4225 1025 4292 Coloniensi
1051 4231 1085 4291 et
1112 4222 1305 4289 Treverensi
1333 4221 1507 4308 provinciis
1536 4220 1645 4286 locum

310 4341 343 4400 et
371 4333 455 4400 diem
489 4354 666 4418 congruum
698 4332 821 4418 eligant
853 4339 886 4397 et
919 4333 1053 4398 abbates
1080 4351 1120 4396 ac
1152 4331 1278 4416 priores
1306 4329 1385 4395 dicti
1414 4328 1536 4395 ordinis
1569 4348 1644 4394 con·

310 4447 438 4508 vocent.

417 4549 556 4615 Pateme
584 4547 851 4616 considerationis
879 4545 983 4612 aciem
1012 4593 1019 4609 .
1045 4594 1052 4609 .
1080 4594 1087 4610 .
1146 4545 1222 4610 Dat.
1246 4543 1342 4610 Avin.
1369 4541 1442 4609 idus
1464 4541 1645 4612 decembris

311 4680 340 4725 a.
364 4655 517 4725 seeundo.

483 4801 556 4871 Rep.
575 4800 629 4856 121
648 4815 694 4854 nr.
714 4799 780 4854 650.
