3642 5509
292 430 345 491 lae
792 434 861 493 1335
881 432 1058 509 September
1078 433 1120 492 10.

293 629 401 689 noster
434 625 573 690 omnium
606 631 638 690 et
665 625 860 710 singulorum
895 625 1120 692 beneficiorum
1154 625 1444 692 ecelesiasticorum
1474 644 1627 710 ...per

293 732 414 798 obitum
439 735 676 820 capellanorum
701 735 884 800 officialium
908 742 941 800 et
964 737 1148 801 nunciorum
1172 734 1259 802 sedis
1282 735 1459 819 apostolice
1491 753 1547 800 seu
1570 752 1628 818 per

293 843 513 927 acceptionem
547 849 579 908 et
610 843 842 908 assecutionem
876 843 1011 928 pacifice
1043 844 1254 928 possessionis
1278 842 1461 926 quorumvis
1494 842 1627 908 aliorum

294 949 519 1017 beneficiorum
543 952 795 1036 quibuscumque
819 950 965 1037 personis
995 951 1188 1018 auctoritate
1221 951 1400 1037 apostolica
1434 957 1509 1016 tunc
1533 949 1627 1015 eolla·

294 1065 394 1124 lorum
419 1060 471 1124 vel
488 1059 753 1126 conferendorum
776 1061 809 1125 in
833 1068 930 1127 antea
947 1068 1172 1126 vacaturorum
1193 1061 1408 1146 provisionem
1425 1059 1624 1124 collationem

293 1173 325 1230 et
349 1166 588 1252 dispositionem
612 1169 673 1234 sibi
698 1173 730 1233 et
753 1169 930 1254 apostolice
954 1168 1024 1235 sedi
1048 1167 1232 1254 specialiter
1254 1167 1433 1232 reservavit
1457 1166 1626 1232 ...Nos-

292 1293 354 1356 que
377 1283 451 1361 post
474 1275 615 1342 eiusdem
640 1275 876 1361 predecessoris
900 1277 1021 1341 obitum
1047 1324 1106 1340 ...
1131 1276 1264 1341 similem
1291 1321 1350 1340 ...
1376 1275 1623 1340 reservationem

292 1429 331 1446 ..
358 1433 367 1451 .
392 1382 539 1449 duximus
564 1432 571 1448 .
597 1432 605 1449 .
631 1433 638 1448 .
663 1383 855 1449 faciendam.
903 1384 989 1449 Saue
1024 1404 1106 1466 cum,
1141 1383 1225 1449 sicut
1248 1383 1442 1468 accepimus,
1470 1380 1623 1446 nonnulla

291 1488 447 1555 beneficia
470 1490 691 1556 ecclesiastica
714 1513 772 1576 per
788 1492 909 1556 obitum
927 1491 1163 1577 capellanorum
1180 1490 1363 1556 officialium
1387 1499 1419 1557 et
1439 1491 1625 1554 nunciorum

292 1593 508 1681 predictorum
532 1606 587 1664 aut
603 1599 835 1665 assecutionem
855 1599 1034 1685 predictam
1058 1606 1202 1685 tempore
1226 1598 1306 1664 dicti
1325 1597 1562 1684 predecessoris
1584 1617 1624 1662 ac

291 1710 365 1788 post
380 1706 448 1771 eius
472 1706 592 1771 obitum
615 1727 739 1773 necnon
762 1708 992 1791 subsequenter
1015 1715 1158 1792 tempore
1181 1712 1290 1772 nostro
1313 1708 1345 1771 in
1363 1704 1499 1772 diversis
1514 1702 1624 1769 muudi

292 1814 436 1897 partibus
461 1814 647 1879 vacaverint
670 1820 703 1880 et
727 1813 833 1881 adhuc
856 1821 984 1899 vacent,
1010 1835 1081 1882 cum
1104 1814 1146 1880 de
1169 1815 1232 1881 illis
1255 1835 1313 1900 per
1335 1834 1393 1880 nos
1413 1813 1464 1879 vel
1488 1810 1625 1879 cundem

292 1919 563 2005 predecessorem,
588 1921 662 1988 dum
688 1923 821 2006 viveret,
855 1943 1057 2007 nequaquam
1081 1923 1208 1990 dicatur
1232 1923 1330 1990 fuisse
1362 1923 1535 2008 provisum,
1566 1939 1625 1985 nos

293 2026 334 2092 de
370 2028 549 2095 huiusmodi
591 2029 770 2113 benefieiis,
817 2051 1017 2115 quecumque
1055 2033 1118 2097 sint
1162 2032 1322 2116 regularia
1368 2030 1420 2096 vel
1456 2027 1624 2110 secularia,

293 2134 411 2200 habere
435 2136 579 2203 volentes
603 2137 826 2203 certitudinem
843 2139 1029 2223 pleniorem,
1054 2138 1239 2204 discretioni
1263 2145 1316 2204 tue
1341 2186 1401 2202 ...
1426 2134 1624 2216 mandamus,

292 2243 442 2326 quatinus
465 2242 507 2308 de
531 2243 677 2311 omuibus
710 2251 742 2312 et
765 2245 900 2329 singulis
924 2245 1089 2312 beneficiis
1113 2244 1293 2312 huiusmodi
1321 2243 1568 2311 consistentibus
1591 2242 1624 2307 in

293 2350 478 2417 civitatibus
502 2359 535 2416 et
559 2350 750 2436 diocesibus,
775 2354 808 2417 in
831 2354 947 2436 quibus
970 2353 1029 2419 tibi
1053 2360 1142 2419 certa
1165 2355 1296 2437 negotia
1318 2373 1377 2418 uos
1407 2359 1440 2418 et
1464 2370 1625 2417 cameram

292 2464 434 2522 nostram
467 2459 686 2542 contingentia
731 2467 804 2524 sunt
838 2461 1016 2542 commissa,
1063 2468 1096 2525 et
1131 2460 1172 2526 de
1207 2462 1347 2546 ipsorum
1382 2480 1422 2525 ac
1457 2457 1626 2525 cuiuslibet

292 2564 465 2630 eorundem
490 2564 727 2632 conditionibus
750 2573 782 2632 et
805 2568 919 2633 annuis
942 2567 1101 2633 fructuum
1126 2617 1134 2632 .
1160 2617 1167 2633 .
1193 2617 1200 2632 .
1226 2567 1389 2633 valoribus
1421 2574 1487 2632 tam
1516 2585 1625 2631 secun·

293 2669 367 2736 dum
392 2672 588 2737 taxationem
613 2671 737 2740 decime
761 2695 856 2758 quam
873 2695 982 2740 verum
1000 2675 1140 2740 valorem
1156 2695 1280 2740 necnon
1303 2674 1386 2740 etsi
1410 2674 1510 2757 aliqui
1534 2693 1568 2738 se
1591 2674 1625 2738 in

293 2778 413 2844 eisdem
439 2778 601 2846 beneficiis
625 2782 676 2846 vel
700 2801 807 2847 eorum
841 2782 949 2867 aliquo
973 2783 1024 2849 vel
1048 2783 1208 2867 aliquibus
1241 2802 1280 2847 ac
1304 2782 1394 2847 cuius
1417 2782 1467 2846 vel
1492 2800 1624 2864 quorum

292 2887 483 2952 auctoritate
513 2907 547 2952 se
571 2889 766 2970 intruserint‚
798 2897 830 2954 et
854 2889 895 2955 de
918 2891 1099 2956 nominibus
1123 2888 1295 2956 eorundem
1325 2889 1461 2973 aliisque
1492 2889 1624 2954 circum-

291 2995 419 3059 stantiis
444 3045 451 3058 .
477 3043 485 3059 .
511 3043 518 3059 .
543 3002 575 3060 te
599 2995 783 3080 informans,
808 3017 867 3063 nos
890 2996 1009 3063 exinde
1033 3047 1041 3062 .
1066 3047 1073 3062 .
1098 3046 1105 3062 .
1130 2997 1256 3064 efficere
1281 2999 1470 3081 quantocius
1493 2995 1625 3063 studeas

292 3103 443 3168 certiores
468 3151 476 3168 .
502 3153 509 3168 .
536 3153 543 3170 .
592 3103 657 3170 Dat
681 3104 773 3170 Avin.
799 3105 844 3170 kl.
868 3105 938 3171 iulii
962 3127 991 3174 a.
1016 3105 1128 3192 primo.

451 3275 525 3347 Rep.
545 3277 604 3332 130
620 3277 644 3347 s.
665 3276 712 3332 65‘
730 3292 777 3332 ar.
797 3279 860 3332 405.

398 3600 526 3668 2242.
562 3604 648 3670 1335
672 3605 865 3690 September
890 3607 942 3670 10.
969 3607 1056 3671 Poat
1081 3605 1195 3693 Serpa.

398 3744 594 3812 Benedictus
618 3749 770 3833 episcopo
795 3749 1006 3815 Traiectensi.

398 3852 435 3916 ln
459 3873 523 3940 eos,
549 3855 601 3936 qui
619 3876 731 3922 manus
749 3905 757 3920 .
776 3905 782 3919 .
801 3907 807 3920 .
833 3857 945 3942 Nuper
956 3856 1113 3941 siquidem
1127 3877 1168 3923 ex
1185 3865 1294 3923 tenore
1310 3859 1441 3941 querula
1458 3857 1623 3943 petitionis

291 3959 401 4025 dilecti
424 3960 481 4024 filii
506 3960 642 4026 Gerardi
667 3962 708 4027 de
725 3963 957 4050 Harmerstcyn
981 3965 1217 4032 comendamus
1241 3972 1273 4031 et
1296 3966 1429 4031 fratrum
1453 3964 1566 4032 domus
1589 3966 1621 4031 S.

291 4067 440 4133 Caterinc
465 4068 684 4136 Traiectensis
708 4072 851 4137 subieete
875 4073 1028 4158 hospitali
1053 4075 1086 4139 S.
1107 4073 1260 4140 Iohannis
1284 4073 1529 4139 Ie1·osolimitani
1554 4094 1622 4159 por·

290 4181 377 4240 recte
401 4176 492 4240 nobis
516 4176 648 4242 moleste
672 4180 882 4264 percepimus,
908 4179 994 4262 quod
1017 4180 1093 4245 olim
1117 4181 1276 4248 lohannes
1300 4181 1341 4246 de
1365 4181 1490 4248 Oboten
1521 4181 1622 4246 laicus

290 4288 345 4347 tue
369 4280 508 4348 diocesis
532 4333 540 4348 .
565 4336 571 4348 .
597 4287 798 4352 ‚associatis
830 4285 891 4352 sibi
916 4287 1106 4370 quibusdam
1139 4290 1171 4354 in
1205 4289 1266 4354 hac
1298 4296 1391 4374 parte
1415 4288 1622 4373 complicibus

290 4387 451 4472 quondam
476 4388 675 4457 Ludovicum
700 4392 741 4458 de
765 4392 933 4478 Huemphe
956 4394 1090 4460 fratrem
1114 4395 1201 4461 dicte
1229 4395 1341 4462 domus
1364 4396 1446 4462 adeo
1471 4394 1622 4463 atrociter

289 4496 480 4581 vulueravit,
513 4498 598 4582 quod
632 4500 834 4584 postmodum
865 4500 906 4568 de
939 4500 1119 4568 huiusmodi
1144 4504 1327 4570 vulneribus
1362 4503 1620 4590 expiravit...

290 4603 498 4670 Frateruitati
522 4614 585 4671 tue.
611 4628 639 4674 c.
663 4607 861 4686 mandamus,
896 4611 1044 4691 quatinus
1068 4612 1192 4676 voeatis
1216 4609 1303 4677 dicto
1329 4612 1469 4677 Iohanne
1493 4618 1525 4678 ct
1548 4611 1618 4678 aliis

290 4711 344 4793 qui
379 4711 498 4778 fuerint
528 4714 696 4798 evocandi,
737 4717 762 4781 si
796 4718 952 4802 premissa
983 4719 1144 4784 inveneris
1176 4720 1224 4784 ita
1255 4739 1335 4803 esse,
1372 4726 1483 4786 contra
1517 4719 1620 4784 dictos

291 4819 463 4886 Iohannem
497 4829 529 4886 et
553 4824 725 4908 complices
748 4844 843 4910 super
871 4825 918 4891 eis
941 4828 1134 4893 auctoritate
1157 4836 1276 4911 nostra,
1309 4827 1468 4914 procedas
1501 4847 1617 4910 eosque
