3642 5509
741 433 809 492 isat
829 435 1005 507 September
1026 435 1066 490 13.

316 635 438 703 leba.
464 638 550 701 1327
574 635 767 721 September
793 637 844 699 13.
869 633 1034 720 deipnos.

318 779 477 844 Iohannes
502 778 600 843 XXII
634 778 781 842 omnibus
814 796 888 842 vere
922 777 1139 861 penitentibus
1166 782 1199 840 ct
1223 775 1393 857 confessis,
1425 776 1477 858 qui
1503 775 1545 841 ad

211 886 313 952 altare
338 887 373 950 B.
400 885 568 951 Michaelis
596 884 783 968 archangeli
812 884 844 948 in
870 884 1008 949 ccclesia
1030 885 1063 946 in
1088 884 1200 966 Sygen
1225 883 1366 966 Magunt.
1392 882 1476 947 dioc.
1501 883 1543 948 ab

213 995 352 1061 ilenrico
385 994 502 1058 comite
537 994 669 1074 eiusque
701 1011 800 1057 uxore
831 990 979 1075 Alheyde
1013 992 1177 1056 comitissa
1209 988 1251 1054 de
1284 991 1439 1057 Nassawe
1472 1011 1546 1055 con·

212 1108 332 1167 structo
366 1099 483 1166 devote
516 1099 713 1165 accesserint
742 1099 774 1163 in
805 1097 888 1163 festo
913 1097 1125 1181 apparitionis
1148 1096 1292 1162 eiusdem
1316 1098 1353 1161 B.
1377 1097 1545 1162 Michaelis

212 1229 251 1274 ac
275 1207 489 1273 dedicationis
521 1207 621 1291 ipsius
655 1206 774 1281 altaris,
809 1206 973 1270 annuatim
1008 1211 1135 1269 centum
1164 1202 1235 1270 dics
1258 1203 1300 1269 de
1324 1205 1475 1270 iniunctis
1498 1206 1545 1271 eis

214 1315 403 1400 penitenciis
426 1314 562 1379 relaxat.

320 1421 395 1487 Vite
417 1420 566 1506 perennis
590 1419 694 1502 gloria
721 1468 728 1483 .
758 1469 765 1483 .
796 1465 803 1483 .
851 1419 925 1484 Dat.
951 1417 1046 1482 Arin.
1070 1416 1144 1484 idus
1166 1419 1390 1504 semptembris
1414 1440 1444 1487 a.
1469 1418 1546 1485 duo·

214 1527 350 1596 decimo.

363 1636 435 1706 Rep.
455 1637 492 1689 85
515 1633 539 1706 f.
560 1635 615 1688 185
636 1649 683 1688 nr.
703 1635 767 1687 511.

318 1933 442 2000 1260.
473 1934 559 1997 1327
583 1933 776 2018 September
801 1933 852 1996 13.
880 1930 1046 2019 deipnos.

321 2076 481 2141 lohannes
502 2075 601 2140 XXII
629 2074 728 2141 nobili
753 2075 821 2141 viro
845 2073 996 2159 Adolpho
1019 2081 1096 2140 nato
1119 2074 1235 2141 nobilis
1258 2073 1319 2140 viri
1343 2074 1472 2142 Gerlaci
1496 2097 1547 2143 co-

215 2183 301 2248 mitis
324 2181 366 2247 de
387 2183 544 2251 Nassawe
567 2182 776 2248 Treveronsis
799 2179 949 2248 diocesis.

323 2289 416 2355 Licet
444 2288 561 2374 copula
590 2288 769 2373 coniugalis
798 2338 805 2355 .
837 2337 843 2354 .
873 2338 880 2354 .
917 2291 1003 2355 Sanc
1033 2288 1143 2355 oblata
1169 2290 1261 2355 nobis
1289 2310 1347 2376 pro
1375 2300 1467 2376 parte
1493 2299 1549 2357 tua

216 2398 329 2482 petitio
354 2395 550 2478 continebat,
574 2394 661 2478 quod
685 2401 719 2460 tu
744 2416 816 2461 cum
837 2416 900 2461 una
916 2415 958 2460 ex
973 2395 1123 2462 filiabus.
1144 2397 1282 2463 mobilis
1307 2397 1368 2462 viri
1384 2398 1547 2482 burgravii

217 2505 256 2570 de
280 2503 472 2586 Nurenberg
496 2502 744 2586 Bambergensis
776 2501 916 2569 diocesis
948 2501 1114 2568 desideras
1144 2503 1420 2570 matrimonialiter
1452 2525 1548 2590 copu-

217 2612 285 2691 lari,
311 2629 420 2676 verum
444 2609 520 2692 qnia
543 2615 656 2692 quarto
681 2609 758 2674 ostis
780 2609 1072 2694 consanguinitatis
1099 2609 1203 2694 gradu
1237 2611 1408 2693 coniuncti,
1441 2614 1548 2678 matri-

216 2721 353 2786 monium
379 2717 505 2785 insimul
529 2718 667 2800 noquitis
691 2717 880 2784 contrahere
905 2717 1144 2802 dispensatione
1167 2737 1263 2804 super
1286 2718 1348 2784 hoc
1371 2719 1550 2804 apostolica

218 2847 279 2893 non
303 2827 487 2892 obtenta..
507 2873 540 2888 ..
564 2825 632 2892 Nos
655 2823 777 2909 igitur.
797 2823 934 2908 ..quod
958 2831 1003 2908 tu,
1027 2823 1265 2909 impedimento,
1291 2826 1377 2908 quod
1400 2846 1442 2892 ex
1462 2827 1550 2892 dicta

218 2931 496 3017 consanguinitate
520 2931 677 3016 provenit,
702 2931 904 3015 aliquetenus
927 2951 990 2997 non
1015 2933 1174 3015 obstante,
1198 2952 1269 2998 cum
1285 2953 1350 2998 una
1366 2952 1406 2999 ex
1422 2933 1549 3000 filiabus

219 3041 296 3106 dicti
319 3038 483 3123 burgrarii
514 3037 666 3122 dictaque
689 3038 755 3104 filia
778 3046 885 3106 tecum
909 3040 1143 3105 matrimonium
1166 3039 1266 3106 libere
1289 3040 1478 3107 contrahere
1494 3063 1549 3107 va·

218 3148 320 3230 lestis,
340 3196 347 3212 .
366 3195 373 3211 .
392 3195 398 3212 .
416 3143 648 3231 dispensamus,
673 3146 796 3230 prolem
819 3145 1057 3231 suscipiendam
1081 3166 1122 3211 ex
1142 3146 1322 3212 huiusmodi
1346 3148 1548 3214 matrimonio

220 3254 396 3338 legitimam
418 3253 683 3318 nunciantes...
725 3253 915 3320 Datilum
939 3251 1011 3321 idus
1034 3253 1225 3338 septembris
1248 3275 1278 3319 a.
1303 3253 1502 3320 duodecimo.

378 3379 451 3449 Rep.
470 3379 509 3431 85
527 3377 552 3446 f.
571 3377 635 3432 193‘
653 3393 702 3432 ar.
719 3381 784 3432 543.

323 3668 439 3736 1261.
465 3671 551 3735 1327
575 3669 769 3755 September
787 3669 838 3736 13.
866 3668 1032 3756 Anipaora.

326 3811 486 3878 lohannes
513 3811 612 3876 XXII
648 3811 840 3895 oonsulibus,
873 3812 1014 3879 scabinis
1042 3819 1075 3879 ct
1098 3811 1299 3878 universitati
1323 3813 1469 3880 civitatis
1494 3807 1551 3880 Co

221 3919 381 3986 lautomia
406 3919 449 4002 (i)
482 3918 626 3986 destinat
658 3919 792 4002 litteras,
827 3919 943 4002 quibus
967 3939 1022 3985 eos
1046 3919 1203 4003 hortatur,
1227 3920 1377 4003 quatinus
1400 3921 1554 3988 assistant

220 4025 461 4112 archiepiscopo
486 4027 668 4092 Coloniensi
692 4046 788 4112 super
811 4027 973 4092 amotione
996 4025 1128 4111 pedagii
1152 4027 1185 4091 in
1209 4033 1314 4094 castro
1338 4027 1452 4094 [titrea
1477 4029 1553 4094 'Pre-

221 4132 364 4199 verensis
387 4131 471 4200 dioc.
495 4132 700 4199 aLudorico
716 4133 844 4200 Barero
867 4133 1010 4219 impositi
1034 4141 1067 4200 et
1090 4133 1307 4201 destructione
1330 4135 1436 4219 turris,
1458 4155 1554 4219 quam

221 4239 306 4306 idem
329 4239 363 4304 in
386 4239 490 4306 insula
513 4240 596 4306 Rani
624 4259 725 4326 prope
753 4239 874 4306 dictum
903 4246 1043 4306 castrum
1067 4247 1260 4325 construere,
1293 4248 1328 4307 ut
1357 4241 1478 4308 dictum
1501 4263 1555 4328 pe·

221 4346 353 4430 dapium
377 4345 487 4413 durius
511 4353 545 4412 et
568 4345 729 4413 crudelius
753 4354 861 4432 posset
885 4348 1028 4432 exigere,
1052 4348 1115 4413 iam
1139 4349 1269 4434 incepit.

330 4451 381 4518 Ad
405 4451 598 4519 obviandum
623 4455 783 4539 perversis
811 4503 818 4519 ·
844 4503 850 4520 ·
876 4503 883 4518 ·
925 4455 998 4520 Dat.
1022 4461 1177 4540 utsupra
1201 4459 1253 4537 (=
1270 4456 1363 4521 Avin.
1387 4454 1460 4522 idus
1482 4475 1555 4542 sep·

221 4559 353 4626 tcmbris
376 4579 404 4624 a
430 4557 645 4643 duodecimo).

328 4667 367 4731 In
389 4685 418 4732 e.
442 4687 482 4732 m.
508 4667 708 4751 Maguntinis
725 4717 732 4732 .
752 4716 784 4732 ..

327 4809 357 4876 a)
375 4823 473 4863 cora:
492 4805 575 4864 Citra
594 4807 709 4879 (Ceut).

259 4913 347 4958 vnuk
364 4913 492 4968 Βοεοειοιι
509 4913 540 4960 11.
