3642 5509
268 443 321 502 428
807 447 877 505 1332
894 449 1014 506 Januar
1034 449 1075 505 16.

376 629 506 697 2084.
533 633 621 696 1332
644 634 784 698 Junuur
796 635 849 698 16.
874 632 1067 720 (Aoiqnon.)

376 766 544 835 Iohannes
569 769 680 835 XXII
706 793 818 858 repom
846 773 984 838 Boemie
1015 773 1110 858 apud
1141 792 1253 858 repent
1285 769 1429 836 manue
1462 789 1601 834 eommo-

268 884 402 942 rautem
433 880 604 964 vituperat
637 883 676 946 ob
708 882 867 946 unionem
899 883 971 946 eius
1001 901 1076 945 eum
1107 881 1252 965 quodum
1279 881 1383 945 nobili
1409 879 1517 946 emulo
1547 878 1602 944 dei

269 986 438 1070 eidemque
461 989 577 1052 scribit
601 990 642 1053 de
665 990 813 1073 quodum
837 989 1087 1074 dispensatione
1110 989 1260 1052 nondum
1284 1007 1449 1053 concessu.

376 1091 548 1176 [lebannes
571 1096 683 1180 XXII]
707 1098 777 1180 regi
801 1096 943 1162 Boemie.

375 1201 534 1267 Dilectum
568 1203 667 1268 filium
699 1203 874 1270 Iohannem
905 1204 1102 1290 prepositum
1127 1203 1400 1288 Vicegradensem
1429 1203 1601 1287 Progensis

269 1306 352 1374 dioc.
377 1311 525 1374 nuncium
550 1310 672 1395 regidln
697 1311 836 1395 benigne
858 1312 1048 1397 recepimus,
1073 1318 1106 1377 et
1123 1333 1185 1396 que
1201 1313 1307 1378 littere
1333 1332 1391 1398 per
1414 1333 1486 1378 eum
1509 1312 1601 1376 nobis

268 1415 411 1483 exhibite
440 1420 529 1502 regie
558 1420 765 1486 continebant
794 1440 919 1504 queque
949 1422 1018 1507 ipse
1041 1440 1220 1507 proponere
1244 1419 1354 1503 voluit,
1387 1418 1601 1484 intelleximus

268 1522 451 1608 diligenter.
498 1525 594 1608 Sane,
624 1526 669 1591 lili
695 1527 869 1610 carissime,
905 1529 933 1594 si
958 1529 1054 1594 sciret
1078 1529 1323 1612 circumspectio
1346 1528 1446 1611 regia,
1483 1545 1544 1609 que
1569 1531 1601 1591 et

269 1630 376 1714 qualis
400 1632 441 1697 de
465 1634 580 1699 unione
604 1641 660 1700 tua
684 1641 717 1700 et
743 1634 829 1700 illius
859 1635 976 1702 nobilis
1005 1633 1058 1702 dei
1091 1642 1124 1701 et
1157 1635 1293 1701 ecclesie
1326 1634 1420 1700 emuli
1454 1633 1601 1699 dicuntur

268 1741 487 1822 communiter,
518 1742 633 1823 quibus
656 1740 752 1808 dictis
776 1750 831 1808 tue
855 1743 961 1808 littere
984 1743 1074 1826 regie
1098 1741 1236 1810 diversis
1260 1743 1445 1808 civitatibus
1468 1763 1508 1808 ac
1531 1761 1601 1828 pre·

268 1846 341 1911 latis
363 1866 488 1912 necnon
512 1855 544 1913 et
567 1850 712 1934 personis
740 1849 957 1933 singularibus
985 1849 1018 1914 iu
1042 1850 1188 1935 partibus
1216 1849 1387 1916 destinatis
1409 1848 1504 1914 Italie
1528 1868 1600 1914 con·

268 1953 395 2020 cordari
417 1955 593 2040 videlnltur
616 1963 762 2042 apperte,
786 1956 931 2042 profecto
955 1978 1019 2023 uon
1042 1959 1210 2023 miraretur
1234 1957 1425 2023 excellentia
1448 1959 1549 2042 regia,
1572 1956 1601 2023 si

268 2081 323 2127 cor
346 2069 487 2129 nostrum
511 2061 650 2129 reddant
673 2063 804 2130 dubium
829 2071 862 2130 et
890 2065 1088 2151 perplexum,
1121 2067 1288 2151 presertim
1320 2085 1391 2131 cum
1415 2086 1435 2130 a
1458 2065 1601 2150 pluribus

268 2170 544 2255 impresentiarum
567 2168 700 2238 indubie
723 2171 890 2254 referatur,
906 2179 951 2256 te,
975 2179 1144 2259 postquam
1162 2195 1181 2238 a
1197 2193 1297 2256 regno
1322 2180 1377 2238 tuo
1401 2172 1601 2239 discessisti*

267 2276 440 2344 novissime
478 2277 577 2344 biduo
614 2298 738 2345 moram
772 2281 909 2346 traxisse
948 2301 1019 2345 cum
1053 2280 1142 2346 dicto
1175 2280 1229 2346 dei
1262 2287 1295 2345 et
1328 2280 1464 2346 ecclesie
1496 2280 1600 2348 emulo

267 2390 393 2449 etcum
418 2383 531 2451 eodem
554 2387 705 2453 babuisse
733 2394 859 2453 secreta
883 2387 1028 2470 consilia,
1062 2408 1124 2470 que
1146 2409 1210 2454 non
1234 2389 1390 2454 extimant
1413 2387 1525 2454 fideles
1549 2408 1598 2454 ec·

268 2490 364 2557 clesie
388 2495 420 2556 in
445 2493 589 2559 favorem
613 2494 750 2560 ecclesie
773 2494 965 2560 redundare.
1012 2496 1063 2560 An
1092 2501 1199 2562 autem
1227 2495 1288 2561 hec
1316 2515 1388 2560 curn
1416 2494 1545 2581 scriptis
1569 2502 1601 2562 et

266 2598 376 2665 relatis
401 2619 459 2684 per
482 2607 515 2666 te
538 2601 631 2667 nobis
654 2608 686 2666 et
711 2610 782 2667 tuos
804 2604 938 2668 nuncios
963 2602 1165 2684 conveniant,
1189 2601 1340 2669 advertat
1363 2609 1395 2668 et
1419 2602 1602 2670 consideret

267 2705 357 2789 regia
381 2706 548 2772 celsitudo.
595 2707 681 2775 Sane
712 2710 788 2792 quia
817 2709 882 2775 iam
913 2709 1070 2793 audimus,
1106 2716 1149 2791 te,
1184 2710 1231 2775 fili
1260 2710 1433 2791 carissime,
1469 2709 1511 2775 ad

266 2811 352 2896 regis
369 2813 506 2879 Francis
529 2814 660 2881 illustris
684 2818 878 2901 presentiam
899 2817 1095 2902 pervenisse,
1119 2837 1285 2902 speramus
1301 2819 1333 2882 in
1350 2816 1490 2899 domiuo,
1515 2816 1600 2901 quod

266 2924 322 2985 tua
353 2922 489 2986 intentio
522 2925 665 3006 apertius
697 2922 891 3008 producetur
915 2925 948 2988 in
971 2923 1084 2990 lucem.
1132 2923 1202 3003 Qus
1225 2926 1252 2990 si
1276 2925 1360 3007 talis,
1394 2924 1522 3007 qualem
1546 2945 1601 3011 op·

266 3025 391 3093 tamusb
427 3029 618 3112 qualemque
646 3040 700 3094 tue
735 3031 972 3114 magnificentie
1009 3032 1169 3115 congruit,
1207 3031 1318 3114 fuerit,
1351 3031 1509 3097 exultabit
1545 3052 1600 3097 eor

266 3143 407 3200 nostrum
432 3137 464 3200 in
488 3135 616 3202 domino
646 3138 770 3220 sibique
801 3138 1024 3205 vicissitudine
1053 3144 1164 3204 mutua
1189 3139 1372 3204 curabimus
1395 3137 1599 3224 respondere.

267 3242 361 3308 Circa
396 3241 667 3329 dispensationem
702 3246 800 3327 illam,
840 3245 881 3310 de
917 3265 981 3329 qua
1015 3266 1073 3330 per
1109 3244 1259 3311 nuncium
1294 3243 1474 3330 predictum
1509 3247 1601 3312 nobis

265 3350 390 3415 mencio
423 3349 511 3415 iacta
543 3351 617 3432 fuit,
650 3351 782 3418 antediu
816 3372 910 3435 quam
945 3351 1050 3418 dictus
1074 3351 1117 3417 ad
1140 3371 1198 3417 nos
1229 3353 1363 3418 nuncius
1390 3353 1599 3437 pervenisset,

265 3476 488 3537 receperamus
522 3459 630 3544 plures
663 3459 798 3542 litteras,
835 3480 897 3542 que
930 3459 1203 3544 dispensationem
1238 3458 1307 3525 fieri
1341 3480 1412 3525 cum
1446 3459 1601 3527 instantia

266 3565 480 3647 postulabant.
527 3567 594 3632 Nos
627 3574 734 3632 tamen
766 3568 870 3651 ipsam
904 3566 1082 3633 concedere
1115 3566 1298 3652 specialiter
1328 3567 1597 3653 contemplatione

265 3677 319 3736 tue
343 3673 538 3739 excellencie
562 3676 650 3756 regie
674 3673 863 3740 distulimus.
911 3675 961 3741 De
991 3695 1029 3740 ea
1060 3673 1268 3740 concedenda
1297 3693 1386 3758 spem
1415 3675 1474 3740 sub
1503 3676 1599 3742 certis

266 3777 507 3846 condicionibus
531 3778 592 3844 deo
619 3782 721 3864 gratis
745 3788 776 3846 et
800 3781 937 3848 ecclesie
967 3782 1229 3847 convenientibus
1258 3780 1441 3846 dederimus
1462 3784 1507 3865 (l),
1537 3802 1599 3864 que

267 3905 338 3950 cum
362 3885 502 3951 noudum
526 3888 591 3953 sint
614 3888 743 3953 effectui
768 3889 960 3975 mancipate,
992 3909 1011 3953 a
1035 3908 1098 3971 qua
1121 3909 1179 3974 spe
1204 3907 1413 3970 curassemus,
1438 3888 1464 3955 si
1489 3888 1599 3972 utique

265 3995 485 4076 provenissent
508 3995 614 4059 littere
637 3997 736 4078 regie,
761 3996 934 4061 abstinere.
973 3994 1024 4060 Ad
1049 3995 1111 4061 boc
1135 3995 1357 4062 celsitudinem
1383 3997 1505 4080 regiam
1528 3996 1598 4062 bor·

265 4108 369 4165 tamur
392 4102 424 4164 in
449 4099 577 4167 domino
602 4109 634 4165 et
657 4121 807 4185 rogamus
830 4110 964 4185 attente,
990 4109 1024 4168 ut
1051 4151 1110 4169 ...
1139 4125 1158 4169 a
1182 4103 1234 4169 dei
1259 4103 1383 4170 offensa
1406 4109 1439 4170 et
1462 4104 1598 4171 ecclesie

265 4205 386 4272 debeas
409 4207 646 4274 abstinere...
694 4210 769 4278 Dat.
794 4210 891 4275 XVII
916 4209 961 4275 kl.
987 4210 1141 4277 februarii
1165 4231 1195 4276 a.
1220 4210 1308 4275 XVI.

418 4314 490 4383 neq.
511 4314 606 4384 rrsf.
626 4315 694 4371 eeu
712 4332 761 4370 er.
781 4318 869 4381 1341,·
890 4317 942 4371 res.
963 4319 1042 4372 1510.

372 4484 498 4551 2⁰85.
529 4490 615 4552 1332
640 4490 779 4554 Juuuur
802 4491 856 4554 26.
881 4486 1047 4576 Auiquou.

372 4593 531 4659 Iohannes
565 4596 665 4661 XXII
709 4595 845 4661 Iohanni
881 4595 1051 4662 Sarwerde
1092 4597 1259 4683 capellano
1299 4598 1384 4664 sedis
1420 4599 1597 4685 apostolice

266 4699 390 4764 confert
414 4701 492 4767 eccl.
517 4702 648 4768 Trever.
678 4704 902 4769 canonicatum
931 4711 963 4769 et
991 4703 1186 4790 prebendam
1213 4712 1366 4772 vacantes
1393 4727 1451 4792 per
1475 4708 1596 4773 obitum

376 4811 467 4818 ὴ-

371 4846 400 4912 a)
421 4813 569 4900 dicessisti
588 4844 621 4899 iu
639 4863 701 4916 req.
829 4849 859 4916 bl
880 4849 1019 4903 obtamus
1039 4845 1072 4902 iu
1091 4865 1152 4918 req.
