3642 5509
743 441 813 497 1338
831 442 951 497 danuar
968 442 1012 498 28.

309 648 450 715 *aare
478 653 564 716 1338
587 653 726 717 Juuuur
749 653 802 716 28.
827 649 993 737 Avipuoa.

310 791 505 858 Benedictus
521 793 587 857 XII
611 793 721 858 abbati
747 799 780 857 et
803 794 974 858 conventui
999 795 1183 860 monasterii
1201 793 1302 860 Vallis
1318 793 1429 860 Sancti
1446 795 1533 860 Petri

202 899 235 963 in
259 898 483 984 Heysterhaoh
508 898 641 966 Cisterc.
673 899 740 966 ord.
766 900 876 965 Goion.
907 899 991 966 dioc
1022 901 1206 986 petentibus
1235 901 1402 968 confirmat
1425 922 1535 968 omnes

203 1005 368 1073 libertates
403 1013 436 1072 et
472 1007 688 1073 immunitates
720 1029 740 1073 a
773 1007 927 1082 Romanis
962 1007 1166 1093 pontificibus
1202 1007 1307 1074 eidem
1342 1011 1535 1077 monasterio

202 1134 372 1180 concessas
404 1134 527 1179 necnon
561 1114 726 1180 libertates
750 1121 782 1180 et
811 1115 1030 1200 exemptiones
1062 1114 1255 1180 secularium
1289 1116 1535 1182 exactionuma

202 1223 332 1306 regibus
356 1229 389 1288 et
412 1222 611 1308 principibus
635 1219 739 1288 eidem
764 1219 915 1288 indultas.

308 1330 398 1396 Solet
425 1349 565 1396 annuere
595 1329 689 1396 sedes
718 1378 725 1394 .
755 1379 762 1394 .
793 1379 799 1394 .
854 1328 929 1394 Dat.
956 1329 1051 1395 Avin.
1077 1328 1103 1393 V
1135 1329 1180 1394 kl.
1209 1328 1362 1395 februarii
1384 1351 1416 1416 p.
1444 1351 1475 1395 n.
1504 1353 1534 1396 a.

201 1446 325 1521 quarto.
423 1515 426 1522 ,

363 1576 412 1630 Or.
441 1575 564 1630 membr.
593 1591 662 1629 cum
692 1575 819 1644 plumbo
843 1575 939 1644 penu.
997 1573 1061 1630 Sub
1078 1572 1163 1644 plica
1182 1576 1225 1630 ad
1243 1573 1380 1632 stolata:
1407 1559 1534 1632 ’l'li't'ali'a

364 1664 400 1718 Io
423 1663 508 1733 plica
529 1665 571 1718 od
598 1664 715 1718 cesta:
744 1663 775 1718 P.
797 1663 869 1719 Mar.
916 1664 953 1717 In
972 1663 1081 1718 dorso:
1110 1662 1283 1734 Stephanus
1312 1667 1351 1722 da
1369 1668 1534 1723 Placentia.

361 1755 553 1824 Dttssaldorf.
575 1753 663 1809 Arch.
682 1769 743 1824 rap.
763 1751 962 1809 Heisterhach
981 1770 1029 1808 ar.
1048 1758 1092 1810 67.

307 2051 422 2118 2311.
461 2054 547 2117 1338
571 2053 725 2117 Fehrcar
749 2053 800 2119 10.
826 2049 992 2139 Acipooo.

308 2195 502 2262 Benedictus
525 2196 590 2260 XII
620 2196 773 2281 episcopo
797 2193 970 2262 lteodiensi
995 2195 1137 2277 mandat,
1163 2199 1313 2281 quatinus
1337 2219 1409 2264 cnm
1432 2200 1532 2266 nobili

201 2304 270 2368 viro
295 2304 439 2369 Iohanne
470 2303 598 2369 domino
622 2301 664 2368 dc
687 2303 853 2368 Barewart
877 2309 910 2367 et
933 2303 1033 2370 nobili
1057 2305 1181 2370 mulieri
1205 2305 1333 2388 Agnete
1356 2312 1434 2371 nata
1457 2307 1530 2371 Wil·

200 2411 287 2475 lelmi
323 2410 444 2477 domini
478 2409 519 2476 de
554 2409 792 2476 Menderscheit
828 2410 960 2476 Trever.
994 2410 1088 2494 dioc,
1128 2413 1181 2494 qui
1216 2413 1411 2495 ignorantes,
1447 2413 1533 2497 quod

191 2517 361 2611 ⁸quondam
386 2519 542 2584 Katerina
571 2519 658 2604 prior
685 2538 766 2583 uxor
790 2518 869 2584 dicti
895 2519 1046 2584 iohannis
1068 2519 1197 2605 prelato
1222 2520 1382 2586 Willelmo
1406 2527 1476 2587 erat
1499 2522 1532 2586 in

202 2627 296 2692 tertio
330 2625 619 2710 consanguinitatis
651 2623 756 2709 gradu
789 2625 971 2709 coniuncta,
1005 2626 1242 2691 matrimonium
1270 2649 1328 2713 per
1360 2628 1459 2693 verba
1491 2626 1533 2693 de

203 2733 355 2817 presenti,
380 2733 494 2796 hannis
517 2732 605 2817 prius
629 2731 725 2797 aditis
748 2733 780 2797 in
804 2732 890 2797 facie
914 2733 1060 2815 ecclesie,
1084 2740 1120 2798 ut
1144 2741 1193 2798 cst
1216 2733 1323 2818 moris,
1351 2735 1477 2800 nemine
1499 2755 1535 2800 se

203 2846 395 2925 opponente,
428 2839 554 2904 insimul
585 2845 822 2921 contraxerunt,
856 2839 1031 2925 dispenset,
1065 2841 1090 2906 si
1115 2848 1165 2907 est
1187 2843 1243 2924 ita,
1276 2848 1312 2906 ut
1335 2843 1368 2906 in
1391 2843 1438 2908 sic
1462 2862 1535 2908 con·

201 2952 304 3011 tracto
329 2947 530 3011 matrimonio
554 2947 677 3031 possint
701 2946 789 3012 licite
822 2967 997 3030 remanere,
1026 2948 1147 3032 prolem
1176 2955 1354 3034 susceptam
1381 2957 1414 3014 et
1436 2949 1534 3016 susci·

201 3053 350 3138 piendam
377 3073 416 3118 ex
440 3051 621 3118 huiusmodi
645 3054 846 3120 matrimonio
872 3054 1048 3138 legitimam
1072 3055 1299 3122 renunciando.

307 3161 356 3248 Ep
389 3167 500 3226 tenore
533 3161 697 3246 petitionis
732 3209 739 3226 .
770 3210 777 3226 .
809 3211 816 3227 .
873 3163 949 3227 Dat.
983 3163 1078 3227 Asin.
1113 3164 1178 3227 IlII
1211 3163 1283 3230 idus
1316 3164 1469 3230 februarii
1502 3184 1533 3230 a.

201 3274 325 3351 quarto.

360 3409 433 3480 Bag.
453 3410 506 3465 125
526 3426 573 3465 nr.
592 3409 656 3465 241.

301 3692 424 3760 2812.
450 3695 537 3758 1338
560 3693 714 3760 Februar
739 3695 790 3760 10.
815 3691 980 3781 Aviphoh.

304 3817 498 3884 Benedictus
531 3819 683 3904 episcopo
716 3817 889 3886 Leodiensi
924 3819 1067 3904 mandat,
1101 3823 1250 3906 quatinus
1274 3843 1345 3888 cum
1369 3823 1531 3890 Willelmo

198 3925 239 3990 de
263 3925 457 4010 Millenlayoi
484 3932 516 3991 et
532 3924 650 4011 Aleydi
676 3927 819 3994 Goswini
844 3927 884 3993 de
910 3928 1092 4014 Heinsberg
1115 3929 1217 3997 Leod.
1243 3929 1340 4014 dioc,
1364 3932 1417 4013 qui
1442 3933 1531 4017 igno·

197 4040 321 4109 rantes,
359 4032 442 4115 quod
480 4032 568 4098 dicta
601 4033 736 4118 Aleydis
771 4035 931 4117 qnondam
969 4036 1189 4122 llleydisisilie
1222 4037 1417 4105 Theoderici
1452 4038 1530 4106 dicti

197 4139 476 4223 Veldekughoven
511 4137 853 4230 (Velde'lriaphoceol)
893 4143 1035 4211 eiusdem
1072 4144 1154 4212 dioc.
1190 4146 1289 4232 priori
1324 4147 1416 4212 uxori
1452 4147 1529 4214 dicti

197 4246 349 4312 Willelmi
374 4248 406 4312 in
436 4255 552 4331 quarta
575 4251 863 4333 consanguinitatis
887 4252 972 4318 linea
996 4254 1166 4338 attinebat,
1199 4253 1433 4319 matrimonium
1458 4275 1531 4320 con·

197 4360 372 4438 traxerunt,
406 4343 581 4440 dispenset,
614 4358 640 4421 si
671 4364 720 4422 est
749 4358 805 4441 ita,
839 4365 875 4424 nt
903 4361 1028 4445 possint
1057 4360 1088 4425 in
1119 4360 1298 4428 huiusmodi
1327 4363 1530 4429 matrimonio

195 4461 284 4526 licite
308 4481 482 4545 remanere,
515 4463 636 4549 prolem
667 4472 849 4552 susceptam
876 4473 909 4532 et
932 4468 1170 4553 suscipiendam
1194 4489 1234 4534 ex
1259 4468 1440 4535 huiusmodi
1468 4490 1531 4535 ma·

197 4569 345 4634 trimonio
368 4568 543 4652 legitimam
568 4570 761 4638 nunciando.

302 4675 421 4740 Petitio
445 4696 503 4761 pro
527 4683 619 4762 parte
643 4727 648 4738 .
676 4727 683 4743 .
709 4729 716 4744 .
768 4680 842 4746 Dat.
869 4681 962 4746 Avin.
987 4682 1055 4747 IIII
1078 4681 1150 4748 idus
1173 4682 1326 4749 februarii
1351 4705 1381 4751 a,
1406 4695 1529 4767 quarto.

344 4818 417 4888 Ray.
439 4819 493 4873 125
511 4835 559 4874 ar.
577 4819 640 4874 249.
