3642 5509
304 441 359 498 498
874 443 945 498 1336
966 441 1025 498 Mai
1048 443 1091 498 13.

306 621 467 707 qnondam
491 623 659 707 Wigraudi
673 625 707 704 (l)
732 623 811 688 dicti
836 624 926 708 Nayt
950 621 991 689 de
1014 623 1170 709 Limpurg
1200 624 1276 689 laici
1300 625 1433 690 Trever.
1456 623 1553 702 dioc,
1586 622 1640 707 qui

306 731 501 816 ignorantes,
526 730 613 814 quod
637 730 775 814 quedam
798 731 922 815 mulier,
947 751 1042 814 quam
1066 731 1227 798 lohannes
1251 738 1348 796 antea
1372 732 1544 798 carnaliter
1566 751 1641 814 eog-

306 843 449 922 noverat,
479 844 511 903 et
535 838 623 903 dicta
647 838 747 904 Grcta
771 845 885 920 quarto
910 844 944 904 et
966 838 1072 903 exalio
1107 840 1201 903 tertio
1225 839 1514 922 consanguinitatis
1536 836 1641 922 gradi-

306 946 366 1013 bus
390 965 425 1012 se
449 946 684 1028 contingerent,
708 946 944 1011 matrimonium
968 951 1204 1021 contraxerunt,
1234 945 1410 1031 dispenset,
1442 954 1478 1010 nt
1501 967 1563 1011 non
1586 945 1641 1010 oh·

307 1058 414 1119 stante
437 1051 602 1119 affinitatis
634 1051 863 1136 impedimento
896 1051 930 1116 in
963 1053 1011 1117 sie
1044 1058 1209 1118 contracto
1242 1053 1443 1118 matrimonio
1479 1071 1643 1118 remanere

308 1161 448 1244 valeant,
481 1160 602 1245 prolem
627 1165 810 1243 susceptam
834 1166 867 1224 et
890 1158 1127 1244 suscipiendam
1161 1159 1408 1226 ex'huiusmodi
1440 1159 1643 1226 matrimonio

308 1266 486 1350 legitimam
510 1266 722 1334 decernendo.
1095 1283 1099 1292 ’

415 1374 465 1438 Ex
488 1379 599 1440 tenore
631 1373 797 1458 petitionis
830 1373 1039 1440 dilecti...
1086 1375 1164 1441 Dat.
1188 1374 1284 1441 Avin.
1309 1374 1485 1440 VIIIidus
1511 1373 1642 1439 maiia.

309 1479 460 1547 secundo.

467 1569 541 1640 Rea.
560 1570 613 1625 121
632 1585 679 1624 nr.
700 1569 766 1624 287.

413 1840 545 1909 2260.
571 1844 658 1908 1336
681 1843 754 1908 Mat
772 1843 823 1907 13.
852 1839 1020 1928 Aoipaon.

421 1985 628 2051 Benedictus
652 1985 729 2049 XII
752 1986 824 2071 sepi
847 1986 1060 2050 Francorum
1082 1985 1263 2069 respondet
1285 1985 1374 2051 inter·
1397 1985 1486 2050 altas
1509 1985 1550 2050 de
1573 1986 1648 2050 Ma·

310 2093 454 2179 pontina
489 2093 638 2176 ecclesia,
674 2114 775 2177 qaam
810 2100 928 2158 contra
962 2094 1017 2157 ias
1052 2093 1250 2157 canonicam
1286 2093 1412 2159 detinet
1447 2100 1647 2178 occupatam

310 2198 530 2265 Baldewinas
554 2201 826 2284 archiepiscopus
855 2200 1078 2264 Treverenea'o.

418 2335 626 2427 [Benedictus
649 2340 725 2424 XII]
750 2339 901 2424 Philippo
925 2341 994 2423 regi
1019 2341 1166 2406 Franoie.

418 2447 534 2512 Ternis
556 2448 655 2531 regiis
679 2447 818 2532 receptis
842 2448 958 2512 litteris
982 2453 1015 2512 et
1039 2447 1203 2513 intellectu
1227 2449 1323 2534 pleno
1347 2448 1513 2514 tenoribus
1536 2469 1647 2514 carum

311 2552 465 2636 collectis,
489 2573 586 2639 super
609 2556 656 2619 eis
680 2553 870 2619 excellentie
894 2555 984 2638 regie
1008 2554 1148 2620 breviter
1171 2555 1400 2640 respondemus
1424 2604 1431 2618 .
1458 2604 1465 2618 .
1492 2605 1499 2620 .
1525 2604 1533 2620 .

418 2660 516 2726 Porro
539 2681 635 2746 super
659 2661 730 2742 hiis,
765 2682 826 2745 que
850 2662 891 2727 de
920 2661 1009 2728 iacto
1035 2712 1043 2726 .
1069 2712 1075 2726 .
1101 2663 1338 2748 archiepiscopi
1362 2665 1569 2729 Treverensis
1594 2683 1648 2728 ex·

311 2766 470 2851 primehat
493 2769 591 2833 series
607 2769 701 2834 tertie
719 2769 834 2851 littere,
858 2768 1099 2853 respondemus,
1124 2769 1220 2852 quod,
1245 2772 1272 2836 si
1288 2769 1552 2854 archiepiscopus
1576 2790 1649 2854 pre·

312 2871 428 2952 dictus,
453 2876 507 2958 qui
524 2881 635 2941 contra
658 2877 869 2941 iuramentum
894 2877 1058 2961 proprium
1082 2895 1139 2960 per
1163 2896 1234 2942 eum
1257 2877 1393 2942 ecclesie
1409 2877 1554 2942 Romane
1576 2897 1648 2962 pre-

311 2981 423 3047 stitum
446 2988 479 3046 et
502 2980 700 3066 fidelitatem,
735 3004 799 3067 qua
822 2991 950 3048 tenetur
974 2982 1078 3049 eidem
1102 2985 1265 3067 astrictus,
1298 2991 1418 3049 temere
1441 2984 1573 3049 veniens
1597 3004 1649 3049 ec·

313 3088 443 3154 clesianr
467 3089 580 3174 ipsam,
615 3110 710 3172 quam
734 3091 873 3156 revereri
898 3098 934 3155 ut
957 3097 1091 3155 matrem
1115 3098 1147 3155 et
1171 3089 1334 3157 dominam
1364 3091 1542 3172 tenebatur,
1575 3111 1649 3174 gra-

314 3195 406 3261 vibus
428 3196 592 3261 lacessivit
615 3196 745 3263 offensis
769 3205 801 3262 et
825 3198 913 3262 velut
936 3197 1081 3282 ingratus
1105 3199 1146 3281 ei,
1176 3217 1239 3280 que
1261 3199 1365 3283 ipsurn
1390 3196 1433 3262 ad
1456 3196 1649 3282 dignitatem

312 3302 528 3388 pontificalem
552 3311 754 3388 provexerat,
779 3305 953 3371 innumeris
976 3305 1100 3370 iniuriis
1117 3306 1317 3389 provocavit,
1342 3304 1447 3370 anime
1470 3324 1527 3370 sue
1551 3305 1649 3370 saluti

314 3408 479 3475 consulere
503 3411 673 3492 curaverit,
699 3410 760 3475 deo
784 3431 823 3476 ac
847 3411 940 3476 nohis
963 3419 1091 3494 gratum
1120 3411 1181 3475 erit
1204 3410 1377 3475 admodum
1411 3417 1444 3475 et
1466 3418 1649 3495 acceptum.

210 3599 212 3603 ι
313 3516 405 3582 Alias
429 3523 536 3582 aulem
566 3524 674 3583 nostre
707 3539 746 3583 ac
770 3518 906 3583 fratrum
929 3525 1109 3583 nostrorum
1143 3518 1328 3583 intentionis
1351 3517 1507 3583 hactenus
1541 3519 1651 3584 extitit

313 3631 346 3688 ot
370 3625 479 3689 existit
503 3623 564 3690 viis
588 3631 621 3689 et
644 3624 758 3706 modis,
784 3626 898 3706 quihus
923 3624 963 3690 de
987 3627 1055 3689 iure
1079 3624 1147 3690 fieri
1178 3627 1307 3709 poterit,
1332 3624 1509 3709 procedere
1537 3631 1651 3690 contra

312 3731 425 3815 ipsum.
462 3731 651 3796 Transferre
668 3737 786 3814 antem,
811 3733 894 3797 sicut
918 3732 1008 3816 regia
1024 3733 1229 3816 supplicabat
1245 3731 1409 3815 instantia,
1433 3732 1649 3798 venerabilem

313 3837 444 3902 fratrem
468 3844 612 3903 nostrum
635 3837 913 3922 archiepiscopum
930 3887 964 3903 ..
999 3839 1221 3922 Magantiuum
1245 3857 1431 3923 oppressum
1453 3858 1512 3923 per
1528 3836 1650 3903 dictum

313 3943 591 4030 archiepiscopum
615 3945 846 4011 Treverensem
879 3965 919 4011 ac
942 3965 1000 4030 per
1022 3965 1112 4010 suam
1144 3944 1336 4010 tirannidem
1366 3944 1533 4010 commodo
1565 3946 1651 4028 regi-

313 4050 408 4117 minis
432 4060 464 4116 et
479 4050 768 4118 administrationis
789 4053 837 4118 sui
854 4053 1153 4138 archiepiscopatus
1170 4053 1297 4117 omnino
1314 4053 1511 4134 frustratum,
1537 4051 1651 4117 honori

314 4165 346 4224 et
371 4158 531 4224 honestati
553 4158 640 4225 sedis
664 4159 842 4245 apostolice
865 4160 1047 4226 nullatenus
1071 4158 1233 4225 oredimus
1257 4161 1439 4225 convenire.
1486 4158 1553 4224 Sed
1577 4179 1650 4223 cum

313 4265 398 4331 idem
423 4265 685 4352 archiepiscopus
708 4267 926 4351 Magantinus,
959 4266 1001 4332 de
1035 4286 1097 4348 quo
1132 4287 1189 4351 per·
1216 4267 1321 4332 felicis
1344 4263 1577 4332 reeordationis
1599 4266 1651 4330 lo·

314 4373 451 4437 hannem
468 4392 586 4458 papam
603 4373 704 4439 XXII
719 4374 980 4459 predecessorem
996 4380 1140 4440 nostrum
1157 4372 1198 4438 dc
1213 4373 1346 4439 consilio
1359 4373 1494 4438 fratrum
1510 4392 1650 4456 suorum,

315 4479 356 4544 de
380 4500 513 4563 quorum
536 4499 666 4545 numero
690 4488 766 4546 tunc
790 4501 926 4562 eramus,
955 4479 1111 4546 canonice
1134 4500 1174 4545 ac
1196 4481 1258 4545 rite
1281 4479 1445 4564 provisum
1468 4481 1575 4544 extitit
1597 4498 1651 4543 ec·

315 4587 413 4653 clesie
436 4587 636 4672 Maguntine‚
659 4589 787 4674 plenam
812 4595 845 4654 et
869 4588 1002 4653 liberam
1019 4586 1330 4652 administrationem
1352 4587 1650 4673 archiepiscopatus

314 4695 363 4760 sui
386 4715 426 4761 ac
457 4696 573 4760 iurium
607 4701 639 4759 et
662 4696 815 4761 honorum
839 4693 982 4761 eiusdem
1006 4693 1218 4779 spiritualium
1253 4701 1286 4759 et
1309 4693 1531 4778 temporalium
1554 4691 1651 4758 fuerit

315 4807 490 4884 assecutus,
515 4803 542 4868 si
567 4799 607 4866 de
632 4802 732 4887 ipsius
757 4803 966 4867 translatione
989 4809 1144 4867 tractetur
1161 4802 1315 4867 canonice
1338 4803 1472 4886 ipseque
1495 4799 1537 4865 ad
1561 4799 1649 4864 illam
