3642 5509
235 432 290 492 404
796 435 863 489 rser
885 433 969 504 Apro
988 434 1030 489 11.

236 638 345 685 sacros
368 617 496 682 ordines
521 617 698 702 promoveri
716 623 749 680 et
765 616 908 681 obtinere
933 635 1130 698 quecumque
1154 613 1311 680 beneficia
1334 611 1567 694 ecclesiastica,

238 727 334 793 etiam
358 725 385 791 si
410 724 586 808 dignitates
609 723 661 791 vel
678 729 867 808 personatus
884 725 1034 805 existant,
1059 743 1182 788 necnon
1206 721 1248 787 ad
1265 720 1468 788 cathedrales
1491 719 1572 805 epis-

238 834 368 919 oopales
392 840 425 897 et
448 833 629 916 superiores
652 831 816 912 eeclesias,
852 832 878 896 si
908 829 951 895 ad
976 830 1032 896 illa
1056 831 1209 895 canonice
1233 831 1414 910 assumaris,
1451 848 1573 914 promo-

238 943 317 1024 reri,
342 948 520 1023 tecumque,
547 938 604 1023 [ut]
628 957 729 1021 nsque
763 937 806 1002 ad
830 938 1001 1003 triennium
1036 959 1098 1002 non
1122 938 1262 1003 tenearis
1297 944 1500 1022 preterquam
1530 935 1572 1000 ad

238 1047 504 1114 subdiaconatum
528 1044 571 1112 ad
595 1046 762 1110 ulteriores
786 1044 914 1111 ordines
937 1046 1126 1130 promoveri,
1160 1043 1202 1109 ad
1225 1064 1318 1126 quem
1347 1042 1476 1126 quidem
1500 1044 1573 1108 sub-

238 1155 428 1221 diaconatus
451 1153 595 1219 ordinem
625 1154 765 1218 tenearis
799 1153 896 1216 ctiam
933 1158 965 1217 te
997 1153 1178 1236 promoveri
1211 1152 1318 1216 facere
1350 1151 1433 1216 infra
1457 1171 1573 1215 annum

238 1283 299 1328 nec
322 1263 448 1327 interim
473 1263 505 1325 in
529 1259 618 1325 dieta
641 1259 779 1325 eeclesia
803 1256 976 1324 Leodiensi
992 1259 1203 1343 personaliter
1227 1258 1376 1340 residere,
1401 1255 1573 1322 dnmmodo

238 1371 272 1434 in
296 1369 397 1434 altero
428 1367 651 1434 beneficiorum
685 1374 809 1431 tuorum
835 1365 1125 1431 ecclesiasticorum
1162 1366 1212 1430 vel
1248 1366 1279 1430 iu
1304 1365 1449 1430 Romana
1484 1365 1573 1428 curia

238 1475 381 1542 resideas
404 1475 454 1542 vel
479 1473 585 1541 studio
602 1473 778 1538 litterarum
800 1473 929 1538 insistas
952 1473 985 1536 in
1009 1474 1090 1555 loco,
1114 1472 1168 1537 nbi
1192 1471 1271 1537 illud
1288 1474 1398 1556 vigeat
1413 1472 1572 1556 generale,

239 1583 388 1668 quodque
412 1583 538 1647 interim
560 1582 593 1644 in
617 1578 770 1665 predictis
795 1579 941 1645 ecclesiis
965 1599 1077 1646 vocem
1106 1581 1138 1643 in
1165 1579 1305 1664 capitulo
1336 1577 1458 1644 habeas
1485 1586 1518 1644 et
1541 1579 1573 1642 in

239 1691 450 1758 electionibus
485 1695 517 1754 et
540 1687 730 1759 tractatibus
760 1686 993 1772 capitularibus
1016 1687 1126 1752 valeas
1149 1687 1315 1769 interesse,
1333 1736 1339 1752 .
1359 1736 1366 1750 .
1385 1736 1392 1752 .
1410 1685 1574 1771 dispensa·

239 1819 309 1865 mus
325 1851 333 1867 .
352 1849 385 1863 ..
432 1798 507 1862 Dat.
532 1794 627 1860 Acin.
652 1794 698 1859 kl.
722 1794 834 1879 aprilis
856 1815 886 1858 a.
911 1793 1158 1876 quintodecimo.

392 1923 465 1993 Rep.
485 1921 542 1976 100
559 1935 608 1974 ar.
626 1918 690 1973 597.

346 2188 480 2257 2030.
515 2189 600 2252 1331
625 2185 728 2272 April
757 2188 809 2251 11.
838 2184 1004 2272 Aaipnon.

347 2332 515 2396 Iolrannee
528 2330 638 2394 XXII
657 2330 908 2415 archiepiscopo
928 2326 1118 2395 Coloniensi
1141 2329 1293 2411 mandat,
1317 2331 1477 2413 qnatinrrs
1493 2350 1574 2413 pro·

240 2462 368 2507 cessans
391 2446 510 2504 contra
534 2437 716 2502 Nicolaum
737 2438 779 2501 de
795 2434 985 2522 Arpentino
1008 2436 1080 2500 ord.
1099 2437 1357 2500 Predicntornne
1375 2459 1397 2500 a
1411 2438 1573 2522 mopistro

241 2551 402 2634 Rapnero
426 2547 586 2612 canonico
611 2544 800 2611 Coloniensi
825 2549 855 2608 et
878 2545 1047 2628 qnondam
1065 2541 1203 2608 Alberto
1228 2545 1269 2608 de
1285 2543 1476 2609 Mediolano
1501 2545 1573 2608 ord.

241 2656 416 2720 Minorem
435 2655 570 2741 factam
595 2654 765 2718 enaminet
789 2656 830 2734 et,
854 2653 884 2716 ei
901 2673 956 2716 eoa
971 2653 1137 2716 invenerit
1156 2672 1340 2737 perperam
1358 2652 1574 2737 processisse,

241 2765 353 2848 ipen-m
373 2783 569 2848 processum
592 2761 740 2826 declaret
762 2760 910 2824 irritare.

349 2886 521 2970 [Iohannes
544 2884 654 2968 XXII]
679 2883 924 2969 archiepiscopo
948 2883 1140 2950 Coloniensi.

281 2989 285 2994 ’
348 2993 550 3077 Significavit
584 2992 677 3057 nobis
700 2991 854 3058 Nicolaus
883 2989 925 3055 de
949 2991 1128 3074 Argentina
1164 2990 1285 3057 ordinis
1308 2991 1443 3056 fratrum
1467 2989 1575 3055 Predi-

241 3109 396 3184 catorum,
435 3101 520 3184 quod
555 3100 631 3164 olim
667 3120 705 3164 eo
729 3099 887 3164 existente
923 3099 1043 3165 vicario
1079 3097 1158 3164 dicti
1188 3098 1309 3164 ordinis
1343 3100 1376 3163 iu
1410 3099 1577 3184 provincia

242 3209 422 3275 Theutonie
451 3227 492 3272 ex
516 3207 738 3273 commissione
772 3213 881 3272 nostra
914 3205 1098 3290 specialiter
1131 3204 1285 3290 deputato
1309 3205 1453 3290 contigit,
1491 3203 1576 3288 quod

241 3317 325 3382 idem
362 3314 514 3383 Nicolans
550 3313 719 3397 quemdam
755 3313 887 3378 fratrem
923 3311 1002 3378 dicti
1027 3312 1147 3378 ordinis
1182 3315 1214 3378 in
1249 3313 1377 3397 prefata
1412 3313 1576 3398 provincia

242 3425 430 3490 existentem
455 3422 659 3506 erigentibus
682 3421 749 3487 suis
778 3420 943 3486 demeritis
973 3423 1095 3486 carceri
1119 3422 1316 3506 mancipavit
1349 3419 1498 3504 qnodque
1531 3419 1575 3484 di·

241 3532 343 3598 lectas
379 3530 463 3597 filius
502 3530 655 3614 magister
693 3528 863 3613 Raynerus
901 3530 1074 3594 canonicus
1109 3527 1307 3595 coloniensis
1345 3538 1378 3592 et
1416 3526 1575 3611 qnondam

242 3639 392 3704 Albertus
415 3637 457 3701 de
474 3635 657 3701 Mediolano
681 3634 802 3700 ordinis
818 3635 1127 3701 fratrumMinoram
1152 3637 1252 3702 lector
1275 3637 1307 3700 in
1331 3636 1401 3701 loco
1418 3635 1575 3701 dictorum

242 3746 375 3810 fratrum
399 3744 554 3809 Minorem
580 3743 702 3820 (lolem,
739 3763 818 3827 qnos
850 3743 893 3808 ad
923 3743 1144 3826 inquirendum
1169 3751 1279 3809 contra
1303 3743 1458 3826 quosdam
1482 3763 1578 3828 super·

242 3851 386 3918 heretica
418 3851 581 3935 pravitate
610 3850 804 3916 auctoritate
833 3850 996 3916 ordinaria
1020 3849 1203 3936 deputares,
1237 3859 1418 3918 asserentes
1440 3851 1575 3917 eundem

241 3959 411 4026 Nicolaum
434 3964 566 4044 propter
588 3959 878 4024 incarceracionem
912 3957 991 4024 dieti
1015 3959 1125 4025 fratris
1158 3959 1255 4026 luisse
1279 3959 1500 4045 impeditorem
1533 3961 1576 4023 in-

243 4065 421 4148 quisitionis
445 4085 554 4130 eorum
578 4072 611 4130 et
635 4073 747 4132 eontra
762 4065 865 4152 ipsum
883 4067 1052 4133 occasione
1068 4065 1250 4134 huiusmodi
1273 4067 1484 4152 procedentes
1507 4088 1577 4133 sen-

242 4172 417 4238 tentialiter
440 4174 690 4256 pronunciarent
713 4173 872 4257 prefatum
895 4173 1065 4241 Nicolaum
1100 4175 1200 4242 fuisse
1224 4174 1445 4261 impeditorem
1476 4176 1577 4259 inqui-

242 4280 367 4345 sitionis
390 4278 537 4365 predicte
561 4287 593 4344 et
616 4301 674 4366 per
699 4301 896 4364 consequens
919 4282 953 4347 in
977 4303 1091 4368 penam
1117 4284 1248 4358 canonis
1272 4283 1499 4349 istamcontra
1522 4287 1577 4348 im·

241 4385 406 4472 peditares
429 4386 610 4453 huiusmodi
634 4387 787 4455 incidisse
811 4394 844 4453 ct
867 4389 940 4454 aliis
974 4390 1065 4473 penis
1089 4390 1195 4474 puniri
1219 4409 1312 4474 posse
1341 4397 1513 4475 propterea
1545 4399 1578 4456 et

242 4491 371 4558 debere.
411 4494 491 4559 Cum
507 4500 615 4559 autem
631 4499 776 4580 prefatus
791 4495 956 4578 Nicolaus,
981 4496 1064 4561 sicut
1088 4496 1212 4579 asserit,
1237 4504 1369 4582 paratus
1392 4499 1434 4563 sit
1457 4498 1490 4562 in
1514 4519 1578 4564 om-

242 4600 345 4683 nibus,
381 4619 476 4685 super
509 4600 624 4682 quibus
656 4607 767 4667 contra
803 4621 874 4667 eum
908 4603 991 4668 iuste
1024 4623 1206 4688 processum
1231 4606 1393 4683 existeret,
1418 4605 1577 4672 mandatis

242 4707 430 4793 apostolicis
463 4715 495 4773 et
530 4709 667 4775 ecclesie
702 4716 799 4792 atque
834 4711 894 4776 iuri
928 4710 1089 4776 humiliter
1112 4711 1254 4794 obedire,
1292 4713 1383 4778 nobis
1416 4712 1578 4779 humiliter

242 4815 448 4901 supplicarit,
473 4823 518 4896 ut,
543 4836 583 4881 ne
606 4818 676 4902 ipse
700 4818 871 4883 occasione
895 4817 1076 4884 huiusmodi
1100 4838 1305 4904 processuum
1328 4823 1362 4885 in
1385 4819 1497 4886 ordine
1519 4839 1577 4886 suo
