3642 5509
291 406 344 463 554
861 409 930 464 1338
949 409 1012 464 Jull
1031 409 1073 464 22.

398 589 496 653 Ρ2122
519 587 737 655 Sanctissime.
784 588 863 654 Cum
886 589 1049 674 principes
1072 589 1320 655 Germanic...

452 710 571 780 1121222,
590 713 658 766 Zur
679 711 782 768 Gescb.
802 715 855 768 des
875 712 1063 769 Kurvercius
1081 729 1119 768 eu
1138 714 1254 768 Reuss:
1274 711 1550 784 222-2222122112
1570 713 1625 768 der

452 800 582 857 Kaiserl.
603 801 656 857 Alc.
677 802 732 856 der
750 799 929 858 Wirseuscb.
955 801 1040 858 Wiere
1060 803 1113 869 XI,
1134 804 1198 858 708.

398 1076 526 1142 2242.
562 1078 649 1141 resa
671 1077 748 1142 222
771 1077 824 1139 22.
850 1071 1016 1160 Aequa

398 1219 592 1285 Benedictus
615 1221 681 1284 XII
716 1217 868 1304 episcopo
901 1216 1061 1282 Bririensi
1090 1224 1123 1284 et
1150 1221 1314 1305 preposito
1348 1219 1381 1285 S.
1406 1216 1552 1285 Severini
1581 1237 1622 1282 ac

291 1326 414 1394 122222
439 1327 472 1391 S.
498 1327 638 1411 Georgie
662 1327 772 1392 Calon.
796 1325 874 1392 ecel.
904 1324 1047 1406 mandat,
1081 1328 1231 1409 quatinus
1254 1326 1428 1412 Rodulpho
1452 1325 1493 1392 de
1516 1327 1621 1390 Busco

291 1433 408 1499 clerico
437 1434 697 1500 Monasteriensis
730 1433 807 1499 eccl.
840 1432 1008 1499 conferant
1041 1433 1119 1498 2221.
1154 1433 1212 1499 SS.
1245 1435 1474 1520 Apostolorum
1507 1432 1616 1499 Gelon.

291 1543 514 1606 canonicatum
549 1549 581 1606 et
616 1540 812 1628 prebendam
841 1546 994 1606 vacantes
1029 1559 1087 1624 per
1122 1541 1352 1625 promotionem
1388 1549 1421 1607 et
1456 1559 1622 1606 consecra·

290 1649 408 1714 tionem
432 1648 564 1714 Henrici
589 1647 822 1733 archiepiscopi
838 1647 1018 1730 Magantini
1043 1646 1119 1712 olim
1143 1648 1279 1713 ecclesie
1303 1647 1448 1734 predicte
1465 1648 1623 1722 canonici,

291 1776 421 1839 quorum
455 1756 579 1821 tructus
612 1754 827 1839 quadraginta
860 1754 1011 1820 librarum
1045 1755 1261 1821 turonensium
1295 1775 1465 1840 parvorum
1489 1774 1514 1820 s.
1539 1761 1561 1818 1.
1586 1752 1622 1818 d.

290 1864 430 1930 valorem
454 1883 594 1929 annuum
616 1883 680 1928 non
704 1860 875 1945 excedunt,
899 1882 963 1926 non
988 1861 1137 1928 obstante
1161 1861 1247 1946 quod
1270 1883 1356 1948 papa
1377 1861 1496 1927 dudum
1516 1858 1622 1927 eidem

290 1970 461 2056 Rodulpbo
493 1991 551 2057 per
583 1971 705 2036 litteras
736 1971 768 2035 in
803 1968 907 2034 forms
939 1989 1115 2054 pauperum
1143 1968 1184 2035 12
1217 1969 1371 2036 22221212
1401 1968 1622 2035 2221221221122

289 2078 332 2144 21
357 2079 597 2164 dispositionem
630 2078 792 2144 scolastici
825 2077 962 2143 ecclesie
986 2077 1246 2144 Monesteriensis
1275 2083 1443 2162 spectante
1466 2074 1619 2160 providit.

291 2187 367 2251 Vult
390 2194 498 2251 tamen
521 2206 616 2270 papa,
642 2184 738 2268 quod,
762 2189 931 2270 postquam
952 2183 1038 2249 idem
1055 2184 1167 2268 vigore
1183 2186 1377 2270 presentium
1395 2183 1622 2249 canonicatum

290 2299 323 2358 et
346 2292 541 2377 prebendam
565 2297 730 2358 assecutus
754 2300 813 2374 est,
849 2292 954 2356 littere
982 2293 1088 2374 gratie
1116 2293 1239 2376 priores
1269 2294 1333 2358 sint
1362 2311 1453 2357 casse
1477 2297 1510 2356 et
1533 2289 1622 2372 quod

289 2399 323 2464 in
355 2398 502 2483 predicta
540 2399 618 2464 eccl.
653 2397 711 2464 SS.
745 2399 1002 2483 Apostolicorum
1035 2400 1236 2484 personalem
1269 2398 1479 2466 residentiam
1512 2397 1624 2463 iacere

292 2513 448 2571 teneatur.

397 2613 592 2679 Laudabilia
616 2615 767 2680 virtutum
790 2613 899 2680 studia
927 2662 934 2678 .
966 2663 973 2680 .
1002 2663 1009 2678 .
1066 2615 1142 2679 Dat.
1167 2614 1262 2679 Avin.
1287 2614 1335 2678 XI
1363 2613 1409 2679 kl.
1438 2612 1565 2696 augusti
1589 2632 1620 2676 a.

291 2727 413 2804 quarto.

452 2829 526 2898 Req.
546 2827 604 2882 126
621 2843 670 2882 rrr.
689 2828 753 2884 262.

397 3100 547 3168 *2342
575 3102 662 3165 1338
679 3101 811 3187 despuat
834 3099 1050 3187 22212222.

399 3246 567 3310 Heuricus
597 3244 637 3308 eie
670 3243 799 3329 Ciaque
829 3245 864 3325 (l)
895 3246 1023 3310 domini
1047 3266 1140 3330 pape
1162 3245 1431 3330 penitenciae-ius
1461 3243 1626 3329 arehiepi-

289 3373 387 3436 scopo
418 3353 613 3417 Treoererrsi
642 3353 793 3432 nunciat,
827 3352 916 3435 quod
949 3352 994 3416 211
1027 3375 1102 3416 euru
1134 3353 1274 3417 remittit
1303 3352 1545 3417 Theodericum
1578 3351 1621 3416 de

290 3461 393 3524 Duco
422 3459 601 3524 diaconum
629 3465 660 3524 et
689 3459 887 3522 2222212222
915 3459 991 3524 2221.
1026 3460 1169 3541 diener,
1198 3466 1380 3544 postquam
1404 3479 1479 3524 eum
1502 3479 1524 3523 a
1541 3478 1621 3544 pec-

289 3568 374 3633 catis
398 3571 430 3631 21
453 3567 603 3631 censuris
626 3566 858 3631 ecclesiasticis
881 3566 1034 3632 absolvit.

397 3707 580 3775 Venerabili
609 3710 641 3773 in
666 3707 795 3774 Christo
824 3709 910 3794 patri
938 3708 991 3773 dei
1020 3709 1132 3794 gracia
1162 3707 1405 3793 archiepiscopo
1430 3708 1625 3773 Treverensi

289 3818 341 3884 vel
372 3818 440 3882 eius
472 3817 594 3882 vicario
627 3818 659 3881 in
694 3815 914 3901 spiritualibus
947 3815 1047 3882 122122
1081 3817 1239 3882 Η2221222
1273 3816 1314 3881 12
1345 3817 1468 3900 Oingno
1502 3813 1623 3880 domini

289 3945 374 4010 pape
397 3925 645 4009 penitenciarius
667 3925 804 3990 salutem
827 3925 859 3988 12
884 3922 1024 3990 domino.

397 4031 633 4098 Theodericum
657 4032 698 4096 de
713 4032 810 4096 Dino
834 4031 1017 4117 dyaconem
1035 4038 1067 4095 et
1084 4032 1270 4096 canonicum
1289 4038 1394 4096 vestre
1418 4029 1624 4094 ecclesie...

288 4139 422 4204 latorem
447 4141 656 4224 presencium,
690 4139 744 4222 qui
768 4137 854 4220 olim,
889 4145 984 4223 prout
1008 4138 1101 4204 vobis
1125 4146 1274 4223 exponet,
1306 4136 1465 4220 quendam
1490 4135 1624 4200 militem

290 4243 410 4311 ordinis
434 4245 602 4330 hospitalis
631 4244 742 4311 Sancti
776 4245 929 4310 Iohannis
960 4245 1203 4310 lerosolimitani
1228 4245 1383 4310 violenter
1407 4243 1457 4308 bis
1481 4243 1566 4327 cepit
1590 4251 1625 4308 et

288 4358 417 4438 captum
439 4352 544 4436 ipsum
567 4352 670 4418 tenuit
693 4371 750 4437 per
766 4352 887 4435 aliquot
903 4359 1037 4436 tempus,
1062 4371 1155 4434 quem
1173 4350 1375 4437 postmodum
1391 4351 1473 4416 alias
1489 4349 1617 4415 illesum

289 4459 427 4525 restituit
452 4461 584 4544 pristine
605 4459 757 4542 libertati,
783 4459 824 4524 ab
849 4459 1179 4524 excommunicatione
1202 4458 1354 4541 generali,
1380 4477 1473 4540 quam
1491 4461 1625 4541 propter

289 4565 350 4634 hoc
374 4565 517 4648 incurrit,
541 4573 574 4631 et
589 4589 609 4632 2
625 4567 766 4632 reatibus
789 4565 951 4630 laicalium
975 4564 1218 4630 homicidiorum
1236 4572 1267 4630 et
1290 4565 1435 4650 peccatis
1459 4566 1523 4630 suis
1539 4563 1624 4647 aliis,

290 4692 351 4757 que
375 4674 467 4739 nobis
489 4675 522 4738 in
546 4674 616 4739 foro
640 4671 850 4739 confessionis
873 4673 1010 4755 aperuit,
1035 4670 1077 4736 21
1095 4692 1152 4737 vos
1177 4673 1370 4738 auctoritate
1395 4670 1515 4736 domini
1537 4691 1624 4757 pape

289 4781 479 4848 remittimus
513 4783 604 4846 iuxta
639 4781 773 4845 formam
816 4777 955 4843 ecclesie
996 4779 1195 4862 absolutum,
1235 4779 1426 4845 executione
1460 4797 1624 4844 sacrorum
