3642 5509
813 495 865 552 133
883 495 968 568 April
990 496 1032 550 11.
1537 495 1590 554 405

253 677 304 743 vel
328 676 406 743 alibi
430 697 469 743 ac
493 676 526 741 in
549 676 669 744 iudicio
694 678 744 745 vel
769 684 862 744 extra
885 677 1014 745 ledatur
1047 679 1079 744 iu
1103 677 1222 763 aliquo,
1254 679 1310 746 sed
1343 679 1462 763 Integri
1486 685 1590 746 status

256 792 288 850 et
311 784 396 851 farne
419 785 503 851 sicut
526 786 613 870 prius
636 786 669 851 in
693 786 839 852 omnibus
863 791 1042 870 censeatur,
1067 786 1237 872 providere
1260 787 1320 853 sibi
1344 807 1440 872 super
1464 787 1525 853 hoc
1549 786 1590 853 de

253 901 410 979 oportuno
434 894 576 960 remedio
593 895 808 978 dignaremur.
845 895 913 963 Nos
935 895 1046 978 itaque
1062 943 1068 956 .
1087 943 1094 956 .
1114 895 1330 961 ‚fraternitati
1355 902 1408 961 tue
1426 945 1433 962 .
1453 945 1460 961 .
1479 945 1486 961 .
1503 917 1589 962 marr-

253 1000 377 1081 damm,
407 1001 582 1084 quatinus.
601 1003 750 1068 .vocatis
775 1002 829 1084 qui
853 1001 973 1067 fuerint
997 1001 1164 1085 evocandi,
1198 1003 1378 1070 huiusmodi
1402 1023 1588 1088 processum

252 1115 364 1174 contra
399 1108 520 1174 dictum
552 1109 720 1176 Nicolaum
757 1108 900 1173 habitum
938 1109 1111 1194 diligenter
1145 1111 1308 1175 examines
1326 1159 1334 1174 .
1352 1158 1359 1174 .
1377 1162 1385 1178 .
1403 1117 1434 1176 et
1469 1111 1496 1178 si
1530 1131 1589 1196 per

251 1215 519 1281 examinationem
543 1215 725 1281 huiusmodi
747 1218 906 1282 inveneris
931 1214 1035 1282 dictos
1059 1215 1242 1301 Raynerum
1268 1224 1300 1283 st
1324 1217 1490 1282 Albertum
1515 1237 1588 1283 cou-

251 1329 301 1388 tra
325 1324 483 1409 prefatum
508 1323 677 1390 Nicolaum
713 1344 809 1409 super
843 1323 1008 1408 premissis
1041 1343 1211 1408 perperam
1240 1323 1445 1409 processisse,
1482 1323 1588 1391 huius·

252 1430 339 1497 modi
362 1450 555 1517 processus.
575 1449 735 1497 ..cassos
759 1438 791 1497 et
814 1431 921 1496 irritos
944 1431 1097 1496 nunciare
1121 1450 1272 1516 procures
1290 1479 1297 1496 .
1317 1480 1350 1496 ..
1390 1432 1466 1497 Dat.
1491 1431 1585 1499 Avin.

252 1538 301 1604 III
325 1537 397 1604 idus
421 1537 532 1624 aprilis
555 1559 583 1604 a.
608 1537 857 1621 quintodecimo.

410 1663 482 1734 Ray.
503 1662 540 1716 98
557 1663 582 1733 f.
602 1664 661 1716 346
678 1678 727 1718 nr.
746 1662 811 1716 812.

357 1934 477 2001 coar.
503 1939 590 2000 1331
615 1935 719 2022 Apol
744 1939 795 2003 11.
824 1934 989 2022 Avipooa.

356 2077 516 2144 Iohannes
549 2077 648 2143 XXII
680 2078 841 2144 Willelmo
876 2078 918 2144 de
953 2078 1140 2144 Bontersem
1177 2077 1302 2142 confert
1336 2076 1415 2141 eccl.
1452 2075 1584 2142 Trever.

250 2185 485 2262 canonicatum,
520 2185 717 2272 prebendam
745 2207 821 2252 vero
851 2185 954 2252 cidem
985 2191 1139 2268 reservat,
1178 2205 1241 2250 non
1270 2185 1418 2250 obstante
1442 2181 1528 2266 quod
1551 2183 1585 2248 in

248 2291 350 2357 Leod.
387 2298 419 2358 ct
442 2292 583 2357 Traiect.
620 2293 678 2358 sub
702 2294 929 2378 expectatione
953 2291 1122 2377 dignitatis
1157 2298 1189 2356 et
1224 2290 1257 2354 in
1281 2289 1457 2358 Nivcllcnsi
1480 2287 1582 2355 Leod.

250 2399 333 2466 dioc.
358 2401 437 2467 cccl.
462 2402 671 2467 canonicatus
695 2408 727 2467 et
750 2400 932 2487 prebendas
956 2401 1088 2467 obtinet.

355 2508 477 2574 Morum
502 2507 610 2592 decor,
642 2510 708 2574 vite
736 2507 973 2575 mundicia...
1020 2508 1096 2573 Dat.
1122 2508 1214 2574 Avin.
1241 2507 1290 2571 ΙΙΙ
1322 2503 1395 2571 idus
1418 2504 1530 2590 aprilis
1553 2524 1583 2570 a.

250 2613 497 2698 quintodecimo.

356 2724 394 2788 In
418 2743 446 2788 e.
471 2744 512 2788 m.
538 2721 660 2789 decano
685 2729 717 2788 ct
742 2723 864 2789 cantori
889 2722 991 2790 Leod.
1016 2742 1056 2788 ac
1078 2722 1232 2806 magistro
1256 2719 1373 2786 Busolo
1398 2719 1439 2785 de
1466 2719 1583 2785 Parma

250 2830 417 2915 capellano
441 2835 549 2896 nostro
573 2833 728 2897 canonico
752 2831 967 2897 Tornacensis
990 2829 1069 2897 eccl.

408 2955 482 3026 Rep.
501 2956 539 3010 97
557 2971 604 3010 nr.
624 2957 687 3010 614.

353 3235 485 3302 2032.
516 3238 602 3301 1331
626 3233 729 3322 April
754 3238 806 3300 16.
842 3233 1007 3321 Aoipoora

355 3377 514 3444 Iohannes
535 3378 634 3444 XXII
657 3379 754 3445 nobili
779 3379 849 3445 viro
873 3377 1008 3444 Iohanni
1033 3382 1109 3443 nato
1134 3377 1285 3443 Iohannis
1309 3377 1435 3442 comitis
1458 3375 1499 3441 de
1524 3375 1581 3442 Sa·

247 3490 381 3571 reponte
414 3485 508 3551 militi
533 3488 568 3568 (l)
597 3493 629 3552 ct
653 3487 750 3552 nobili
782 3487 907 3552 mulieri
936 3485 1056 3572 Aelydi
1090 3487 1158 3552 eius
1191 3486 1282 3551 uxori
1312 3485 1388 3550 Met.
1417 3483 1501 3549 dioc.
1535 3484 1581 3548 in·

247 3591 369 3678 dulget,
405 3600 440 3661 ut
467 3593 607 3678 missam,
642 3599 814 3677 antequam
849 3593 1017 3660 illucescat
1054 3591 1133 3676 dics,
1170 3593 1256 3659 cirea
1291 3599 1397 3658 tamen
1432 3591 1579 3657 diurnam

247 3702 361 3784 lucem,
395 3722 466 3767 cum
491 3702 630 3784 qualitas
659 3701 860 3785 negoti0rum
889 3701 1105 3786 ingruentium
1130 3700 1162 3766 id
1193 3701 1347 3785 exegerit,
1380 3699 1479 3766 liceat
1501 3699 1580 3785 ipsis

247 3816 280 3874 et
304 3809 434 3875 cuilibet
457 3811 596 3896 ipsorum
622 3829 679 3895 per
703 3809 864 3894 proprium
881 3808 935 3874 vel
957 3809 1053 3874 alium
1070 3807 1272 3874 sacerdotem
1288 3807 1449 3894 ydoneum
1473 3807 1580 3874 facere

248 3917 413 3999 celebrari,
437 3918 566 4002 proviso
590 3915 676 4000 quod
699 3935 798 4001 parce
822 3914 1003 3982 huiusmodi
1029 3915 1235 3982 concessione
1258 3920 1398 3981 utantur.

353 4024 485 4090 Sincere
518 4022 697 4091 devotionis
731 4023 867 4089 affectus
897 4072 904 4087 .
935 4073 942 4087 .
973 4072 980 4087 .
1027 4023 1102 4088 Dat.
1128 4022 1224 4089 Ariu.
1248 4023 1328 4088 XVI
1361 4022 1406 4089 kl.
1440 4022 1514 4088 maii
1549 4043 1577 4086 a.

247 4130 495 4215 quintodecimo.

406 4253 479 4323 aeq.
499 4252 538 4306 99
554 4252 579 4322 f.
598 4251 665 4306 asol
683 4267 731 4305 nr.
752 4251 834 4306 rora.

352 4521 484 4588 2033.
510 4525 595 4586 1331
619 4520 723 4606 April
745 4525 795 4585 16.
820 4520 986 4607 Avipnon.

352 4665 510 4730 lohannes
536 4665 635 4730 XXII
659 4664 758 4729 nobili
782 4665 850 4730 viro
876 4664 1011 4731 Iohanni
1035 4673 1110 4731 nato
1135 4665 1286 4732 Iohannis
1311 4668 1435 4732 comitis
1459 4666 1500 4732 de
1521 4667 1578 4733 Sa·

245 4780 379 4857 rapontc
401 4774 493 4838 militi
518 4779 550 4839 et
574 4772 672 4839 nobili
698 4773 824 4838 mulieri
849 4771 966 4858 Aelydi
996 4775 1064 4839 eius
1093 4775 1183 4839 uxori
1206 4775 1282 4840 Met.
1307 4774 1390 4840 dioc.
1415 4774 1571 4858 indulget,

245 4885 281 4945 ut
303 4880 402 4946 liceat
425 4879 504 4965 ipsIs
528 4889 560 4945 et
583 4881 722 4966 ipsorum
748 4879 880 4947 cuilibet
903 4882 1022 4948 habere
1046 4883 1148 4949 altare
1172 4883 1333 4968 portatile.
