3642 5509
277 323 331 380 568
822 323 893 379 teto
911 321 1033 393 August
1052 324 1094 379 30.

277 504 418 571 eiusdem
443 505 589 579 ecclesie,
625 504 680 587 qui
704 504 867 570 canonicis
899 504 986 571 horis
1019 506 1185 591 intersunt,
1220 505 1302 572 adeo
1335 513 1408 573 sunt
1435 513 1546 573 tenues
1579 511 1613 570 et

278 614 387 697 exiles,
413 612 498 696 quod
522 620 669 697 respectu
693 612 946 696 magnificentie,
971 631 1034 694 qna
1056 613 1128 696 ipsa
1145 614 1283 679 ecclesia
1307 615 1451 699 precellit
1472 615 1505 679 in
1528 612 1611 695 aliis,

277 721 519 787 distributiones
552 718 733 785 huiusmodi
766 720 831 785 vim
864 717 1000 784 alicuius
1032 719 1185 805 stipendii
1219 721 1371 805 condigni
1396 742 1458 787 non
1483 720 1610 800 habent,

276 827 335 894 sed
358 849 419 894 nec
441 835 551 914 posset
580 828 701 910 absque
724 827 817 911 gravi
840 825 995 892 scandalo
1025 829 1194 910 quicquam
1226 831 1325 915 recipi
1356 829 1405 894 vel
1436 828 1546 894 haberi
1572 827 1611 890 de

277 936 463 1020 corporibus
502 933 753 1020 prebendarum,
790 932 900 998 unde⁸
940 933 1057 998 fierent
1094 935 1286 1019 pinguiores.
1361 937 1495 1020 Propter
1527 933 1611 1018 quod

276 1042 374 1108 iidem
399 1041 541 1108 decanus
565 1048 597 1106 et
621 1041 795 1126 capitulum
818 1041 912 1106 nobis
936 1040 1096 1106 humiliter
1120 1042 1349 1127 supplicarunt,
1380 1043 1527 1124 quatinus
1554 1062 1611 1126 pre

276 1149 458 1216 huiusmodi
497 1149 774 1215 distributionibus
809 1147 1056 1231 augmentandis
1094 1150 1327 1233 parrochialem
1364 1150 1532 1216 ecelesiam
1571 1148 1612 1213 de

275 1259 410 1324 Erclens
439 1257 583 1343 predicte
607 1262 714 1322 nostre
738 1255 876 1321 diocesis
904 1255 947 1320 ad
976 1257 1244 1340 presentationem
1277 1257 1431 1342 prepositi
1455 1257 1613 1339 Aquensis
1643 1313 1648 1324 .

277 1366 414 1432 ecclesie
437 1364 660 1450 pertinentem,
689 1383 751 1446 que
779 1361 924 1428 redditus
952 1368 984 1428 et
1015 1370 1188 1447 proventus
1212 1384 1335 1430 annuos
1359 1363 1477 1429 habere
1507 1363 1612 1429 dinos-

277 1475 360 1538 citur
375 1473 506 1537 multum
523 1471 646 1556 amplos
670 1478 766 1553 atque
782 1471 928 1555 pingues,
953 1469 1056 1535 eidem
1082 1471 1217 1536 ecclesie
1234 1472 1377 1554 Aquensi
1397 1472 1612 1556 incorporare,

276 1580 439 1662 vellemus,
463 1583 627 1645 reservata
650 1585 756 1642 tamen
781 1578 812 1640 in
837 1575 1016 1642 redditibus
1040 1583 1072 1642 et
1095 1578 1302 1662 proventibus
1330 1579 1525 1663 supradictis
1553 1599 1610 1662 pro

276 1686 491 1754 deservitione
514 1686 649 1752 ecclesie
673 1685 818 1771 predicte
842 1684 882 1749 de
906 1684 1041 1750 Erolens
1066 1691 1098 1748 et
1122 1685 1190 1749 eius
1214 1685 1284 1749 filie
1308 1705 1433 1750 necnon
1458 1706 1515 1770 pro
1539 1685 1613 1750 aliis

277 1796 427 1862 oneribus
449 1791 677 1880 supportandis
700 1792 818 1858 ibidem
844 1811 986 1876 congrua
1015 1793 1172 1876 portione.
1221 1791 1300 1857 (ium
1330 1791 1429 1875 igitur
1458 1791 1498 1856 de
1528 1798 1613 1857 statu

276 1901 364 1968 dicte
389 1902 525 1968 ecclesie
549 1900 589 1966 de
602 1901 736 1966 Erclens
751 1918 943 1982 suorumque
959 1899 1068 1964 valore
1092 1897 1275 1965 reddituum
1292 1901 1483 1965 auctoritate
1504 1907 1614 1964 nostra

277 2010 448 2095 diligenter
477 2009 629 2092 inquisito
657 2009 834 2074 certissime
864 2008 906 2072 sit
934 2013 1132 2092 compertum
1162 2007 1329 2072 ecclesiam
1360 2007 1461 2092 ipsam
1495 2006 1615 2073 babere

276 2116 422 2183 redditus
445 2123 477 2181 et
500 2121 674 2201 proventus
707 2135 828 2180 annuos
861 2120 909 2178 tot
942 2120 974 2178 et
1007 2118 1123 2196 tantos,
1158 2113 1241 2178 unde
1274 2121 1382 2198 posset
1416 2135 1555 2199 congrue
1582 2123 1616 2178 et

276 2223 429 2290 decenter
452 2222 625 2309 provideri,
650 2243 721 2286 cum
746 2223 841 2287 etiam
875 2220 1014 2304 aliquem
1048 2221 1232 2287 investitum
1266 2223 1426 2306 proprium
1460 2220 1616 2287 hacteuus

276 2330 362 2417 apud
387 2352 457 2397 eam
481 2331 543 2396 nisi
566 2329 728 2395 rarissime
751 2330 852 2392 visum
877 2329 974 2394 fuerit
998 2329 1208 2414 personaliter
1232 2327 1401 2411 resedisse,
1425 2326 1482 2393 scd
1506 2331 1616 2414 potins

275 2440 348 2525 ipsa
372 2438 511 2504 ecclesia
544 2436 585 2501 de
609 2436 741 2501 Erclens
765 2455 822 2520 per
847 2434 1000 2500 vicarium
1026 2441 1058 2500 et
1092 2435 1217 2521 capella
1251 2433 1291 2499 de
1315 2433 1511 2500 Oudekovcn
1545 2437 1615 2501 eius

277 2549 347 2614 lilia
381 2566 439 2633 per
475 2545 660 2631 capellanos
698 2546 851 2609 annuales
889 2545 921 2608 in
955 2544 1127 2629 perniciem
1170 2550 1202 2608 et
1235 2543 1407 2629 dampnum
1438 2544 1614 2609 animarum

276 2661 445 2738 rectorum,
470 2654 524 2736 qui
542 2651 672 2718 easdem
689 2651 842 2717 ecelesias
858 2671 971 2735 regere
988 2657 1020 2716 et
1036 2651 1249 2736 personaliter
1272 2652 1304 2716 in
1329 2649 1447 2716 eisdem
1472 2650 1615 2718 residere

275 2763 468 2830 tenebantur
483 2765 515 2825 et
536 2760 632 2824 etiam
656 2760 755 2844 ipsius
772 2759 909 2824 ecclesie
934 2757 1077 2823 fidelium
1098 2758 1194 2823 saluti
1219 2757 1382 2825 deservire
1392 2755 1417 2821 ἲ).
1465 2758 1523 2824 Cui
1547 2765 1615 2823 tam

275 2870 368 2955 gravi
392 2868 532 2954 dampno
556 2868 755 2932 occasionem
772 2867 924 2953 prestitit,
950 2865 1034 2948 quod
1059 2871 1191 2951 propter
1214 2866 1410 2951 opulentiam
1432 2864 1613 2932 reddituum

277 2985 309 3045 et
332 2977 491 3042 fructuum
527 2974 645 3040 talibus
676 2973 822 3059 personis
854 2979 910 3038 aut
943 2993 1002 3058 per
1034 2973 1208 3058 potentiam
1243 2979 1277 3038 et.
1300 2973 1538 3059 impressionem
1562 2974 1615 3039 vel

276 3085 372 3151 aliam
397 3103 555 3166 quamque
587 3083 859 3167 importunitatem
893 3079 934 3145 de
967 3079 1080 3146 eadem
1104 3080 1344 3165 providebatur,
1379 3100 1442 3164 que
1465 3089 1617 3167 suscepta

276 3188 473 3279 pinguedine
490 3188 631 3255 eiusdem
656 3189 891 3254 concurabant
914 3189 946 3252 in
971 3187 1084 3254 eadem
1108 3186 1259 3270 residere,
1284 3188 1341 3254 sed
1358 3191 1463 3274 potius
1479 3191 1511 3254 in
1532 3189 1615 3272 aliia,

277 3305 312 3364 ut
335 3299 521 3384 plerumque
546 3296 713 3380 contingit,
739 3295 909 3361 mundanis
933 3315 967 3360 se
991 3296 1136 3361 imiscere
1161 3298 1196 3376 (l)
1224 3297 1364 3379 negotiis
1388 3303 1443 3362 aut
1471 3296 1504 3362 in
1526 3317 1617 3363 secu-

276 3406 396 3472 laribus
418 3424 547 3470 manere
570 3402 773 3489 vagabunde.
820 3404 888 3471 Nos
911 3403 1169 3470 consideratione
1186 3403 1296 3468 solerti
1321 3412 1503 3488 pensantes,
1528 3403 1616 3488 quod

277 3520 342 3578 tam
366 3513 467 3597 ipsius
490 3512 626 3578 ecclesie
654 3510 696 3576 de
720 3510 853 3576 Erclens
883 3530 977 3593 quam
1007 3509 1213 3574 fundatorum
1244 3508 1385 3574 eiusdem
1410 3529 1473 3576 non
1502 3531 1616 3596 pamm

277 3620 407 3702 utiliter,
438 3619 578 3701 quinimo
603 3639 674 3684 cum
707 3617 807 3683 divini
832 3618 937 3685 cultus
965 3623 1136 3701 augmento
1165 3616 1335 3682 salubriter
1364 3635 1414 3682 res
1439 3622 1564 3701 agetur,
1588 3618 1616 3682 si

276 3726 390 3792 divisis
412 3727 491 3811 ipsis
507 3724 685 3791 redditibus
708 3731 805 3808 atque
821 3725 1029 3811 proventibus
1053 3723 1136 3788 iuter
1152 3724 1260 3809 plures
1283 3724 1420 3789 ecclesie
1437 3730 1470 3788 et
1491 3724 1616 3809 capelle

276 3833 493 3921 predictorum
518 3835 551 3914 (l)
576 3831 776 3898 deserviatur
792 3831 908 3897 amodo
933 3852 995 3897 non
1011 3850 1069 3917 per
1092 3830 1223 3897 annales
1240 3831 1454 3897 mercenarios
1477 3831 1534 3896 scd
1556 3851 1616 3916 per

277 3941 502 4026 appropriatos
525 3941 587 4006 sibi
611 3945 760 4022 rectores,
785 3939 900 4022 quibus
923 3945 1030 4004 tamen
1046 3936 1088 4004 de
1112 3958 1254 4021 congrua
1271 3945 1302 4002 et
1327 3940 1520 4024 competenti
1545 3937 1615 4002 red-

278 4047 400 4114 dituum
434 4047 581 4133 portione
614 4049 656 4114 sit
688 4047 860 4132 provisum,
895 4052 927 4111 et
959 4045 1184 4111 nichilominus
1218 4045 1474 4112 consideratione
1502 4045 1616 4111 cadem

278 4153 492 4236 attendentes,
517 4153 602 4237 quod
619 4151 792 4220 secundnm
809 4152 1049 4237 inquisitionem
1066 4149 1274 4217 demandato
1299 4158 1407 4218 nostro
1423 4173 1463 4218 ac
1486 4172 1616 4219 venera·

277 4263 352 4330 bilis
376 4261 435 4326 viri
460 4261 579 4326 domini
603 4259 764 4344 Raynaldi
789 4259 829 4324 de
853 4259 932 4325 filiis
954 4259 1027 4325 Ursi
1059 4260 1119 4324 loci
1149 4257 1369 4324 archidiaconi
1393 4259 1514 4326 factam
1543 4259 1616 4324 dili-

278 4377 456 4457 geuterque
480 4369 696 4433 examinatam
720 4387 816 4452 super
838 4368 985 4432 omnibus
1001 4374 1033 4433 et
1057 4366 1191 4452 siugulis
1214 4364 1393 4432 redditibus
1409 4368 1617 4453 proventibus

278 4484 310 4546 et
335 4476 555 4543 emolumentis
583 4473 624 4540 ad
654 4473 773 4540 dictam
803 4475 972 4543 ecclesiam
1003 4481 1036 4542 et
1065 4476 1133 4540 eius
1156 4474 1259 4541 filiam
1284 4495 1408 4540 necnon
1437 4475 1480 4541 ad
1508 4476 1617 4542 matri-

281 4639 497 4649 ——-—.----

378 4729 408 4796 a)
426 4726 498 4782 inde
517 4723 552 4780 ia
571 4741 634 4800 rep.
744 4727 773 4794 b)
793 4726 880 4782 solite
899 4728 939 4782 de
958 4726 1064 4783 serviri
1085 4723 1119 4780 in
1139 4742 1200 4798 rep.
