3642 5509
247 425 299 484 170
816 427 886 483 1328
906 427 970 484 Juti
988 426 1032 482 21.

245 613 423 693 noluerunt,
447 610 527 678 dicti
545 658 552 674 .
570 657 576 672 .
595 611 719 678 nobiles
741 609 908 677 iracundie
925 612 1031 676 calore
1048 609 1197 676 commoti
1214 606 1335 674 dictum
1350 607 1577 674 monasterium

245 720 418 787 aflixerunt
441 721 564 787 iniuriis
587 725 619 786 et
648 722 789 788 iacturis.
837 720 945 800 Quare
970 719 1076 786 dictus
1104 768 1112 784 .
1141 768 1148 784 .
1177 719 1278 785 abhas
1300 720 1394 786 nohis
1416 717 1578 785 humihter

246 830 450 916 supplicavit,
483 836 517 895 ut
541 831 570 895 ei
595 836 628 895 et
652 830 846 896 monasterio
878 827 1065 914 supradicto
1089 847 1185 914 super
1217 828 1380 913 premissis
1408 829 1461 914 pio
1492 848 1578 894 com·

246 939 406 1024 patientes
430 938 549 1004 affectu
573 935 792 1022 parrochiales
816 937 849 1003 S.
874 937 1022 1003 Mauricii
1046 936 1255 1020 Coloniensis,
1288 935 1322 1002 in
1344 935 1512 1021 Sugthele‚
1545 937 1578 1002 in

245 1047 395 1132 Pinstorp
421 1047 508 1111 etin
531 1045 677 1130 Langele
701 1045 856 1111 ecclesias
880 1042 922 1109 ad
944 1092 979 1111 ..
1006 1043 1156 1110 abbatem
1179 1043 1280 1129 ipsius
1302 1044 1487 1111 monasterii
1510 1045 1579 1110 iure

245 1161 434 1240 patronatus
467 1159 660 1239 spectantes,
695 1173 827 1236 quarum
857 1152 982 1218 fructus
1005 1150 1150 1217 redditus
1174 1158 1206 1217 et
1229 1156 1402 1237 prouentus
1426 1150 1577 1235 quinqua-

245 1264 337 1348 ginta
351 1245 553 1329 ¹florenorum
586 1263 655 1326 auri
688 1260 861 1327 secundum
895 1259 1093 1326 taxationem
1126 1257 1252 1325 decime
1275 1259 1416 1325 valorem
1439 1277 1578 1324 annuum

245 1393 308 1438 non
332 1370 503 1450 excedunt,
527 1371 589 1455 ipsi
613 1367 807 1435 monasterio
831 1368 1038 1452 incorporare
1055 1415 1062 1431 .
1082 1416 1087 1431 .
1107 1419 1115 1434 .
1132 1365 1348 1449 dignaremur.
1388 1367 1457 1434 Nos
1479 1365 1579 1451 igitur

246 1478 518 1545 ...fraternitati
542 1484 596 1543 tue
614 1527 621 1542 .
640 1527 646 1542 .
666 1526 673 1542 .
690 1475 889 1559 mandamus,
924 1475 1084 1556 quatinus,
1112 1475 1140 1538 si
1169 1473 1216 1539 ita
1244 1480 1303 1557 cst,
1337 1474 1480 1560 prefatas
1507 1495 1580 1558 par·

245 1585 405 1652 rochiales
423 1635 430 1651 .
449 1636 456 1650 .
475 1637 482 1652 .
501 1583 655 1651 ecclesias
678 1632 737 1649 ...
760 1583 864 1650 eidem
888 1582 1083 1648 monasterio
1107 1583 1300 1647 auctoritate
1323 1587 1433 1647 nostra
1454 1583 1487 1647 in
1510 1601 1579 1667 per·

245 1699 377 1780 potuum
409 1694 502 1760 unias
533 1698 566 1758 et
588 1697 743 1758 annectas
772 1740 779 1756 .
810 1739 818 1757 .
848 1739 855 1756 .
903 1690 979 1756 Dat.
1003 1689 1098 1756 Avin.
1123 1688 1190 1754 XII
1213 1689 1259 1754 kl.
1282 1689 1412 1774 augusti
1436 1710 1467 1775 p.
1491 1711 1523 1755 n.
1547 1711 1578 1755 a.

245 1800 446 1868 duodecimo.

394 1951 467 2020 Rep.
485 1949 566 2019 ⁸⁸f·
587 1950 643 2004 103
661 1964 709 2004 ar.
729 1949 813 2004 3266.
839 1977 871 1987 -
904 1943 964 2003 Or.
982 1947 1107 2003 membr.
1134 1962 1203 2003 cum
1227 1948 1357 2018 plumbo
1382 1948 1474 2017 peno.
1512 1947 1575 2004 Sub

395 2126 483 2198 plica
496 2130 539 2184 ad
551 2127 743 2256 sinistrablrl⁸
763 2037 861 2212 {reru
903 2128 943 2182 In
957 2125 1044 2197 plica
1062 2127 1105 2182 od
1130 2127 1242 2181 desim:
1261 2125 1296 2182 N.
1316 2126 1444 2182 Brunus.
1476 2125 1579 2184 Poma.

727 2217 821 2271 .pcn.
835 2229 865 2261 w.

395 2289 474 2346 Bt'bl.
494 2293 556 2348 nat.
571 2292 595 2362 f.
615 2291 702 2346 lotia.
722 2291 798 2346 9284
815 2307 863 2345 nr.
882 2293 908 2345 8.
919 2319 952 2330 -
965 2290 1222 2357 lhamssumptum
1240 2285 1275 2342 in
1294 2289 1510 2345 documentum
1527 2305 1581 2343 ao-

395 2379 484 2436 tcm'le
514 2383 575 2438 dat.
602 2383 648 2437 24.
676 2398 715 2438 m.
744 2379 910 2438 decembris
943 2398 970 2436 a.
1000 2381 1083 2435 1330.
1126 2377 1322 2448 Dbsseldorf.
1355 2378 1444 2435 Arcb.
1463 2394 1526 2448 rep.
1547 2377 1579 2436 S.

382 2473 572 2529 Pantaleon.
593 2471 693 2528 Colore.
713 2487 762 2527 ar.
781 2474 844 2528 147.

352 2797 466 2865 1516.
508 2799 595 2865 1328
618 2800 695 2866 Jcli
718 2801 772 2864 21.
797 2795 963 2885 Aoipooo.

352 2957 523 3044 [lohannes
545 2961 657 3046 XXII]
689 2960 932 3046 archiepiscopo
956 2959 1149 3027 Coloniensi.

352 3085 472 3151 Petilio
509 3085 620 3152 dilecti
653 3085 710 3151 filii
743 3085 884 3153 Gotfridi
920 3084 1107 3153 Hardevrist
1138 3085 1214 3151 laici
1248 3084 1446 3151 Coloniensis
1477 3105 1579 3171 nuper

245 3193 338 3259 nobis
362 3193 507 3260 exhibita
531 3195 726 3276 continebat,
760 3191 847 3276 quod
874 3193 945 3279 ipse
967 3242 974 3258 .
999 3242 1006 3258 .
1030 3245 1038 3262 .
1063 3191 1204 3258 intendit
1227 3191 1269 3259 ad
1292 3191 1445 3258 honorem
1469 3190 1522 3258 dci
1545 3199 1579 3259 et

246 3302 347 3367 Beate
372 3302 513 3385 Virginis
549 3303 660 3368 matris
696 3301 765 3368 eius
800 3321 839 3367 ac
874 3321 932 3386 pro
967 3320 1023 3366 suc
1056 3305 1089 3365 et
1121 3300 1230 3366 uxoris
1264 3320 1304 3366 ac
1338 3300 1578 3387 progenitorum

246 3427 373 3474 suorum
407 3409 582 3474 animarum
615 3408 718 3474 salute
751 3407 876 3492 capelle
910 3406 944 3473 S.
971 3407 1172 3492 Noytburgis
1203 3407 1386 3474 Coloniensi
1416 3405 1458 3474 de
1488 3406 1578 3474 bonis

244 3515 384 3600 propriis
407 3515 603 3581 sufficientes
627 3513 772 3581 redditus
796 3513 963 3598 assignare
986 3535 1044 3600 pro
1069 3520 1206 3598 quatuor
1221 3515 1385 3600 perpetuis
1402 3513 1579 3601 capellanis

246 3621 442 3708 presbiteris,
476 3623 530 3705 qui
558 3623 591 3688 in
621 3643 659 3689 ea
687 3629 849 3704 tamquam
879 3622 1025 3688 canonici
1049 3629 1205 3708 perpetuo
1229 3623 1372 3690 serviant
1393 3623 1427 3687 in
1451 3620 1578 3688 diuinis.

246 3728 353 3808 Quare
385 3730 477 3794 nobis
506 3729 668 3797 humiliter
692 3731 897 3816 supplicavit,
921 3736 958 3796 ut
984 3731 1034 3796 ins
1066 3729 1273 3817 presentandi
1305 3729 1411 3796 dictas
1444 3735 1579 3812 quatuor

245 3855 398 3923 personas
422 3835 464 3903 ad
489 3835 608 3903 dictam
641 3837 798 3922 capellam
828 3839 890 3905 sihi
915 3844 949 3904 et
970 3836 1144 3904 heredibus
1174 3838 1241 3904 suis
1273 3839 1508 3923 imperpetuum
1531 3857 1577 3902 rc-

246 3964 375 4010 servare
388 3993 396 4008 .
411 3993 440 4009 ..
457 3942 672 4029 dignaremur.
719 3945 786 4013 Nos
809 3946 928 4030 igitur.
943 3994 950 4010 .
965 3993 973 4010 .
989 3943 1187 4011 fraternitati
1211 3950 1265 4010 tue
1279 3992 1286 4009 .
1301 3994 1309 4011 .
1324 3994 1332 4010 .
1349 3943 1576 4010 committimus

246 4057 278 4117 et
310 4050 507 4134 mandamus,
544 4053 692 4135 quatinus
723 4053 772 4119 ius
806 4050 1012 4138 presentandi
1047 4051 1153 4119 dictas
1185 4057 1323 4135 quatuor
1352 4071 1507 4138 personas
1535 4048 1577 4116 ad

246 4157 382 4224 eandem
407 4158 574 4244 capellam,
607 4159 841 4226 sufficientibus
871 4158 1051 4227 redditibus
1081 4180 1139 4246 pro
1162 4159 1396 4228 sustentatione
1419 4157 1577 4224 dictarum

246 4273 383 4348 quatuor·
406 4285 611 4351 personarum
635 4267 727 4332 iuxta
754 4274 809 4333 tue
833 4266 1036 4334 discretionis
1060 4267 1252 4334 arbitrium.
1276 4316 1284 4332 .
1308 4315 1314 4328 .
1341 4265 1429 4333 dicte
1453 4265 1578 4351 capelle

246 4372 393 4459 primitus
417 4375 599 4458 assignatis,
623 4372 728 4439 eidem
744 4373 892 4441 Gotfrido
914 4381 947 4440 et
967 4375 1032 4442 suis
1055 4372 1226 4441 heredibus
1248 4374 1481 4461 imperpetuum
1505 4391 1576 4438 auc·

246 4481 377 4546 toritate
400 4481 580 4566 apostolica
603 4499 748 4547 reserves
771 4530 778 4546 .
804 4529 811 4546 .
838 4529 844 4543 .
907 4482 982 4547 Dat.
1007 4481 1103 4547 huin.
1128 4481 1194 4547 Xll
1219 4481 1265 4547 kl.
1292 4481 1421 4568 augusti
1445 4503 1476 4548 a.
1501 4479 1577 4548 duo·

246 4585 382 4655 decimo.

405 4729 480 4806 ch.
499 4731 537 4786 88
553 4728 577 4803 f.
596 4735 634 4787 48
651 4746 699 4790 ur.
720 4730 804 4791 3129.
