3642 5509
706 470 776 528 1627
794 470 963 528 December
982 466 1008 525 3.

314 691 436 758 1347.
466 692 553 757 1327
576 690 760 756 December
781 691 814 756 3.
838 685 1005 773 Acipcon.

313 833 474 901 lohannes
497 832 596 898 XXII
631 832 771 899 Henrico
803 837 880 896 nato
913 830 1044 895 Henrici
1077 826 1119 893 de
1151 825 1382 893 Meroenhnsen
1415 826 1540 891 confert

207 943 287 1009 eccl.
311 940 483 1028 carpensis
506 940 617 1007 (tolon.
654 938 738 1006 dioc.
769 936 1004 1020 canonicatum,
1038 932 1234 1021 prebendam
1264 953 1340 1000 vero
1364 930 1469 999 eidem
1493 953 1540 999 re-

206 1057 478 1223 servatlittributa
509 1155 568 1221 tibi
602 1154 717 1220 merita
743 1202 751 1219 .
778 1202 820 1218 ..
867 1152 944 1218 Dat.
968 1150 1062 1217 Avin.
1086 1149 1138 1215 III
1169 1169 1270 1215 nones
1302 1147 1481 1215 decembris
1509 1169 1539 1215 a.

207 1262 411 1332 duodecimo.

313 1372 351 1436 In
375 1390 404 1435 e.
429 1390 472 1435 m.
507 1370 541 1436 S.
565 1367 695 1435 Andree
723 1374 757 1433 et
787 1369 820 1434 S.
845 1368 979 1452 Georgii
1003 1366 1113 1432 Solon.
1137 1363 1270 1430 decenis
1293 1384 1333 1429 ac
1355 1363 1476 1429 Iacobo
1498 1361 1541 1428 de

205 1480 331 1546 Mutina
353 1477 525 1545 scolastico
548 1476 633 1542 Tull.
657 1475 879 1542 eeclesiarum.

366 1609 439 1679 1³09.
458 1608 498 1663 oe
514 1606 539 1678 f.
558 1608 613 1663 174
631 1622 680 1662 nr.
699 1606 784 1661 6466.

313 1877 437 1945 1348.
463 1880 551 1945 1327
574 1878 757 1945 December
777 1880 810 1943 3.
836 1875 1002 1963 deipnon.

311 2022 472 2088 Iohannes
499 2021 598 2087 XXII
628 2018 764 2087 Iohanni
788 2020 878 2087 dicto
900 2020 1016 2087 anel
1039 2020 1164 2085 confert
1186 2020 1323 2087 ecclesie
1338 2017 1540 2086 Susaciensis

206 2128 317 2196 Goion.
343 2128 442 2212 dioc,
469 2129 503 2193 in
527 2148 591 2213 que
613 2128 762 2212 ecclesia,
786 2129 870 2195 sicut
893 2129 1056 2211 asseritur,
1081 2126 1245 2213 prebende
1269 2128 1406 2194 maiores
1429 2134 1461 2192 et
1484 2127 1540 2191 mi·

206 2256 301 2302 neree
324 2238 475 2320 existunt,
508 2236 743 2313 canonicatum,
775 2232 974 2320 prehendam
998 2255 1074 2300 vero
1103 2254 1200 2301 onem
1228 2232 1269 2299 de
1296 2232 1452 2319 predictis
1475 2254 1540 2300 ma·

205 2343 328 2409 loribus
349 2340 455 2408 eidem
477 2346 630 2409 reservat.

314 2448 491 2515 Probitatis
522 2454 577 2515 tue
608 2447 756 2515 merita.
784 2497 824 2514 ..
872 2448 949 2515 Dat.
974 2448 1068 2513 Avin.
1092 2447 1144 2513 III
1171 2468 1273 2514 nonas
1300 2445 1480 2515 decembris
1508 2469 1538 2513 a.

206 2554 411 2623 duodecimo.

314 2663 352 2728 In
376 2683 404 2729 e.
428 2684 469 2728 m.
502 2662 537 2729 S.
564 2663 719 2731 Gereonio
743 2669 776 2730 ct
798 2663 832 2730 S.
849 2660 981 2729 Andree
1003 2663 1113 2729 Gelon.
1138 2661 1270 2729 decanis
1292 2682 1333 2729 ac
1355 2662 1475 2729 Iacobo
1498 2661 1540 2727 de

207 2770 331 2836 Mutina
354 2770 510 2837 canonico
533 2769 776 2839 Cameracensis
799 2771 1018 2838 ecclesiarum.

357 2894 430 2964 Rep.
450 2896 489 2949 86
506 2893 532 2965 f.
552 2896 607 2951 103
623 2910 671 2950 nr.
692 2894 774 2950 1278.

315 3175 440 3243 1340.
472 3179 557 3244 1327
581 3177 766 3246 December
787 3180 820 3245 3.
848 3176 1013 3265 Acipeon.

315 3318 476 3385 Iohannes
498 3319 598 3385 XXII
627 3318 762 3386 Iohanni
785 3318 949 3386 Wilhelmi
972 3318 1014 3386 de
1037 3318 1160 3386 Iuliano
1184 3319 1310 3386 confert
1332 3319 1410 3386 eccl.
1435 3316 1469 3385 S.
1494 3319 1542 3386 Io·

209 3425 325 3492 hannis
348 3425 450 3492 Leod.
475 3428 710 3510 canonicatum,
733 3425 930 3513 prebendam
954 3447 1031 3495 vero
1056 3424 1161 3494 eidem
1183 3433 1337 3494 reservat.

315 3533 439 3598 Meritis
467 3538 522 3599 tne
551 3533 723 3618 probitatis
752 3583 759 3598 .
788 3582 797 3599 .
825 3581 833 3600 .
880 3534 957 3600 Dat.
981 3534 1075 3601 Avin.
1099 3534 1149 3599 ΠΙ
1177 3554 1278 3601 nones
1308 3532 1488 3601 decembris
1510 3556 1541 3601 e.

209 3639 411 3706 duodecimo.

316 3747 354 3812 In
378 3767 407 3812 e.
424 3770 466 3813 m.
490 3748 525 3815 S.
543 3746 761 3813 Bartholomei
783 3755 817 3814 et
840 3748 874 3815 S.
891 3746 1004 3815 Crucis
1027 3746 1128 3815 Leod.
1153 3746 1286 3816 decenis
1309 3768 1348 3814 ec
1373 3748 1541 3815 Ambrosio

208 3852 250 3919 de
266 3852 450 3921 Mediolano
472 3856 628 3921 canonico
653 3854 901 3923 Mediolanensis
925 3857 1004 3923 ecel.

362 3978 436 4050 Bep.
455 3980 494 4033 86
509 3978 536 4049 f.
553 3979 610 4033 263
627 3994 676 4033 nr.
694 3980 776 4036 1676.

316 4266 438 4336 leno.
476 4270 563 4336 1327
585 4269 770 4338 December
790 4274 823 4337 3.
847 4270 1013 4359 Aoipaoo.

317 4412 477 4480 Iohannes
500 4413 601 4479 XXII
636 4414 806 4482 Guillelmo
829 4413 958 4484 Nicolai
987 4412 1028 4479 de
1056 4412 1177 4481 luliaco
1209 4414 1388 4500 presbitero
1419 4411 1542 4482 confert

210 4520 289 4586 eccl.
310 4520 345 4586 S.
361 4518 500 4587 Servetii
516 4520 735 4588 TraiectensIs
750 4520 851 4587 Leod.
876 4520 961 4588 dioc.
985 4521 1220 4606 canonicatum,
1244 4520 1441 4609 prebendam
1465 4543 1541 4591 vero

209 4646 249 4694 ec
271 4626 463 4712 dignItatem
486 4647 543 4695 sen
566 4634 772 4714 personatum
796 4627 847 4695 vel
875 4628 1017 4695 officIum
1046 4648 1117 4695 cum
1142 4650 1219 4697 cure
1241 4630 1292 4697 vel
1315 4631 1384 4698 sine
1408 4651 1486 4697 cure
1508 4632 1541 4697 in

209 4733 300 4800 dicta
322 4734 401 4801 eccl.
426 4732 530 4801 eidem
560 4742 714 4819 reservet,
743 4755 807 4802 non
830 4736 980 4803 obstante
1003 4735 1089 4820 quod
1112 4736 1347 4824 parrochialem
1371 4738 1540 4805 ecclesiam

209 4843 242 4907 in
267 4842 372 4926 Berge
395 4841 495 4910 Leod.
520 4840 605 4909 dioc.
630 4842 764 4909 obtinet.
810 4844 936 4911 Temen
958 4851 1124 4912 essecutus
1147 4842 1327 4913 huiusmodi
1351 4844 1540 4931 dignitatem
