3642 5509
248 466 303 520 310
796 462 868 518 1330
884 463 1021 517 Februar
1039 463 1082 518 27.

249 634 339 718 scopi
363 632 469 715 elgillo
493 633 623 697 munitis
646 632 773 717 plenius
797 632 989 698 continetur.
1036 632 1144 711 Quare
1166 633 1259 698 nobis
1283 631 1446 698 humiliter
1469 633 1586 718 suppli·

251 741 359 821 castis,
393 748 428 803 ut
461 739 617 823 premissa
650 738 901 804 confirmationis
932 745 1039 804 nostre
1069 739 1182 804 fulcire
1205 738 1346 824 presidio
1371 740 1584 824 dignaremur.

251 847 318 913 Nos
347 847 446 928 igitur
559 866 621 928 que
651 865 746 931 super
776 844 838 911 hiis
865 867 924 930 per
956 847 1116 931 prelatum
1146 845 1422 933 archiepiscopum
1452 846 1586 932 provide

251 953 446 1034 factasunt,
476 958 548 1017 rata
571 960 604 1017 et
627 958 721 1036 grata
746 952 913 1035 habentes,
1034 953 1256 1019 confirmamus
1390 955 1466 1020 Dat.
1491 955 1585 1019 Avin.

252 1061 319 1124 IIII
342 1060 387 1124 kl.
412 1060 517 1124 martii
542 1080 572 1124 a.
597 1058 848 1141 quartodecimo.

404 1183 472 1251 Req.
493 1183 530 1238 95
548 1198 595 1235 aa.
615 1185 668 1246 2&
689 1184 742 1238 Ra.
762 1183 844 1238 1273.

359 1474 477 1540 1851.
510 1476 597 1539 1330
621 1476 775 1540 Februar
798 1477 853 1539 27.
878 1472 1042 1560 Aoipnoa.

359 1616 521 1682 Iohannes
533 1616 631 1680 XXII
656 1618 752 1681 Petro
770 1615 857 1681 dicto
875 1616 1042 1702 Speciario
1068 1617 1131 1682 civi
1147 1616 1257 1682 Calon.
1283 1624 1426 1682 reservat
1449 1617 1585 1682 officium

254 1724 509 1790 ecclesiasticum
535 1730 720 1789 consuetum
744 1724 786 1789 ab
802 1723 877 1789 olim
903 1722 996 1788 laicis
1020 1724 1178 1807 assignari
1202 1723 1244 1788 ad
1269 1724 1509 1808 dispositionem
1533 1726 1586 1790 ab·

257 1832 376 1896 batIsse
399 1831 585 1896 monasterii
611 1831 646 1894 B.
664 1830 767 1895 Marie
791 1831 823 1895 in
849 1830 1009 1914 Capitolio
1035 1830 1145 1896 Colon.
1170 1817 1330 1914 spectans:

361 1938 434 2003 Vite
458 1958 497 2002 ac
521 1957 642 2002 morum
667 1936 897 2002 honestas...
946 1938 1021 2002 Dat.
1047 1937 1142 2002 Avia.
1168 1939 1217 2001 III
1241 1937 1287 2001 kl.
1311 1938 1416 2002 martii
1441 1959 1470 2003 a.
1496 1958 1587 2020 qnar-

254 2044 424 2110 todecimo.

360 2150 398 2214 In
421 2171 449 2217 e.
474 2172 516 2216 m.
551 2151 675 2217 decano
710 2151 890 2217 Bonnensis
926 2150 1037 2216 Colon.
1074 2159 1106 2216 et
1136 2151 1296 2216 'I'ullensis
1329 2172 1368 2216 ao
1398 2151 1431 2216 S.
1456 2151 1587 2234 Georgii

253 2258 364 2325 Colon.
389 2258 568 2324 scolasticis
593 2258 811 2324 ecclesiarum.

414 2380 488 2449 1229.
508 2379 546 2432 95
565 2394 615 2433 nr.
632 2376 698 2432 842.

358 2642 481 2709 1852.
508 2645 595 2708 1330
617 2645 772 2708 Fabruur
795 2646 848 2707 27.
878 2641 1070 2729 (Aoipaoa.)

360 2784 520 2850 Iohannes
544 2785 642 2850 XXII
667 2785 843 2850 Iohannem
868 2785 908 2849 de
932 2787 1045 2849 Bonna
1069 2784 1226 2850 decanum
1250 2785 1386 2851 ecclesie
1411 2786 1589 2850 Bunnensis

254 2892 364 2957 Colon.
390 2891 475 2957 dioc.
507 2890 655 2974 adiungit
679 2891 862 2978 Heyderico
896 2893 1058 2976 preposito
1092 2891 1125 2956 S.
1151 2891 1296 2956 Severini
1328 2891 1439 2957 Colon.
1469 2896 1501 2956 et
1526 2893 1587 2955 Go-

255 2998 406 3064 descalco
431 2998 472 3063 de
497 2998 665 3082 Barbecgh
701 2999 872 3064 scolastico
899 2999 1076 3063 Bunnensis
1100 2998 1210 3063 Colon.
1241 2998 1324 3063 dioc.
1350 2997 1428 3063 eccl.
1460 2997 1587 3062 tertium

256 3105 459 3171 collectorem
494 3105 654 3169 fructuum
687 3106 780 3189 primi
818 3106 892 3170 anni
927 3105 1151 3170 beneficiorum
1191 3104 1480 3170 ecelesiasticorum
1514 3111 1589 3168 tnnc

255 3212 438 3277 vacantium
463 3219 496 3275 et
521 3193 685 3294 usquead
715 3211 886 3276 trienninm
917 3219 1139 3277 vacaturorum
1172 3232 1294 3276 necnon
1327 3210 1524 3277 residuorum
1549 3209 1589 3275 tle

255 3318 410 3384 fructibus
444 3319 667 3384 beneficiorum
702 3318 784 3384 alias
819 3325 1053 3385 reservatorum
1083 3339 1122 3384 ac
1146 3318 1322 3402 legatorum
1347 3319 1448 3383 Terre
1471 3317 1589 3384 Sancte

254 3424 436 3490 reIIctorum
460 3425 499 3489 'et
529 3425 655 3490 decime
685 3425 868 3490 sexcnnalis
898 3425 1018 3490 dudum
1045 3445 1102 3509 per
1126 3424 1320 3490 Clementem
1348 3425 1373 3489 V
1398 3425 1430 3488 in
1455 3425 1589 3489 concIIio

225 3535 240 3562 0
257 3530 428 3597 Viennensi
453 3531 601 3616 imposite
625 3551 748 3596 necnon
772 3551 886 3598 census
917 3533 1013 3596 annui
1038 3532 1182 3597 Romane
1206 3531 1342 3597 ecclesio
1366 3530 1467 3596 debiti
1492 3533 1523 3595 in
1548 3532 1589 3596 ci-

256 3639 357 3702 vitate
381 3637 503 3702 diocesi
527 3657 566 3702 ac
589 3638 756 3722 provincia
780 3637 973 3704 Coloniensi.

363 3744 441 3810 (lum
465 3763 566 3830 nuper
590 3742 803 3812 dilectos...
851 3746 927 3810 Dat.
953 3746 1001 3811 III
1026 3745 1071 3809 kl.
1097 3744 1203 3809 martii
1228 3765 1257 3810 a.
1283 3745 1532 3827 quartodecimo.

406 3869 477 3937 Ray.
498 3869 600 3936 1161).
621 3866 694 3937 IIf.
716 3871 770 3923 159
787 3884 835 3922 ar.
856 3869 937 3923 1898.

364 4156 487 4222 1853.
526 4158 613 4222 1330
635 4159 789 4223 Februar
813 4160 866 4221 27.
892 4155 1085 4242 (Aoipaoa.)

365 4298 523 4365 Iohannes
547 4300 645 4365 XXII
683 4300 856 4364 Iohannem
885 4297 927 4363 de
956 4299 1069 4362 Bunna
1105 4297 1260 4364 decanum
1297 4298 1376 4362 cccl.
1413 4297 1591 4364 Bonnensis

259 4407 368 4473 Colon.
386 4405 470 4472 dioc.
494 4407 609 4491 recipit
632 4409 665 4471 in
689 4427 779 4472 suum
805 4404 1004 4490 capellanum
1030 4405 1273 4471 commensalem
1298 4410 1330 4470 et
1354 4404 1590 4489 capellanorum

258 4533 385 4580 suornm
413 4513 672 4578 commensalium
697 4513 863 4579 consorcia
886 4519 1056 4595 aggregat.

366 4619 488 4685 Illorum
512 4619 712 4685 honestatem
736 4620 909 4700 fameque.
942 4667 948 4682 .
978 4669 984 4682 .
1031 4619 1108 4683 Dat.
1133 4619 1183 4682 III
1206 4618 1250 4682 kl.
1275 4619 1388 4684 marcii
1412 4639 1441 4684 a.
1466 4633 1592 4700 quarto·

259 4726 396 4793 decimo.

410 4851 483 4919 Rep.
502 4851 620 4918 tropa.
640 4849 676 4902 11
688 4849 798 4918 fl156¹
817 4865 864 4902 nr.
883 4851 979 4915 ros&
1011 4849 1063 4904 Ra.
1083 4849 1165 4903 1274.
