3642 5509
275 450 329 508 322
841 444 913 506 1330
929 448 1015 522 April
1034 447 1079 507 at.

276 632 355 698 eccl.
383 632 417 698 S.
443 631 591 697 Arnualis
618 631 695 696 Met.
725 628 810 695 dioc.
839 632 1075 713 canonicatum,
1104 628 1301 715 prebendam
1326 649 1401 695 vero
1431 628 1536 694 eidem
1564 648 1611 694 re-

276 745 396 805 serrat.

383 845 558 911 Probitatis
581 852 614 910 et
638 844 788 909 virtutum
819 846 935 910 merita
962 894 969 908 .
998 894 1004 908 .
1033 894 1040 909 .
1088 845 1163 909 Dat.
1188 843 1284 909 rivin.
1309 843 1387 907 VIII
1412 843 1457 907 kl.
1481 844 1556 908 maii
1580 863 1610 908 a.

275 951 526 1035 quartodecimo.

382 1056 419 1119 In
443 1074 470 1119 e.
484 1076 525 1119 m.
550 1055 682 1119 Trever.
707 1061 740 1118 et
764 1054 840 1118 Met.
865 1052 998 1119 decanis
1022 1074 1062 1118 ac
1081 1053 1220 1118 Henrico
1245 1051 1286 1118 de
1309 1052 1432 1117 luliaco
1456 1053 1610 1118 canonico

275 1161 416 1227 Traiect.
440 1161 658 1227 ecclesiarum.

436 1299 508 1368 Ray.
527 1299 565 1352 95
584 1313 632 1351 rar.
653 1298 715 1352 198.

379 1585 502 1652 1885.
530 1587 618 1650 1330
642 1584 744 1670 April
766 1589 820 1652 24.
847 1586 1011 1674 Aoipnoa.

379 1710 537 1776 Iohannes
561 1711 659 1775 XXII
694 1711 825 1776 Trever.
859 1719 891 1776 et
916 1712 991 1775 Met.
1031 1711 1163 1776 decanis
1187 1732 1226 1776 ac
1251 1712 1390 1776 Henrico
1423 1711 1464 1777 de
1488 1712 1610 1776 luliaco

273 1819 428 1883 canonico
452 1818 594 1882 Traiect.
628 1817 707 1882 eccl.
739 1817 883 1898 mandat,
913 1819 1066 1899 quatinus
1089 1817 1301 1883 llatlrerinam
1325 1824 1433 1882 natam
1458 1818 1609 1902 Hugelini

271 1925 313 1991 de
337 1925 569 2008 Swamenberg
592 1924 732 2009 puellam
756 1925 930 1989 litteratam
956 1925 1137 2008 cupientem
1155 1926 1186 1988 in
1210 1924 1403 1990 monasterio
1427 1925 1609 1990 monialium

272 2032 304 2095 in
328 2031 462 2096 Luterni
478 2032 512 2110 (l)
537 2030 604 2094 ord.
629 2031 664 2095 S.
690 2029 810 2096 Beued.
835 2033 968 2096 Trever.
1001 2030 1084 2096 rlioc.
1110 2051 1268 2096 unacum
1294 2032 1459 2096 abbatissa
1482 2037 1515 2095 et
1539 2050 1609 2096 con-

273 2144 369 2203 ventu
393 2136 522 2202 domino
545 2137 704 2218 famulari,
728 2139 754 2202 si
778 2139 820 2202 sit
839 2136 970 2222 ydouea
994 2146 1025 2203 et
1050 2137 1136 2203 aliud
1161 2139 1350 2207 canonicum
1376 2159 1438 2202 uon
1463 2137 1608 2220 obsistat,

272 2244 304 2309 iu
328 2243 416 2309 dicto
440 2243 633 2309 monasterio
658 2243 781 2309 faciant
804 2244 905 2330 recipi
930 2245 962 2309 in
987 2245 1186 2310 monacham.

379 2349 575 2414 Prudentum
608 2349 769 2433 virgiuum
802 2353 886 2418 votis
914 2401 922 2416 .
952 2401 959 2415 .
989 2402 997 2417 .
1045 2351 1132 2435 [Dat.
1162 2353 1258 2416 Avin.
1284 2352 1362 2416 VIII
1393 2351 1437 2416 kl.
1473 2353 1548 2417 maii
1577 2372 1606 2416 a.

273 2453 538 2544 quartodecimo]

421 2588 494 2658 ch.
515 2588 554 2642 95
571 2603 619 2640 arr.
639 2589 704 2640 514.

377 2883 501 2951 1886.
531 2885 618 2951 1330
641 2885 743 2971 Aprat
759 2888 813 2950 24.
839 2884 1005 2972 Aoipooo.

381 3029 541 3095 Iohannes
568 3030 667 3094 XXII
703 3030 824 3094 Wirico
859 3040 937 3094 nato
972 3029 1089 3094 nobilis
1123 3029 1190 3094 veri
1227 3029 1381 3096 Richardi
1417 3029 1457 3096 de
1484 3028 1607 3095 Liucbe

275 3137 359 3217 (vem
383 3136 506 3215 Bucbc)
539 3136 651 3202 militis
679 3137 804 3203 confert
828 3137 908 3202 eccl.
934 3137 967 3202 S.
993 3137 1107 3202 Severi
1131 3136 1391 3203 Monosteriensis
1413 3138 1446 3200 in
1468 3136 1607 3201 Meinne-

273 3243 340 3310 velt
363 3245 495 3309 Trever.
521 3243 605 3308 dioc.
631 3245 864 3326 canonicatum,
899 3243 1095 3326 prebendam
1132 3263 1206 3308 vcro
1231 3243 1335 3309 eidem
1359 3249 1511 3325 reservat,
1545 3263 1607 3308 non

273 3351 422 3417 obstante
445 3348 530 3434 quod
553 3349 788 3435 parrochialem
812 3349 984 3415 ecclesiam
1008 3351 1040 3415 in
1054 3349 1232 3415 Wintericb
1255 3350 1343 3415 dicte
1366 3350 1449 3415 dioc.
1474 3349 1606 3415 obtinet.

380 3456 542 3524 Nobilitas
564 3457 704 3539 generis,
729 3456 795 3521 vite
821 3504 827 3520 .
854 3505 860 3520 .
888 3505 895 3519 .
944 3456 1019 3521 Dat.
1045 3457 1140 3521 Aviu.
1159 3456 1237 3521 VIII
1261 3456 1306 3520 kl.
1330 3457 1405 3521 maii
1429 3478 1457 3521 a.
1483 3464 1609 3539 quarto·

274 3562 411 3629 decimo.

379 3669 469 3734 Ine.
494 3691 534 3733 m.
567 3671 678 3736 abbati
713 3671 897 3735 monasterii
934 3668 975 3734 de
999 3668 1257 3755 Sprenkirspacb
1287 3671 1417 3737 Trever.
1451 3669 1535 3734 dioc.
1569 3689 1607 3734 ac

273 3775 398 3842 decano
422 3776 553 3840 Trever.
578 3782 611 3841 et
634 3775 774 3841 Henrico
804 3775 845 3840 de
869 3777 993 3842 luliaco
1027 3777 1182 3842 canonico
1212 3776 1353 3842 Traiect.
1387 3777 1606 3842 ecclesiarum.

435 3899 508 3968 Ray.
526 3900 564 3954 95
589 3915 637 3953 aar.
657 3899 722 3952 412.

380 4169 501 4237 1887.
541 4174 629 4237 1330
652 4170 754 4257 April
777 4174 829 4236 24.
856 4172 1020 4260 Aoiprroo.

379 4312 539 4379 Iohannes
569 4313 666 4379 XXII
703 4314 827 4380 decano
863 4324 918 4380 et²
948 4313 1118 4400 Ludolpho
1155 4315 1195 4381 de
1232 4315 1364 4383 Holrels
1399 4315 1530 4384 Trever.
1566 4336 1606 4383 ac

272 4419 413 4485 Henrico
446 4419 488 4485 de
521 4421 642 4486 luliaco
670 4422 811 4487 Traieot.
841 4421 1006 4487 canonicis
1039 4423 1248 4488 ecclesiarum
1281 4423 1423 4507 mandat,
1457 4425 1606 4508 quatinus

272 4525 450 4592 Demudcm
475 4527 516 4593 de
538 4527 741 4612 Smedeburg
763 4529 903 4613 puellam
936 4529 1110 4594 litteratam
1135 4530 1279 4612 Magunt.
1310 4529 1395 4596 dioc.
1424 4533 1605 4616 cupientem

271 4634 304 4697 in
327 4635 520 4699 monasterio
545 4635 728 4700 monialium
757 4636 789 4700 in
812 4636 924 4701 Macra
948 4635 1081 4704 Cisterc.
1112 4636 1179 4704 ord.
1205 4637 1336 4706 Trever.
1362 4637 1446 4705 dioc.
1477 4638 1605 4704 domiuo

371 4829 401 4900 a)
420 4829 457 4885 de
475 4827 510 4884 in
528 4844 591 4901 rep.
