<?xml version="1.0" encoding="UTF-8"?>
<!DOCTYPE html PUBLIC "-//W3C//DTD XHTML 1.0 Transitional//EN"
    "http://www.w3.org/TR/xhtml1/DTD/xhtml1-transitional.dtd">
<html xmlns="http://www.w3.org/1999/xhtml" xml:lang="en" lang="en">
 <head>
  <title>
</title>
<meta http-equiv="Content-Type" content="text/html;charset=utf-8" />
  <meta name='ocr-system' content='tesseract 3.04.00' />
  <meta name='ocr-capabilities' content='ocr_page ocr_carea ocr_par ocr_line ocrx_word'/>
</head>
<body>
  <div class='ocr_page' id='page_1' title='image "./urkundenundrege00thimgoog_0295.png"; bbox 0 0 3642 5509; ppageno 0'>
   <div class='ocr_carea' id='block_1_1' title="bbox 252 461 1054 525">
    <p class='ocr_par' dir='ltr' id='par_1_1' title="bbox 252 461 1054 525">
     <span class='ocr_line' id='line_1_1' title="bbox 252 461 1054 525; baseline 0.004 -5"><span class='ocrx_word' id='word_1_1' title='bbox 252 461 305 521; x_wconf 72' lang='grc'><strong>666</strong></span> <span class='ocrx_word' id='word_1_2' title='bbox 790 466 860 525; x_wconf 70' lang='grc'><strong>1369</strong></span> <span class='ocrx_word' id='word_1_3' title='bbox 880 465 1011 525; x_wconf 75' lang='lat' dir='ltr'>October</span> <span class='ocrx_word' id='word_1_4' title='bbox 1030 465 1054 524; x_wconf 89' lang='grc'><strong>6.</strong></span> 
     </span>
    </p>
   </div>
   <div class='ocr_carea' id='block_1_2' title="bbox 249 644 1587 1705">
    <p class='ocr_par' dir='ltr' id='par_1_2' title="bbox 249 644 1587 1251">
     <span class='ocr_line' id='line_1_2' title="bbox 251 644 1587 734; baseline -0.002 -21"><span class='ocrx_word' id='word_1_5' title='bbox 251 665 351 714; x_wconf 86' lang='lat' dir='ltr'><strong>canus</strong></span> <span class='ocrx_word' id='word_1_6' title='bbox 384 655 416 712; x_wconf 90' lang='lat' dir='ltr'><strong>et</strong></span> <span class='ocrx_word' id='word_1_7' title='bbox 449 649 622 734; x_wconf 87' lang='lat' dir='ltr'><strong>capitulum</strong></span> <span class='ocrx_word' id='word_1_8' title='bbox 654 649 732 714; x_wconf 74' lang='lat' dir='ltr'><strong>ccci.</strong></span> <span class='ocrx_word' id='word_1_9' title='bbox 758 650 955 718; x_wconf 76' lang='lat' dir='ltr'><strong>xanctensis</strong></span> <span class='ocrx_word' id='word_1_10' title='bbox 978 649 1088 717; x_wconf 80' lang='lat' dir='ltr'><strong>Goion.</strong></span> <span class='ocrx_word' id='word_1_11' title='bbox 1114 649 1209 733; x_wconf 79' lang='lat' dir='ltr'><strong>dioc,</strong></span> <span class='ocrx_word' id='word_1_12' title='bbox 1240 648 1282 716; x_wconf 89' lang='lat' dir='ltr'><strong>ad</strong></span> <span class='ocrx_word' id='word_1_13' title='bbox 1307 669 1385 732; x_wconf 90' lang='lat' dir='ltr'><strong>quos</strong></span> <span class='ocrx_word' id='word_1_14' title='bbox 1413 644 1587 712; x_wconf 80' lang='lat' dir='ltr'><strong>incudem</strong></span> 
     </span>
     <span class='ocr_line' id='line_1_3' title="bbox 251 755 1587 844; baseline -0.002 -24"><span class='ocrx_word' id='word_1_15' title='bbox 251 755 496 822; x_wconf 77' lang='lat' dir='ltr'>canonicatuum</span> <span class='ocrx_word' id='word_1_16' title='bbox 521 762 553 821; x_wconf 91' lang='lat' dir='ltr'><strong>et</strong></span> <span class='ocrx_word' id='word_1_17' title='bbox 583 755 816 842; x_wconf 81' lang='lat' dir='ltr'><strong>prebendarum</strong></span> <span class='ocrx_word' id='word_1_18' title='bbox 851 757 981 823; x_wconf 85' lang='lat' dir='ltr'><strong>collatio</strong></span> <span class='ocrx_word' id='word_1_19' title='bbox 1014 759 1165 843; x_wconf 82' lang='lat' dir='ltr'><strong>pertinet,</strong></span> <span class='ocrx_word' id='word_1_20' title='bbox 1199 777 1294 844; x_wconf 88' lang='lat' dir='ltr'><strong>snper</strong></span> <span class='ocrx_word' id='word_1_21' title='bbox 1326 755 1386 824; x_wconf 87' lang='lat' dir='ltr'><strong>hoc</strong></span> <span class='ocrx_word' id='word_1_22' title='bbox 1421 755 1587 820; x_wconf 86' lang='lat' dir='ltr'><strong>humiliter</strong></span> 
     </span>
     <span class='ocr_line' id='line_1_4' title="bbox 250 862 1587 951; baseline -0.001 -23"><span class='ocrx_word' id='word_1_23' title='bbox 250 863 482 949; x_wconf 81' lang='lat' dir='ltr'><strong>supplicarunt,</strong></span> <span class='ocrx_word' id='word_1_24' title='bbox 515 863 641 930; x_wconf 85' lang='lat' dir='ltr'><strong>confert</strong></span> <span class='ocrx_word' id='word_1_25' title='bbox 673 864 816 931; x_wconf 89' lang='lat' dir='ltr'><strong>eiusdem</strong></span> <span class='ocrx_word' id='word_1_26' title='bbox 847 866 927 936; x_wconf 89' lang='lat' dir='ltr'><strong>eccl.</strong></span> <span class='ocrx_word' id='word_1_27' title='bbox 956 867 1189 948; x_wconf 90' lang='lat' dir='ltr'><strong>canonicatum,</strong></span> <span class='ocrx_word' id='word_1_28' title='bbox 1223 862 1419 951; x_wconf 88' lang='lat' dir='ltr'><strong>prebendam</strong></span> <span class='ocrx_word' id='word_1_29' title='bbox 1444 882 1520 928; x_wconf 90' lang='lat' dir='ltr'><strong>vero</strong></span> <span class='ocrx_word' id='word_1_30' title='bbox 1544 880 1587 926; x_wconf 89' lang='lat' dir='ltr'><strong>ac</strong></span> 
     </span>
     <span class='ocr_line' id='line_1_5' title="bbox 249 967 1584 1057; baseline -0.003 -21"><span class='ocrx_word' id='word_1_31' title='bbox 249 970 406 1037; x_wconf 84' lang='lat' dir='ltr'><strong>ferculum</strong></span> <span class='ocrx_word' id='word_1_32' title='bbox 429 969 533 1036; x_wconf 88' lang='lat' dir='ltr'><strong>eidem</strong></span> <span class='ocrx_word' id='word_1_33' title='bbox 558 980 712 1055; x_wconf 86' lang='lat' dir='ltr'><strong>reservat,</strong></span> <span class='ocrx_word' id='word_1_34' title='bbox 737 974 974 1039; x_wconf 84' lang='lat' dir='ltr'><strong>nonobstante</strong></span> <span class='ocrx_word' id='word_1_35' title='bbox 1004 972 1090 1057; x_wconf 90' lang='lat' dir='ltr'><strong>quod</strong></span> <span class='ocrx_word' id='word_1_36' title='bbox 1113 975 1146 1038; x_wconf 90' lang='lat' dir='ltr'><strong>in</strong></span> <span class='ocrx_word' id='word_1_37' title='bbox 1170 972 1250 1038; x_wconf 89' lang='lat' dir='ltr'><strong>cccl.</strong></span> <span class='ocrx_word' id='word_1_38' title='bbox 1275 970 1455 1055; x_wconf 85' lang='lat' dir='ltr'><strong>Tungrensi</strong></span> <span class='ocrx_word' id='word_1_39' title='bbox 1480 967 1584 1034; x_wconf 93' lang='lat' dir='ltr'><strong>Leod.</strong></span> 
     </span>
     <span class='ocr_line' id='line_1_6' title="bbox 249 1077 1586 1166; baseline -0.001 -23"><span class='ocrx_word' id='word_1_40' title='bbox 249 1077 333 1144; x_wconf 91' lang='lat' dir='ltr'><strong>dioc.</strong></span> <span class='ocrx_word' id='word_1_41' title='bbox 367 1079 591 1145; x_wconf 89' lang='lat' dir='ltr'><strong>canonicatum</strong></span> <span class='ocrx_word' id='word_1_42' title='bbox 623 1081 683 1146; x_wconf 87' lang='lat' dir='ltr'><strong>sub</strong></span> <span class='ocrx_word' id='word_1_43' title='bbox 718 1082 946 1165; x_wconf 81' lang='lat' dir='ltr'><strong>expectatione</strong></span> <span class='ocrx_word' id='word_1_44' title='bbox 979 1079 1142 1166; x_wconf 86' lang='lat' dir='ltr'><strong>prebende</strong></span> <span class='ocrx_word' id='word_1_45' title='bbox 1177 1080 1370 1144; x_wconf 85' lang='lat' dir='ltr'><strong>auctoritate</strong></span> <span class='ocrx_word' id='word_1_46' title='bbox 1404 1077 1586 1164; x_wconf 83' lang='lat' dir='ltr'><strong>apostolica</strong></span> 
     </span>
     <span class='ocr_line' id='line_1_7' title="bbox 250 1184 385 1251; baseline 0 0"><span class='ocrx_word' id='word_1_47' title='bbox 250 1184 385 1251; x_wconf 91' lang='lat' dir='ltr'><strong>obtinet.</strong></span> 
     </span>
    </p>

    <p class='ocr_par' dir='ltr' id='par_1_3' title="bbox 250 1291 1585 1468">
     <span class='ocr_line' id='line_1_8' title="bbox 356 1291 1585 1376; baseline -0.002 -18"><span class='ocrx_word' id='word_1_48' title='bbox 356 1291 522 1359; x_wconf 84' lang='lat' dir='ltr'><strong>Attributa</strong></span> <span class='ocrx_word' id='word_1_49' title='bbox 544 1294 603 1359; x_wconf 93' lang='lat' dir='ltr'><strong>tibi</strong></span> <span class='ocrx_word' id='word_1_50' title='bbox 627 1294 743 1360; x_wconf 91' lang='lat' dir='ltr'><strong>merita</strong></span> <span class='ocrx_word' id='word_1_51' title='bbox 757 1341 764 1359; x_wconf 93' lang='lat'><strong>.</strong></span> <span class='ocrx_word' id='word_1_52' title='bbox 779 1342 809 1364; x_wconf 89' lang='lat'><strong>..</strong></span> <span class='ocrx_word' id='word_1_53' title='bbox 856 1295 931 1361; x_wconf 91' lang='lat' dir='ltr'><strong>Dat.</strong></span> <span class='ocrx_word' id='word_1_54' title='bbox 949 1295 1044 1361; x_wconf 86' lang='lat' dir='ltr'><strong>Aviu.</strong></span> <span class='ocrx_word' id='word_1_55' title='bbox 1063 1295 1094 1359; x_wconf 92' lang='lat' dir='ltr'><strong>II</strong></span> <span class='ocrx_word' id='word_1_56' title='bbox 1118 1313 1220 1360; x_wconf 91' lang='lat' dir='ltr'><strong>nonas</strong></span> <span class='ocrx_word' id='word_1_57' title='bbox 1244 1292 1385 1360; x_wconf 82' lang='lat' dir='ltr'><strong>octobris</strong></span> <span class='ocrx_word' id='word_1_58' title='bbox 1408 1311 1438 1357; x_wconf 92' lang='lat' dir='ltr'><strong>a.</strong></span> <span class='ocrx_word' id='word_1_59' title='bbox 1456 1296 1585 1376; x_wconf 79' lang='lat' dir='ltr'><strong>quarto·</strong></span> 
     </span>
     <span class='ocr_line' id='line_1_9' title="bbox 250 1397 386 1468; baseline 0 -2"><span class='ocrx_word' id='word_1_60' title='bbox 250 1397 386 1468; x_wconf 87' lang='lat' dir='ltr'><strong>decimo.</strong></span> 
     </span>
    </p>

    <p class='ocr_par' dir='ltr' id='par_1_4' title="bbox 249 1506 1585 1705">
     <span class='ocr_line' id='line_1_10' title="bbox 352 1506 1585 1595; baseline -0.001 -22"><span class='ocrx_word' id='word_1_61' title='bbox 352 1509 392 1574; x_wconf 93' lang='lat' dir='ltr'><strong>In</strong></span> <span class='ocrx_word' id='word_1_62' title='bbox 407 1529 435 1575; x_wconf 91' lang='lat' dir='ltr'><strong>e.</strong></span> <span class='ocrx_word' id='word_1_63' title='bbox 452 1529 494 1575; x_wconf 90' lang='lat' dir='ltr'><strong>m.</strong></span> <span class='ocrx_word' id='word_1_64' title='bbox 518 1510 553 1577; x_wconf 93' lang='lat' dir='ltr'><strong>S.</strong></span> <span class='ocrx_word' id='word_1_65' title='bbox 570 1509 682 1577; x_wconf 79' lang='lat' dir='ltr'><strong>Crucis</strong></span> <span class='ocrx_word' id='word_1_66' title='bbox 704 1509 806 1577; x_wconf 88' lang='lat' dir='ltr'><strong>Leod.</strong></span> <span class='ocrx_word' id='word_1_67' title='bbox 831 1516 865 1577; x_wconf 89' lang='lat' dir='ltr'><strong>et</strong></span> <span class='ocrx_word' id='word_1_68' title='bbox 887 1510 922 1577; x_wconf 89' lang='lat' dir='ltr'><strong>S.</strong></span> <span class='ocrx_word' id='word_1_69' title='bbox 939 1510 1071 1595; x_wconf 81' lang='lat' dir='ltr'><strong>Georgii</strong></span> <span class='ocrx_word' id='word_1_70' title='bbox 1089 1510 1199 1578; x_wconf 81' lang='lat' dir='ltr'><strong>Golou.</strong></span> <span class='ocrx_word' id='word_1_71' title='bbox 1223 1529 1263 1576; x_wconf 92' lang='lat' dir='ltr'><strong>ac</strong></span> <span class='ocrx_word' id='word_1_72' title='bbox 1287 1510 1441 1594; x_wconf 84' lang='lat' dir='ltr'><strong>magistro</strong></span> <span class='ocrx_word' id='word_1_73' title='bbox 1463 1506 1585 1573; x_wconf 91' lang='lat' dir='ltr'><strong>Iacobo</strong></span> 
     </span>
     <span class='ocr_line' id='line_1_11' title="bbox 249 1613 1383 1705; baseline -0.001 -23"><span class='ocrx_word' id='word_1_74' title='bbox 249 1613 291 1682; x_wconf 90' lang='lat' dir='ltr'><strong>de</strong></span> <span class='ocrx_word' id='word_1_75' title='bbox 313 1614 438 1685; x_wconf 87' lang='lat' dir='ltr'><strong>Mutina</strong></span> <span class='ocrx_word' id='word_1_76' title='bbox 461 1615 630 1702; x_wconf 89' lang='lat' dir='ltr'><strong>capellano</strong></span> <span class='ocrx_word' id='word_1_77' title='bbox 653 1619 763 1705; x_wconf 87' lang='lat' dir='ltr'><strong>papali</strong></span> <span class='ocrx_word' id='word_1_78' title='bbox 788 1617 958 1686; x_wconf 87' lang='lat' dir='ltr'><strong>scolastico</strong></span> <span class='ocrx_word' id='word_1_79' title='bbox 982 1618 1142 1686; x_wconf 84' lang='lat' dir='ltr'><strong>Tullensis</strong></span> <span class='ocrx_word' id='word_1_80' title='bbox 1165 1616 1383 1685; x_wconf 88' lang='lat' dir='ltr'><strong>ecclesiarum.</strong></span> 
     </span>
    </p>
   </div>
   <div class='ocr_carea' id='block_1_3' title="bbox 408 1742 683 1814">
    <p class='ocr_par' dir='ltr' id='par_1_5' title="bbox 408 1742 683 1814">
     <span class='ocr_line' id='line_1_12' title="bbox 408 1742 683 1814; baseline -0.004 -15"><span class='ocrx_word' id='word_1_81' title='bbox 408 1743 481 1814; x_wconf 75' lang='lat' dir='ltr'><strong>Bep.</strong></span> <span class='ocrx_word' id='word_1_82' title='bbox 501 1742 542 1797; x_wconf 83' lang='grc'><strong>93</strong></span> <span class='ocrx_word' id='word_1_83' title='bbox 557 1759 606 1798; x_wconf 83' lang='lat' dir='ltr'><strong>nr.</strong></span> <span class='ocrx_word' id='word_1_84' title='bbox 617 1743 683 1801; x_wconf 75' lang='lat'><strong>412.</strong></span> 
     </span>
    </p>
   </div>
   <div class='ocr_carea' id='block_1_4' title="bbox 354 2012 1031 2104">
    <p class='ocr_par' dir='ltr' id='par_1_6' title="bbox 354 2012 1031 2104">
     <span class='ocr_line' id='line_1_13' title="bbox 354 2012 1031 2104; baseline 0.004 -26"><span class='ocrx_word' id='word_1_85' title='bbox 354 2012 475 2083; x_wconf 77' lang='grc'><strong>1766.</strong></span> <span class='ocrx_word' id='word_1_86' title='bbox 507 2017 594 2080; x_wconf 82' lang='grc'><strong>1329</strong></span> <span class='ocrx_word' id='word_1_87' title='bbox 618 2017 758 2083; x_wconf 82' lang='lat' dir='ltr'><strong>October</strong></span> <span class='ocrx_word' id='word_1_88' title='bbox 781 2019 813 2083; x_wconf 90' lang='grc'><strong>6.</strong></span> <span class='ocrx_word' id='word_1_89' title='bbox 839 2016 1031 2104; x_wconf 72' lang='lat' dir='ltr'><strong>(deipnos.)</strong></span> 
     </span>
    </p>
   </div>
   <div class='ocr_carea' id='block_1_5' title="bbox 249 2153 1585 2458">
    <p class='ocr_par' dir='ltr' id='par_1_7' title="bbox 249 2153 1585 2458">
     <span class='ocr_line' id='line_1_14' title="bbox 356 2153 1585 2242; baseline -0.002 -22"><span class='ocrx_word' id='word_1_90' title='bbox 356 2155 516 2223; x_wconf 85' lang='lat' dir='ltr'><strong>Iohannes</strong></span> <span class='ocrx_word' id='word_1_91' title='bbox 541 2158 640 2223; x_wconf 89' lang='lat' dir='ltr'>XXII</span> <span class='ocrx_word' id='word_1_92' title='bbox 676 2158 878 2226; x_wconf 85' lang='lat' dir='ltr'><strong>Theoderico</strong></span> <span class='ocrx_word' id='word_1_93' title='bbox 915 2159 1002 2228; x_wconf 87' lang='lat' dir='ltr'><strong>dieto</strong></span> <span class='ocrx_word' id='word_1_94' title='bbox 1038 2158 1078 2224; x_wconf 94' lang='lat' dir='ltr'><strong>de</strong></span> <span class='ocrx_word' id='word_1_95' title='bbox 1113 2155 1324 2242; x_wconf 86' lang='lat' dir='ltr'><strong>Longadomo</strong></span> <span class='ocrx_word' id='word_1_96' title='bbox 1361 2153 1401 2220; x_wconf 91' lang='lat' dir='ltr'><strong>de</strong></span> <span class='ocrx_word' id='word_1_97' title='bbox 1433 2153 1585 2236; x_wconf 82' lang='lat' dir='ltr'><strong>Dusborg</strong></span> 
     </span>
     <span class='ocr_line' id='line_1_15' title="bbox 249 2259 1585 2350; baseline -0.003 -22"><span class='ocrx_word' id='word_1_98' title='bbox 249 2261 376 2328; x_wconf 85' lang='lat' dir='ltr'><strong>confert</strong></span> <span class='ocrx_word' id='word_1_99' title='bbox 399 2264 478 2328; x_wconf 89' lang='lat' dir='ltr'><strong>eccl.</strong></span> <span class='ocrx_word' id='word_1_100' title='bbox 503 2264 539 2329; x_wconf 91' lang='lat' dir='ltr'><strong>B.</strong></span> <span class='ocrx_word' id='word_1_101' title='bbox 564 2266 665 2332; x_wconf 85' lang='lat' dir='ltr'><strong>Marie</strong></span> <span class='ocrx_word' id='word_1_102' title='bbox 689 2267 847 2350; x_wconf 83' lang='lat' dir='ltr'><strong>Aquensis</strong></span> <span class='ocrx_word' id='word_1_103' title='bbox 876 2267 977 2334; x_wconf 89' lang='lat' dir='ltr'><strong>Leod.</strong></span> <span class='ocrx_word' id='word_1_104' title='bbox 1003 2267 1087 2333; x_wconf 91' lang='lat' dir='ltr'><strong>dioc.</strong></span> <span class='ocrx_word' id='word_1_105' title='bbox 1119 2267 1353 2340; x_wconf 85' lang='lat' dir='ltr'><strong>canonicatum,</strong></span> <span class='ocrx_word' id='word_1_106' title='bbox 1387 2259 1585 2348; x_wconf 82' lang='lat' dir='ltr'><strong>prebendam</strong></span> 
     </span>
     <span class='ocr_line' id='line_1_16' title="bbox 249 2367 1585 2458; baseline -0.002 -24"><span class='ocrx_word' id='word_1_107' title='bbox 249 2389 326 2435; x_wconf 85' lang='lat' dir='ltr'><strong>vcro</strong></span> <span class='ocrx_word' id='word_1_108' title='bbox 355 2368 459 2436; x_wconf 92' lang='lat' dir='ltr'><strong>eidem</strong></span> <span class='ocrx_word' id='word_1_109' title='bbox 489 2380 643 2456; x_wconf 84' lang='lat' dir='ltr'><strong>reservat,</strong></span> <span class='ocrx_word' id='word_1_110' title='bbox 676 2395 740 2439; x_wconf 94' lang='lat' dir='ltr'><strong>non</strong></span> <span class='ocrx_word' id='word_1_111' title='bbox 773 2376 922 2442; x_wconf 89' lang='lat' dir='ltr'><strong>obstante</strong></span> <span class='ocrx_word' id='word_1_112' title='bbox 946 2374 1031 2458; x_wconf 91' lang='lat' dir='ltr'><strong>quod</strong></span> <span class='ocrx_word' id='word_1_113' title='bbox 1059 2375 1091 2438; x_wconf 88' lang='lat' dir='ltr'><strong>iu</strong></span> <span class='ocrx_word' id='word_1_114' title='bbox 1117 2372 1200 2439; x_wconf 91' lang='lat' dir='ltr'><strong>dioc.</strong></span> <span class='ocrx_word' id='word_1_115' title='bbox 1226 2372 1367 2437; x_wconf 83' lang='lat' dir='ltr'><strong>Traieet.</strong></span> <span class='ocrx_word' id='word_1_116' title='bbox 1394 2367 1585 2435; x_wconf 82' lang='lat' dir='ltr'><strong>beneficIum</strong></span> 
     </span>
    </p>
   </div>
   <div class='ocr_carea' id='block_1_6' title="bbox 248 2476 1588 3315">
    <p class='ocr_par' dir='ltr' id='par_1_8' title="bbox 249 2476 1586 2781">
     <span class='ocr_line' id='line_1_17' title="bbox 249 2476 1586 2561; baseline -0.003 -19"><span class='ocrx_word' id='word_1_117' title='bbox 249 2478 504 2542; x_wconf 87' lang='lat' dir='ltr'><strong>ecclesiasticum</strong></span> <span class='ocrx_word' id='word_1_118' title='bbox 538 2498 609 2544; x_wconf 90' lang='lat' dir='ltr'><strong>eum</strong></span> <span class='ocrx_word' id='word_1_119' title='bbox 642 2500 719 2545; x_wconf 84' lang='lat' dir='ltr'><strong>cura</strong></span> <span class='ocrx_word' id='word_1_120' title='bbox 746 2481 797 2546; x_wconf 85' lang='lat' dir='ltr'><strong>vel</strong></span> <span class='ocrx_word' id='word_1_121' title='bbox 829 2483 897 2547; x_wconf 87' lang='lat' dir='ltr'><strong>sine</strong></span> <span class='ocrx_word' id='word_1_122' title='bbox 931 2502 1008 2547; x_wconf 88' lang='lat' dir='ltr'><strong>cura</strong></span> <span class='ocrx_word' id='word_1_123' title='bbox 1037 2480 1079 2547; x_wconf 88' lang='lat' dir='ltr'><strong>ad</strong></span> <span class='ocrx_word' id='word_1_124' title='bbox 1108 2479 1312 2546; x_wconf 90' lang='lat' dir='ltr'><strong>collationem</strong></span> <span class='ocrx_word' id='word_1_125' title='bbox 1340 2476 1392 2543; x_wconf 88' lang='lat' dir='ltr'><strong>vel</strong></span> <span class='ocrx_word' id='word_1_126' title='bbox 1422 2479 1586 2561; x_wconf 89' lang='lat' dir='ltr'><strong>presenta-</strong></span> 
     </span>
     <span class='ocr_line' id='line_1_18' title="bbox 249 2581 1583 2672; baseline -0.002 -25"><span class='ocrx_word' id='word_1_127' title='bbox 249 2583 369 2649; x_wconf 88' lang='lat' dir='ltr'><strong>tionem</strong></span> <span class='ocrx_word' id='word_1_128' title='bbox 401 2584 556 2670; x_wconf 86' lang='lat' dir='ltr'><strong>prepositi</strong></span> <span class='ocrx_word' id='word_1_129' title='bbox 591 2594 624 2651; x_wconf 92' lang='lat' dir='ltr'><strong>et</strong></span> <span class='ocrx_word' id='word_1_130' title='bbox 659 2587 792 2672; x_wconf 87' lang='lat' dir='ltr'><strong>capituli</strong></span> <span class='ocrx_word' id='word_1_131' title='bbox 828 2588 907 2655; x_wconf 89' lang='lat' dir='ltr'><strong>eccl.</strong></span> <span class='ocrx_word' id='word_1_132' title='bbox 944 2589 1085 2653; x_wconf 86' lang='lat' dir='ltr'><strong>Traieet.</strong></span> <span class='ocrx_word' id='word_1_133' title='bbox 1121 2586 1331 2652; x_wconf 88' lang='lat' dir='ltr'><strong>communiter</strong></span> <span class='ocrx_word' id='word_1_134' title='bbox 1365 2583 1417 2649; x_wconf 85' lang='lat' dir='ltr'><strong>vel</strong></span> <span class='ocrx_word' id='word_1_135' title='bbox 1452 2581 1583 2648; x_wconf 79' lang='lat' dir='ltr'><strong>divisim</strong></span> 
     </span>
     <span class='ocr_line' id='line_1_19' title="bbox 249 2691 1138 2781; baseline 0.003 -26"><span class='ocrx_word' id='word_1_136' title='bbox 249 2695 400 2775; x_wconf 88' lang='lat' dir='ltr'><strong>spectans</strong></span> <span class='ocrx_word' id='word_1_137' title='bbox 423 2711 480 2776; x_wconf 88' lang='lat' dir='ltr'><strong>per</strong></span> <span class='ocrx_word' id='word_1_138' title='bbox 503 2691 584 2758; x_wconf 86' lang='lat' dir='ltr'><strong>alias</strong></span> <span class='ocrx_word' id='word_1_139' title='bbox 607 2693 732 2760; x_wconf 87' lang='lat' dir='ltr'><strong>litteras</strong></span> <span class='ocrx_word' id='word_1_140' title='bbox 756 2695 952 2781; x_wconf 89' lang='lat' dir='ltr'><strong>apostolicas</strong></span> <span class='ocrx_word' id='word_1_141' title='bbox 975 2698 1138 2780; x_wconf 85' lang='lat' dir='ltr'><strong>expectat.</strong></span> 
     </span>
    </p>

    <p class='ocr_par' dir='ltr' id='par_1_9' title="bbox 249 2797 1586 2970">
     <span class='ocr_line' id='line_1_20' title="bbox 355 2797 1586 2879; baseline -0.002 -17"><span class='ocrx_word' id='word_1_142' title='bbox 355 2797 530 2864; x_wconf 89' lang='lat' dir='ltr'><strong>Probitatis</strong></span> <span class='ocrx_word' id='word_1_143' title='bbox 553 2804 606 2865; x_wconf 90' lang='lat' dir='ltr'><strong>tue</strong></span> <span class='ocrx_word' id='word_1_144' title='bbox 630 2801 744 2868; x_wconf 88' lang='lat' dir='ltr'><strong>merita</strong></span> <span class='ocrx_word' id='word_1_145' title='bbox 757 2850 765 2866; x_wconf 95' lang='lat'><strong>.</strong></span> <span class='ocrx_word' id='word_1_146' title='bbox 780 2850 809 2868; x_wconf 88' lang='lat'><strong>..</strong></span> <span class='ocrx_word' id='word_1_147' title='bbox 856 2803 933 2868; x_wconf 89' lang='lat' dir='ltr'><strong>Dat.</strong></span> <span class='ocrx_word' id='word_1_148' title='bbox 950 2802 1044 2868; x_wconf 83' lang='lat' dir='ltr'><strong>Avin.</strong></span> <span class='ocrx_word' id='word_1_149' title='bbox 1061 2802 1095 2866; x_wconf 96' lang='lat' dir='ltr'><strong>II</strong></span> <span class='ocrx_word' id='word_1_150' title='bbox 1117 2820 1219 2866; x_wconf 88' lang='lat' dir='ltr'><strong>nonas</strong></span> <span class='ocrx_word' id='word_1_151' title='bbox 1242 2798 1383 2866; x_wconf 88' lang='lat' dir='ltr'><strong>octobris</strong></span> <span class='ocrx_word' id='word_1_152' title='bbox 1406 2816 1436 2863; x_wconf 90' lang='lat' dir='ltr'><strong>a.</strong></span> <span class='ocrx_word' id='word_1_153' title='bbox 1458 2801 1586 2879; x_wconf 89' lang='lat' dir='ltr'><strong>quarto·</strong></span> 
     </span>
     <span class='ocr_line' id='line_1_21' title="bbox 249 2903 386 2970; baseline 0.007 -1"><span class='ocrx_word' id='word_1_154' title='bbox 249 2903 386 2970; x_wconf 90' lang='lat' dir='ltr'><strong>decimo.</strong></span> 
     </span>
    </p>

    <p class='ocr_par' dir='ltr' id='par_1_10' title="bbox 248 3009 1588 3315">
     <span class='ocr_line' id='line_1_22' title="bbox 357 3009 1588 3083; baseline -0.002 -7"><span class='ocrx_word' id='word_1_155' title='bbox 357 3011 395 3076; x_wconf 91' lang='lat' dir='ltr'><strong>In</strong></span> <span class='ocrx_word' id='word_1_156' title='bbox 418 3031 446 3078; x_wconf 90' lang='lat' dir='ltr'><strong>e.</strong></span> <span class='ocrx_word' id='word_1_157' title='bbox 472 3034 514 3079; x_wconf 93' lang='lat' dir='ltr'><strong>m.</strong></span> <span class='ocrx_word' id='word_1_158' title='bbox 548 3016 660 3081; x_wconf 87' lang='lat' dir='ltr'><strong>abbati</strong></span> <span class='ocrx_word' id='word_1_159' title='bbox 689 3018 874 3083; x_wconf 88' lang='lat' dir='ltr'><strong>monasterii</strong></span> <span class='ocrx_word' id='word_1_160' title='bbox 902 3015 936 3082; x_wconf 88' lang='lat' dir='ltr'><strong>S.</strong></span> <span class='ocrx_word' id='word_1_161' title='bbox 961 3017 1099 3082; x_wconf 85' lang='lat' dir='ltr'><strong>Oomelii</strong></span> <span class='ocrx_word' id='word_1_162' title='bbox 1123 3013 1271 3081; x_wconf 87' lang='lat' dir='ltr'><strong>Indensis</strong></span> <span class='ocrx_word' id='word_1_163' title='bbox 1295 3011 1406 3080; x_wconf 82' lang='lat' dir='ltr'><strong>Colon.</strong></span> <span class='ocrx_word' id='word_1_164' title='bbox 1437 3009 1521 3076; x_wconf 89' lang='lat' dir='ltr'><strong>dioc.</strong></span> <span class='ocrx_word' id='word_1_165' title='bbox 1553 3015 1588 3074; x_wconf 92' lang='lat' dir='ltr'><strong>et</strong></span> 
     </span>
     <span class='ocr_line' id='line_1_23' title="bbox 250 3116 1587 3207; baseline -0.001 -24"><span class='ocrx_word' id='word_1_166' title='bbox 250 3116 374 3185; x_wconf 84' lang='lat' dir='ltr'><strong>decano</strong></span> <span class='ocrx_word' id='word_1_167' title='bbox 398 3119 431 3184; x_wconf 89' lang='lat' dir='ltr'><strong>S.</strong></span> <span class='ocrx_word' id='word_1_168' title='bbox 457 3119 589 3206; x_wconf 75' lang='lat' dir='ltr'><strong>Georgii</strong></span> <span class='ocrx_word' id='word_1_169' title='bbox 615 3123 724 3188; x_wconf 79' lang='lat' dir='ltr'><strong>Goion.</strong></span> <span class='ocrx_word' id='word_1_170' title='bbox 749 3145 789 3189; x_wconf 90' lang='lat' dir='ltr'><strong>ao</strong></span> <span class='ocrx_word' id='word_1_171' title='bbox 812 3124 967 3207; x_wconf 85' lang='lat' dir='ltr'><strong>magistro</strong></span> <span class='ocrx_word' id='word_1_172' title='bbox 991 3121 1120 3188; x_wconf 84' lang='lat' dir='ltr'><strong>Andree</strong></span> <span class='ocrx_word' id='word_1_173' title='bbox 1148 3119 1310 3206; x_wconf 84' lang='lat' dir='ltr'><strong>Raynaidi</strong></span> <span class='ocrx_word' id='word_1_174' title='bbox 1343 3118 1385 3184; x_wconf 88' lang='lat' dir='ltr'><strong>de</strong></span> <span class='ocrx_word' id='word_1_175' title='bbox 1409 3117 1501 3184; x_wconf 90' lang='lat' dir='ltr'><strong>Setia</strong></span> <span class='ocrx_word' id='word_1_176' title='bbox 1533 3135 1587 3181; x_wconf 85' lang='lat' dir='ltr'><strong>ea-</strong></span> 
     </span>
     <span class='ocr_line' id='line_1_24' title="bbox 248 3227 1267 3315; baseline 0.002 -25"><span class='ocrx_word' id='word_1_177' title='bbox 248 3227 364 3292; x_wconf 92' lang='lat' dir='ltr'><strong>nonico</strong></span> <span class='ocrx_word' id='word_1_178' title='bbox 388 3227 505 3292; x_wconf 86' lang='lat' dir='ltr'><strong>Pisane</strong></span> <span class='ocrx_word' id='word_1_179' title='bbox 529 3229 608 3294; x_wconf 86' lang='lat' dir='ltr'><strong>ecci.</strong></span> <span class='ocrx_word' id='word_1_180' title='bbox 633 3230 782 3315; x_wconf 90' lang='lat' dir='ltr'><strong>scriptori</strong></span> <span class='ocrx_word' id='word_1_181' title='bbox 806 3231 983 3296; x_wconf 88' lang='lat' dir='ltr'><strong>litterarum</strong></span> <span class='ocrx_word' id='word_1_182' title='bbox 1008 3228 1267 3314; x_wconf 86' lang='lat' dir='ltr'><strong>apostolicarum.</strong></span> 
     </span>
    </p>
   </div>
   <div class='ocr_carea' id='block_1_7' title="bbox 398 3351 700 3420">
    <p class='ocr_par' dir='ltr' id='par_1_11' title="bbox 398 3351 700 3420">
     <span class='ocr_line' id='line_1_25' title="bbox 398 3351 700 3420; baseline 0.013 -16"><span class='ocrx_word' id='word_1_183' title='bbox 398 3351 471 3420; x_wconf 80' lang='lat' dir='ltr'><strong>Rep.</strong></span> <span class='ocrx_word' id='word_1_184' title='bbox 491 3351 529 3406; x_wconf 88' lang='lat'><strong>96</strong></span> <span class='ocrx_word' id='word_1_185' title='bbox 548 3368 597 3409; x_wconf 83' lang='lat' dir='ltr'><strong>nr.</strong></span> <span class='ocrx_word' id='word_1_186' title='bbox 616 3354 700 3408; x_wconf 76' lang='lat'><strong>3426.</strong></span> 
     </span>
    </p>
   </div>
   <div class='ocr_carea' id='block_1_8' title="bbox 357 3561 1023 3650">
    <p class='ocr_par' dir='ltr' id='par_1_12' title="bbox 357 3561 1023 3650">
     <span class='ocr_line' id='line_1_26' title="bbox 357 3561 1023 3650; baseline 0.006 -22"><span class='ocrx_word' id='word_1_187' title='bbox 357 3561 478 3628; x_wconf 83' lang='grc'><strong>1764.</strong></span> <span class='ocrx_word' id='word_1_188' title='bbox 515 3565 602 3626; x_wconf 78' lang='lat'><em>1329</em></span> <span class='ocrx_word' id='word_1_189' title='bbox 626 3563 767 3628; x_wconf 86' lang='lat' dir='ltr'><strong>October</strong></span> <span class='ocrx_word' id='word_1_190' title='bbox 789 3565 820 3628; x_wconf 81' lang='lat'><strong>7.</strong></span> <span class='ocrx_word' id='word_1_191' title='bbox 857 3563 1023 3650; x_wconf 79' lang='lat' dir='ltr'><strong>Aor&#39;praorr.</strong></span> 
     </span>
    </p>
   </div>
   <div class='ocr_carea' id='block_1_9' title="bbox 252 3703 1591 4408">
    <p class='ocr_par' dir='ltr' id='par_1_13' title="bbox 252 3703 1589 3981">
     <span class='ocr_line' id='line_1_27' title="bbox 358 3703 1589 3790; baseline -0.001 -23"><span class='ocrx_word' id='word_1_192' title='bbox 358 3704 517 3769; x_wconf 88' lang='lat' dir='ltr'><strong>Iohannes</strong></span> <span class='ocrx_word' id='word_1_193' title='bbox 542 3703 642 3768; x_wconf 86' lang='lat' dir='ltr'>XXII</span> <span class='ocrx_word' id='word_1_194' title='bbox 679 3705 860 3788; x_wconf 87' lang='lat' dir='ltr'><strong>Berengcro</strong></span> <span class='ocrx_word' id='word_1_195' title='bbox 883 3712 959 3770; x_wconf 91' lang='lat' dir='ltr'><strong>nato</strong></span> <span class='ocrx_word' id='word_1_196' title='bbox 984 3705 1138 3772; x_wconf 80' lang='lat' dir='ltr'><strong>Iohannis</strong></span> <span class='ocrx_word' id='word_1_197' title='bbox 1162 3703 1203 3770; x_wconf 94' lang='lat' dir='ltr'><strong>de</strong></span> <span class='ocrx_word' id='word_1_198' title='bbox 1227 3705 1332 3790; x_wconf 86' lang='lat' dir='ltr'><strong>Deyst</strong></span> <span class='ocrx_word' id='word_1_199' title='bbox 1356 3703 1481 3768; x_wconf 85' lang='lat' dir='ltr'><strong>consent</strong></span> <span class='ocrx_word' id='word_1_200' title='bbox 1505 3703 1589 3767; x_wconf 87' lang='lat' dir='ltr'><strong>eccl.</strong></span> 
     </span>
     <span class='ocr_line' id='line_1_28' title="bbox 252 3808 1589 3896; baseline -0.001 -20"><span class='ocrx_word' id='word_1_201' title='bbox 252 3810 286 3876; x_wconf 89' lang='lat' dir='ltr'><strong>S.</strong></span> <span class='ocrx_word' id='word_1_202' title='bbox 310 3809 411 3874; x_wconf 79' lang='lat' dir='ltr'><strong>Maris</strong></span> <span class='ocrx_word' id='word_1_203' title='bbox 443 3808 486 3874; x_wconf 89' lang='lat' dir='ltr'><strong>ad</strong></span> <span class='ocrx_word' id='word_1_204' title='bbox 518 3808 638 3892; x_wconf 85' lang='lat' dir='ltr'><strong>gradus</strong></span> <span class='ocrx_word' id='word_1_205' title='bbox 661 3810 773 3876; x_wconf 81' lang='lat' dir='ltr'><strong>Goion.</strong></span> <span class='ocrx_word' id='word_1_206' title='bbox 807 3811 1041 3896; x_wconf 86' lang='lat' dir='ltr'><strong>canonicatum,</strong></span> <span class='ocrx_word' id='word_1_207' title='bbox 1075 3811 1271 3896; x_wconf 81' lang='lat' dir='ltr'><strong>prebendam</strong></span> <span class='ocrx_word' id='word_1_208' title='bbox 1302 3829 1378 3876; x_wconf 88' lang='lat' dir='ltr'><strong>vero</strong></span> <span class='ocrx_word' id='word_1_209' title='bbox 1409 3809 1515 3877; x_wconf 89' lang='lat' dir='ltr'><strong>eidem</strong></span> <span class='ocrx_word' id='word_1_210' title='bbox 1541 3829 1589 3875; x_wconf 88' lang='lat' dir='ltr'><strong>re-</strong></span> 
     </span>
     <span class='ocr_line' id='line_1_29' title="bbox 252 3921 369 3981; baseline -0.026 0"><span class='ocrx_word' id='word_1_211' title='bbox 252 3921 369 3981; x_wconf 86' lang='lat' dir='ltr'><strong>servat.</strong></span> 
     </span>
    </p>

    <p class='ocr_par' dir='ltr' id='par_1_14' title="bbox 253 4021 1588 4209">
     <span class='ocr_line' id='line_1_30' title="bbox 359 4021 1588 4092; baseline 0.003 -8"><span class='ocrx_word' id='word_1_212' title='bbox 359 4021 534 4088; x_wconf 86' lang='lat' dir='ltr'><strong>Probitatis</strong></span> <span class='ocrx_word' id='word_1_213' title='bbox 558 4030 590 4088; x_wconf 89' lang='lat' dir='ltr'><strong>et</strong></span> <span class='ocrx_word' id='word_1_214' title='bbox 613 4024 764 4089; x_wconf 88' lang='lat' dir='ltr'><strong>virtutum</strong></span> <span class='ocrx_word' id='word_1_215' title='bbox 788 4023 927 4088; x_wconf 84' lang='lat' dir='ltr'><strong>merita.</strong></span> <span class='ocrx_word' id='word_1_216' title='bbox 955 4072 962 4089; x_wconf 97' lang='lat'><strong>.</strong></span> <span class='ocrx_word' id='word_1_217' title='bbox 991 4073 997 4088; x_wconf 92' lang='lat'><strong>.</strong></span> <span class='ocrx_word' id='word_1_218' title='bbox 1044 4025 1120 4091; x_wconf 89' lang='lat' dir='ltr'><strong>Dat.</strong></span> <span class='ocrx_word' id='word_1_219' title='bbox 1145 4024 1239 4092; x_wconf 84' lang='lat' dir='ltr'><strong>Avin.</strong></span> <span class='ocrx_word' id='word_1_220' title='bbox 1264 4045 1366 4090; x_wconf 86' lang='lat' dir='ltr'><strong>nonas</strong></span> <span class='ocrx_word' id='word_1_221' title='bbox 1390 4025 1533 4090; x_wconf 88' lang='lat' dir='ltr'><strong>octobris</strong></span> <span class='ocrx_word' id='word_1_222' title='bbox 1557 4045 1588 4090; x_wconf 86' lang='lat' dir='ltr'><strong>a.</strong></span> 
     </span>
     <span class='ocr_line' id='line_1_31' title="bbox 253 4126 505 4209; baseline 0.012 -20"><span class='ocrx_word' id='word_1_223' title='bbox 253 4126 505 4209; x_wconf 80' lang='lat' dir='ltr'><strong>quartodecimo</strong></span> 
     </span>
    </p>

    <p class='ocr_par' dir='ltr' id='par_1_15' title="bbox 254 4233 1591 4408">
     <span class='ocr_line' id='line_1_32' title="bbox 360 4233 1591 4304; baseline 0.006 -8"><span class='ocrx_word' id='word_1_224' title='bbox 360 4233 397 4296; x_wconf 90' lang='lat' dir='ltr'><strong>In</strong></span> <span class='ocrx_word' id='word_1_225' title='bbox 421 4252 448 4298; x_wconf 92' lang='lat' dir='ltr'><strong>e.</strong></span> <span class='ocrx_word' id='word_1_226' title='bbox 474 4255 513 4297; x_wconf 90' lang='lat' dir='ltr'><strong>m.</strong></span> <span class='ocrx_word' id='word_1_227' title='bbox 548 4233 671 4301; x_wconf 89' lang='lat' dir='ltr'><strong>decano</strong></span> <span class='ocrx_word' id='word_1_228' title='bbox 708 4235 741 4301; x_wconf 92' lang='lat' dir='ltr'><strong>S.</strong></span> <span class='ocrx_word' id='word_1_229' title='bbox 766 4235 894 4301; x_wconf 80' lang='lat' dir='ltr'><strong>Andree</strong></span> <span class='ocrx_word' id='word_1_230' title='bbox 932 4236 1039 4302; x_wconf 86' lang='lat' dir='ltr'><strong>Oolon.</strong></span> <span class='ocrx_word' id='word_1_231' title='bbox 1077 4243 1108 4302; x_wconf 89' lang='lat' dir='ltr'><strong>et</strong></span> <span class='ocrx_word' id='word_1_232' title='bbox 1143 4238 1314 4304; x_wconf 85' lang='lat' dir='ltr'><strong>scolastico</strong></span> <span class='ocrx_word' id='word_1_233' title='bbox 1350 4238 1513 4304; x_wconf 88' lang='lat' dir='ltr'><strong>Tullensis</strong></span> <span class='ocrx_word' id='word_1_234' title='bbox 1549 4258 1591 4303; x_wconf 91' lang='lat' dir='ltr'><strong>ac</strong></span> 
     </span>
     <span class='ocr_line' id='line_1_33' title="bbox 254 4337 902 4408; baseline 0.005 -6"><span class='ocrx_word' id='word_1_235' title='bbox 254 4337 376 4404; x_wconf 90' lang='lat' dir='ltr'><strong>cantori</strong></span> <span class='ocrx_word' id='word_1_236' title='bbox 401 4339 662 4406; x_wconf 88' lang='lat' dir='ltr'><strong>Monasteriensis</strong></span> <span class='ocrx_word' id='word_1_237' title='bbox 685 4342 902 4408; x_wconf 88' lang='lat' dir='ltr'><strong>ecclesiarum.</strong></span> 
     </span>
    </p>
   </div>
   <div class='ocr_carea' id='block_1_10' title="bbox 414 4462 696 4531">
    <p class='ocr_par' dir='ltr' id='par_1_16' title="bbox 414 4462 696 4531">
     <span class='ocr_line' id='line_1_34' title="bbox 414 4462 696 4531; baseline 0.007 -15"><span class='ocrx_word' id='word_1_238' title='bbox 414 4462 696 4531; x_wconf 59' lang='lat' dir='ltr'><strong>mmmm</strong></span> 
     </span>
    </p>
   </div>
   <div class='ocr_carea' id='block_1_11' title="bbox 361 4692 1020 4783">
    <p class='ocr_par' dir='ltr' id='par_1_17' title="bbox 361 4692 1020 4783">
     <span class='ocr_line' id='line_1_35' title="bbox 361 4692 1020 4783; baseline 0.009 -26"><span class='ocrx_word' id='word_1_239' title='bbox 361 4692 482 4758; x_wconf 76' lang='grc'><strong>1765.</strong></span> <span class='ocrx_word' id='word_1_240' title='bbox 524 4697 609 4758; x_wconf 87' lang='grc'><strong>1329</strong></span> <span class='ocrx_word' id='word_1_241' title='bbox 634 4697 773 4761; x_wconf 83' lang='lat' dir='ltr'><strong>October</strong></span> <span class='ocrx_word' id='word_1_242' title='bbox 797 4700 827 4762; x_wconf 80' lang='lat'><strong>7.</strong></span> <span class='ocrx_word' id='word_1_243' title='bbox 857 4696 1020 4783; x_wconf 79' lang='lat' dir='ltr'><strong>Auipnon.</strong></span> 
     </span>
    </p>
   </div>
   <div class='ocr_carea' id='block_1_12' title="bbox 360 4833 1590 4910">
    <p class='ocr_par' dir='ltr' id='par_1_18' title="bbox 360 4833 1590 4910">
     <span class='ocr_line' id='line_1_36' title="bbox 360 4833 1590 4910; baseline 0.009 -12"><span class='ocrx_word' id='word_1_244' title='bbox 360 4833 520 4900; x_wconf 85' lang='lat' dir='ltr'><strong>Iohannes</strong></span> <span class='ocrx_word' id='word_1_245' title='bbox 545 4835 644 4901; x_wconf 85' lang='lat' dir='ltr'>XXII</span> <span class='ocrx_word' id='word_1_246' title='bbox 679 4836 813 4902; x_wconf 90' lang='lat' dir='ltr'><strong>Iohanni</strong></span> <span class='ocrx_word' id='word_1_247' title='bbox 836 4837 876 4903; x_wconf 89' lang='lat' dir='ltr'><strong>de</strong></span> <span class='ocrx_word' id='word_1_248' title='bbox 900 4838 1116 4906; x_wconf 85' lang='lat' dir='ltr'><strong>Widenbusen</strong></span> <span class='ocrx_word' id='word_1_249' title='bbox 1145 4842 1269 4908; x_wconf 84' lang='lat' dir='ltr'><strong>confert</strong></span> <span class='ocrx_word' id='word_1_250' title='bbox 1292 4843 1372 4910; x_wconf 89' lang='lat' dir='ltr'><strong>ecci.</strong></span> <span class='ocrx_word' id='word_1_251' title='bbox 1397 4845 1432 4910; x_wconf 88' lang='lat' dir='ltr'><strong>S.</strong></span> <span class='ocrx_word' id='word_1_252' title='bbox 1458 4843 1590 4910; x_wconf 85' lang='lat' dir='ltr'><strong>Andree</strong></span> 
     </span>
    </p>
   </div>
   <div class='ocr_carea' id='block_1_13' title="bbox 0 0 1826 5509">
    <p class='ocr_par' dir='ltr' id='par_1_19' title="bbox 0 0 1826 5509">
     <span class='ocr_line' id='line_1_37' title="bbox 0 0 1826 5509; baseline 0 1"><span class='ocrx_word' id='word_1_253' title='bbox 0 0 1826 5509; x_wconf 95' lang='lat' dir='ltr'><strong> </strong></span> 
     </span>
    </p>
   </div>
  </div>
 </body>
</html>
