3642 5509
258 443 310 501 122
808 448 876 505 1328
895 449 1031 506 Februar
1050 451 1075 505 6.

257 628 438 711 contigerit,
471 627 556 711 quod
590 628 687 694 filium
721 629 859 712 aliquem
894 629 1043 695 heredem
1076 652 1139 697 non
1171 631 1341 714 relinquat,
1375 631 1481 696 omnia
1504 632 1588 697 bona

257 733 400 800 feudalia
424 735 475 799 vel
504 734 569 801 alia
592 737 633 801 ab
658 736 792 821 imperio
816 735 1045 803 descendentia
1074 738 1137 803 filie
1165 758 1231 821 sue,
1274 748 1527 821 quamcumquet
1555 740 1586 803 iu

257 842 345 906 obitu
374 862 431 907 suo
459 842 628 925 relinquat,
663 845 922 927 recognoscimus
950 854 1113 927 tamquam
1137 865 1156 909 a
1181 845 1243 908 filio
1273 844 1470 929 possidenda
1493 852 1525 909 et
1548 865 1587 911 ea

258 956 418 1031 tamquam
451 948 516 1013 filio
550 949 755 1016 concedimus
787 950 996 1016 infeudanda.
1044 952 1131 1015 Nulli
1162 970 1238 1034 ergo
1269 952 1396 1017 omnino
1426 951 1587 1017 hominum

256 1055 352 1121 liceat
377 1054 435 1121 bas
459 1056 680 1122 concessiones
703 1057 880 1141 infringere
897 1058 948 1121 rel
966 1057 995 1123 ci
1012 1078 1090 1122 ausu
1107 1058 1276 1123 temerario
1293 1058 1463 1123 contraire.
1494 1056 1586 1135 Quod

257 1163 447 1245 quicumque
478 1165 714 1248 presumpserit,
744 1164 998 1248 indignationem
1025 1172 1166 1231 nostram
1196 1184 1231 1230 se
1255 1165 1381 1230 nouerit
1405 1166 1585 1231 incurrisse.

257 1270 301 1335 Ut
324 1275 430 1335 autern
463 1269 523 1336 hec
556 1273 662 1337 omnia
694 1273 789 1337 robur
812 1273 1045 1357 imperpetuum
1069 1273 1246 1355 obtineant,
1280 1292 1411 1358 presens
1434 1272 1586 1358 scripturn

256 1376 373 1443 exinde
404 1378 562 1443 conscribi
595 1386 627 1444 et
658 1380 756 1463 sigilli
788 1381 889 1445 nostri
924 1379 1096 1445 munimine
1128 1380 1275 1445 iussimus
1306 1378 1463 1445 roborari.
1509 1380 1584 1444 Dat.

256 1483 343 1569 apud
365 1484 499 1552 Nusiam
521 1484 604 1550 VIII
628 1486 771 1552 octobris
795 1486 822 1553 V
846 1484 959 1552 indict.
1006 1486 1094 1555 Nulli
1127 1506 1205 1571 ergo
1238 1493 1300 1552 etc.
1334 1491 1440 1551 nostre
1474 1485 1584 1551 confir-

255 1592 405 1657 mationis
437 1590 611 1676 infringere
644 1599 705 1659 etc.
762 1594 838 1660 Dat.
866 1594 1023 1661 Arinione
1054 1594 1133 1660 VIII
1165 1592 1237 1662 idus
1270 1591 1423 1659 februarii
1451 1613 1481 1657 a.
1510 1590 1586 1657 duo·

256 1695 392 1766 decimo.

415 1824 489 1895 Bag.
510 1824 589 1894 87f.
609 1824 669 1879 208
686 1840 733 1879 ar.
751 1824 838 1880 2552.

358 2099 480 2165 1402.
510 2103 596 2165 1328
619 2102 774 2167 Febraar
796 2104 827 2165 6.
852 2099 1018 2189 Acipaorr.

363 2241 522 2308 lohannes
550 2243 648 2308 XXII
680 2243 849 2329 Reynaldo
873 2244 981 2310 comiti
1007 2244 1163 2327 Gelrensi,
1188 2244 1277 2308 cuius
1300 2264 1362 2308 avo
1386 2241 1497 2307 Ottoni
1521 2241 1584 2305 iam

255 2349 405 2415 Urbanus
428 2371 515 2436 papa
538 2351 583 2416 IV
606 2350 792 2434 indulserat,
819 2359 852 2416 ut
875 2352 979 2417 nullus
1002 2350 1172 2435 delegatus
1195 2358 1226 2415 et
1250 2348 1489 2434 subdelegatus,
1513 2367 1585 2413 exe·

257 2463 348 2522 cutor
376 2476 432 2522 seu
463 2464 669 2523 conservator
692 2480 712 2523 a
735 2458 813 2523 sede
836 2458 1016 2544 apostolica
1040 2459 1090 2523 vel
1120 2458 1188 2524 eius
1217 2457 1334 2543 legatis
1358 2455 1452 2521 datus
1476 2460 1585 2539 posset

255 2564 287 2629 in
311 2563 438 2630 Ottonis
461 2565 594 2648 eiusque
617 2566 725 2632 uxon's
745 2574 778 2631 et
801 2565 934 2632 liliorum
960 2585 1113 2651 personas
1137 2563 1474 2631 excommunicationis
1498 2582 1536 2627 ac
1552 2562 1583 2625 in

255 2669 397 2736 eiusdem
430 2678 533 2737 terras
567 2670 731 2737 interdicti
765 2673 943 2739 sententias
978 2672 1120 2756 proferre
1155 2692 1215 2739 uec
1248 2671 1357 2738 facere
1389 2668 1583 2756 promulgari

255 2778 377 2861 absque
404 2779 537 2863 speciali
566 2778 718 2846 mandato
748 2779 836 2846 sedis
859 2779 1003 2846 eiusdem
1027 2778 1168 2845 faciente
1192 2779 1318 2865 plenam
1343 2784 1376 2844 et
1399 2796 1583 2862 expressam

254 2883 295 2950 de
318 2884 498 2951 huiusmodi
522 2885 725 2970 indulgentia
748 2888 950 2970 mentionem,
975 2886 1124 2954 concedit
1147 2885 1231 2952 idem
1255 2885 1423 2951 indultum.

360 2992 605 3076 Nonnumquam
629 2993 751 3061 instans
775 2992 962 3060 devotorum
991 3044 999 3060 .
1029 3046 1036 3063 .
1067 3043 1074 3060 .
1121 2992 1198 3059 Dat.
1224 2994 1319 3060 Asin.
1343 2992 1422 3059 VIII
1446 2989 1518 3057 idus
1541 2989 1583 3054 fe·

253 3098 372 3165 bruarii
396 3120 426 3166 a.
451 3098 652 3167 duodecimo.

413 3234 488 3307 ch.
506 3236 543 3292 87
559 3233 583 3305 f.
603 3234 671 3291 251¹
688 3252 738 3291 nr.
757 3235 843 3290 2663.

360 3513 487 3580 1403.
523 3518 609 3581 1328
632 3518 786 3582 Febraar
808 3519 840 3585 6.
864 3516 1029 3603 Acipnoo.

362 3656 533 3741 [Iohannes
552 3658 664 3743 XXII]
689 3658 858 3744 Rayualdo
882 3660 992 3725 comiti
1017 3658 1173 3725 Gelrensi.

360 3764 496 3830 Romani
521 3765 681 3850 pontificis
703 3767 959 3851 precellens...
994 3766 1080 3832 Sune
1105 3766 1219 3851 petitio
1243 3770 1298 3830 tua
1321 3762 1414 3829 nobis
1438 3760 1584 3828 exhibita

254 3872 450 3955 continebat,
484 3872 567 3955 quod
601 3880 635 3937 tu
663 3879 728 3940 tres
759 3873 841 3939 filias
864 3874 974 3955 habes,
1009 3872 1160 3939 videlicet
1177 3920 1184 3934 .
1204 3922 1237 3938 ..
1271 3869 1492 3955 Margaritam,
1517 3870 1582 3934 Me-

255 3978 378 4044 thildim
404 3986 436 4044 et
459 3980 640 4057 Isabellam,
665 3988 698 4046 et
720 3983 775 4047 vix
798 3982 832 4045 in
855 3980 934 4067 ipsis
958 3982 1102 4065 partibus
1125 3979 1226 4046 habes
1249 3979 1373 4062 aliquos
1397 3975 1456 4041 tibi
1479 3996 1582 4061 pares,

254 4087 308 4170 qui
331 4107 395 4152 non
418 4087 483 4153 sint
504 4088 563 4153 tibi
586 4089 620 4152 in
642 4087 747 4172 gradu
770 4087 932 4173 p'rohibito
956 4086 1245 4171 consanguinitatis
1269 4085 1320 4151 rel
1344 4082 1510 4149 affinitatis
1527 4089 1583 4148 aut

253 4193 419 4278 utriusque
442 4195 614 4276 coniuncti,
640 4194 755 4278 quibus
778 4196 882 4280 possis
906 4194 1012 4261 dictas
1035 4202 1106 4261 tuas
1129 4192 1212 4259 filias
1234 4190 1511 4258 matrimonialiter
1534 4210 1586 4257 co-

254 4302 376 4385 pulare.
422 4300 530 4379 Quare
552 4302 644 4367 nobis
667 4300 829 4367 humiliter
852 4301 1051 4388 supplicasti,
1082 4307 1128 4383 ut,
1152 4319 1225 4367 eum
1248 4298 1380 4365 multum
1404 4296 1464 4362 tibi
1488 4316 1583 4381 cxpe-

254 4406 323 4471 diat
346 4427 386 4472 er
411 4408 507 4473 certis
529 4408 635 4473 causis
658 4430 715 4493 per
738 4414 771 4473 te
791 4407 883 4475 nobis
907 4409 1074 4495 expositis,
1099 4407 1184 4491 quod
1208 4406 1296 4472 dicte
1318 4404 1383 4472 filie
1399 4410 1453 4469 tue
1469 4402 1584 4472 vicinis

253 4513 412 4579 nobilibus
446 4521 480 4580 et
513 4514 698 4600 potentibus
732 4515 780 4581 eis
814 4516 944 4600 paribus
979 4514 1182 4595 maritantur,
1222 4512 1298 4597 tibi,
1337 4509 1423 4595 quod
1457 4510 1583 4596 singule

255 4619 394 4705 ipsarum
424 4619 559 4703 singulis
587 4621 747 4686 nobilibus
775 4620 878 4688 eisin
901 4620 997 4687 tertio
1021 4627 1054 4686 et
1086 4626 1200 4705 quarto
1229 4618 1331 4703 gradu
1362 4616 1583 4703 consanguini-

361 4837 390 4899 τι)
410 4848 614 4907 quancunque
631 4849 687 4888 ms.
