3642 5509
770 416 840 480 1329
859 421 941 480 Mttrc
959 419 1002 481 24.
1494 420 1547 479 941

212 603 298 687 qnod
332 612 402 690 post
436 601 709 690 dispensationem
743 605 926 672 huiusmodi
960 607 1181 672 canonicatum
1212 614 1246 672 et
1276 606 1473 693 prehendam
1497 626 1547 672 ec-

212 712 308 777 clesie
332 712 391 778 SS.
416 714 582 798 Virginem
609 714 809 780 Coloniensis
837 764 844 779 .
877 764 882 777 .
914 714 1049 799 .primo
1082 734 1121 779 ac
1150 713 1269 780 deinde
1296 714 1360 781 illis
1384 735 1425 780 ex
1449 734 1547 780 causa

212 821 453 903 permutationis
478 821 618 887 dimissis
634 821 665 885 in
686 822 791 887 Darne
808 829 838 888 et
856 823 1089 904 subsequenter
1112 823 1144 885 in
1161 821 1305 887 Dlncker
1330 820 1546 906 parrochiales

211 927 367 993 ecclesias
391 936 423 993 et
448 927 649 1012 postmodum
675 930 897 994 canonicatum
923 937 955 994 et
979 929 1175 1014 prebendam
1199 930 1335 997 ecclesie
1351 929 1547 994 Susatieusis

211 1032 321 1100 Colon.
336 1033 419 1099 dioc.
444 1036 626 1102 successive
651 1035 789 1120 adeptus
813 1035 915 1118 fuisti,
940 1037 1172 1120 subsequenter
1192 1056 1268 1101 vero
1292 1035 1397 1101 dictos
1420 1036 1546 1101 canoni-

211 1147 317 1205 catum
342 1148 374 1205 et
397 1141 594 1225 prehendam
628 1141 770 1208 eiusdem
794 1141 991 1210 Susatieusis
1024 1144 1160 1209 ecclesie
1192 1141 1235 1209 ad
1266 1144 1489 1208 canonicatum
1514 1149 1547 1208 et

210 1247 407 1331 prehendam
440 1249 577 1315 ecclesie
607 1249 639 1314 S.
666 1248 778 1316 Crucis
808 1250 1008 1334 Leodiensis,
1043 1271 1123 1333 quos
1156 1258 1274 1316 extunc
1307 1248 1479 1335 possedisti
1514 1255 1546 1314 ct

210 1353 318 1420 adhuc
341 1353 496 1441 possides,
530 1355 670 1421 locorum
695 1355 939 1423 diocesanorum
964 1358 1166 1439 auctoritate,
1202 1366 1237 1421 ut
1260 1357 1387 1439 asseris,
1423 1376 1545 1440 permu-

210 1463 296 1542 tasti,
320 1460 425 1527 medio
449 1469 556 1528 autem
581 1468 733 1547 tempore,
767 1462 842 1528 dum
866 1462 973 1528 adhuc
997 1483 1085 1529 esses
1109 1463 1250 1529 eiusdem
1275 1464 1472 1531 Susatieusis
1496 1483 1545 1529 ec·

212 1568 309 1635 clesie
334 1568 517 1652 canonicus,
536 1619 543 1633 .
563 1619 570 1634 .
590 1620 596 1635 .
614 1570 876 1656 archiepiscopus
893 1570 1093 1637 Coloniensis
1116 1569 1350 1655 parrochialem
1375 1572 1545 1638 ecclesiam

209 1674 242 1739 in
267 1673 415 1760 Seydorp
448 1676 531 1758 (oel:
555 1676 716 1762 Scydorp)
741 1676 851 1744 Colon.
877 1677 962 1744 dioc.
988 1686 1063 1744 tunc
1087 1686 1256 1743 vacantem
1371 1679 1428 1744 tihi
1452 1677 1545 1743 duxit

211 1830 219 1846 .
237 1832 244 1847 .
260 1781 497 1866 conferendam,
516 1803 610 1867 qnam
629 1783 829 1869 postmodum
847 1784 888 1850 nd
906 1786 1129 1850 canonicatum
1145 1792 1179 1849 et
1195 1784 1391 1870 prehendam
1407 1786 1545 1852 ecclesie

210 1888 244 1954 S.
261 1887 390 1955 Andros
414 1889 613 1956 Coloniensis
631 1939 637 1952 .
658 1941 664 1956 .
684 1941 691 1956 .
709 1911 748 1956 ac
772 1889 890 1956 deinde
914 1891 1019 1956 dictos
1044 1891 1266 1956 canonicatum
1290 1899 1323 1958 et
1347 1890 1543 1977 prehendam

210 1995 352 2062 eiusdem
377 1997 410 2065 S.
440 1996 568 2062 Andree
601 1997 643 2062 ad
677 1999 899 2063 canonicatum
935 2006 967 2063 et
1000 1997 1196 2082 prebendam
1230 1998 1288 2064 SS.
1317 1999 1544 2084 Apostolorum

209 2102 318 2170 Colon.
337 2103 483 2186 ecclesio,
502 2124 580 2187 quos
597 2125 680 2170 nunc
699 2104 857 2189 possides,
868 2105 1067 2189 permutasti,
1079 2125 1159 2188 quas
1180 2105 1307 2187 quridem
1324 2105 1544 2190 parrochiales

208 2210 361 2276 ecclesias
395 2213 525 2278 tenuisti
558 2231 618 2276 nee
650 2218 682 2276 te
716 2212 822 2277 fecisti
850 2211 933 2277 infra
958 2218 1083 2297 tempus
1105 2211 1250 2278 debitum
1274 2213 1306 2276 in
1330 2213 1542 2298 presbiterum

208 2316 398 2402 promoveri,
431 2317 670 2402 dispensatione
698 2367 758 2383 ...
784 2339 846 2384 non
876 2319 1019 2385 obtenta.
1075 2319 1182 2397 Quare
1206 2340 1263 2403 pro
1287 2327 1380 2405 parte
1403 2326 1459 2385 tua
1483 2320 1543 2386 tuit

207 2423 300 2490 uobis
324 2424 486 2490 humiliter
509 2425 735 2510 supplicatum,
760 2433 819 2490 nt.
839 2427 958 2493 ..Nos
981 2427 1092 2509 itaque
1116 2426 1157 2492 oh
1174 2426 1352 2492 litterarum
1375 2428 1542 2494 scientiam

207 2537 239 2596 et
263 2531 455 2614 gravitatem
484 2553 651 2599 morum..
674 2582 680 2594 .
700 2532 904 2600 habilitamus
932 2541 965 2599 te
995 2533 1101 2616 quoad
1131 2532 1360 2620 impedimenta
1393 2533 1541 2620 predicta

206 2637 392 2721 fructusque
425 2647 596 2725 perceptos
714 2641 772 2707 tibi
798 2641 988 2706 remittimus
1126 2641 1202 2706 Dat,
1238 2642 1334 2706 Avin.
1366 2639 1462 2707 VIIII
1496 2641 1541 2706 kl.

208 2744 318 2829 aprilis
341 2766 371 2810 a.
397 2745 629 2813 tertiodecimo.

368 2871 441 2940 Rep.
461 2870 500 2924 92
518 2870 627 2940 f.189¹
644 2887 691 2926 nr.
712 2873 797 2926 3315.

312 3156 431 3224 raon.
459 3158 544 3223 1329
568 3160 666 3224 naz
690 3160 744 3222 24.
770 3112 936 3244 aoraton.

311 3300 470 3366 Iohannes
493 3300 592 3365 XXII
628 3300 738 3366 abbati
767 3302 952 3367 monasterii
983 3300 1017 3366 S.
1042 3301 1270 3368 Panthaleonis
1300 3311 1332 3367 et
1357 3301 1480 3368 decano
1504 3302 1539 3369 S.

206 3405 335 3471 Andree
360 3407 469 3473 Colon.
505 3427 544 3472 ac
576 3408 748 3473 scolastico
773 3407 934 3472 Tullensis
968 3408 1047 3472 eccl.
1081 3408 1223 3484 urrandat,
1257 3410 1407 3491 quatinus
1437 3408 1540 3475 Gode-

206 3512 289 3579 srido
314 3514 355 3578 de
380 3513 494 3579 Rudsn
520 3514 636 3580 clerico
661 3515 771 3580 Colou.
797 3514 893 3598 dioc,
919 3535 1012 3597 quent
1037 3536 1121 3600 papa
1146 3515 1331 3580 hahilitavit
1359 3517 1462 3602 (conf.
1485 3538 1538 3582 nr.

208 3623 319 3702 1701),
349 3622 494 3690 conferre
522 3631 554 3688 et
585 3621 751 3707 assignare
776 3631 886 3688 curent
911 3625 1118 3688 canonicatus
1142 3630 1174 3687 et
1198 3623 1379 3707 prehendas
1403 3625 1438 3690 S.
1455 3626 1540 3710 Apo·

205 3729 355 3794 stolorum
382 3728 491 3794 Colon.
516 3735 548 3794 et
573 3727 606 3793 S.
632 3729 744 3794 Crucis
768 3727 869 3794 Leod.
895 3729 974 3794 eccl.

312 3835 507 3901 Litterarum
541 3836 687 3912 scientia,
722 3857 842 3901 mortum
877 3837 984 3903 decor.
1016 3886 1022 3898 .
1054 3887 1061 3901 .
1092 3887 1099 3902 .
1154 3839 1228 3903 Dat.
1253 3840 1348 3904 Avin.
1373 3841 1470 3905 VIIII
1493 3841 1538 3905 hl.

205 3943 316 4027 aprilis
339 3964 368 4008 a.
397 3942 628 4009 tertiodecimo.

353 4068 426 4137 Ray.
446 4066 527 4136 92f.
547 4070 603 4122 189
620 4083 667 4122 nr.
686 4070 770 4122 3314.

312 4336 433 4403 1708.
470 4340 555 4403 1329
580 4341 678 4404 Metrz
702 4341 756 4405 27.
789 4339 954 4427 Aolpnon.

311 4481 479 4547 Iohannes
517 4483 627 4546 XXII
667 4483 917 4568 archiepiscopo
955 4483 1145 4550 Coloniensi
1183 4485 1341 4566 mandat,
1379 4485 1539 4569 qnotinns

204 4589 351 4653 eiusdem
381 4609 472 4673 pape
497 4589 623 4654 bullam
647 4598 848 4656 tractantem
871 4592 912 4656 tle
937 4593 1108 4656 erroribus
1131 4591 1267 4656 Ehnrdl
1287 4592 1414 4675 fratris
1436 4614 1538 4676 qnon-

203 4695 283 4759 rlam
307 4697 440 4762 ordinis
463 4697 723 4762 Predlontornrn
746 4697 952 4763 sollemniter
970 4698 1129 4783 publicet.

311 4817 483 4904 [lohannes
508 4821 619 4905 xxu]
644 4821 887 4907 antiepiscopo
911 4821 1104 4888 Coloniensi.

238 4943 295 4986 vat.
312 4941 438 4994 &aaran
453 4941 484 4986 11.
1305 4930 1339 4984 16
