<?xml version="1.0" encoding="UTF-8"?>
<!DOCTYPE html PUBLIC "-//W3C//DTD XHTML 1.0 Transitional//EN"
    "http://www.w3.org/TR/xhtml1/DTD/xhtml1-transitional.dtd">
<html xmlns="http://www.w3.org/1999/xhtml" xml:lang="en" lang="en">
 <head>
  <title>
</title>
<meta http-equiv="Content-Type" content="text/html;charset=utf-8" />
  <meta name='ocr-system' content='tesseract 3.04.00' />
  <meta name='ocr-capabilities' content='ocr_page ocr_carea ocr_par ocr_line ocrx_word'/>
</head>
<body>
  <div class='ocr_page' id='page_1' title='image "./urkundenundrege00thimgoog_0461.png"; bbox 0 0 3642 5509; ppageno 0'>
   <div class='ocr_carea' id='block_1_1' title="bbox 822 429 1092 492">
    <p class='ocr_par' dir='ltr' id='par_1_1' title="bbox 822 429 1092 492">
     <span class='ocr_line' id='line_1_1' title="bbox 822 429 1092 492; baseline -0.007 -2"><span class='ocrx_word' id='word_1_1' title='bbox 822 436 892 492; x_wconf 88' lang='grc'><strong>1332</strong></span> <span class='ocrx_word' id='word_1_2' title='bbox 910 429 1030 490; x_wconf 83' lang='lat' dir='ltr'><strong>Januar</strong></span> <span class='ocrx_word' id='word_1_3' title='bbox 1048 434 1092 489; x_wconf 89' lang='lat'><strong>31.</strong></span> 
     </span>
    </p>
   </div>
   <div class='ocr_carea' id='block_1_2' title="bbox 373 669 1077 757">
    <p class='ocr_par' dir='ltr' id='par_1_2' title="bbox 373 669 1077 757">
     <span class='ocr_line' id='line_1_2' title="bbox 373 669 1077 757; baseline -0.009 -17"><span class='ocrx_word' id='word_1_4' title='bbox 373 674 519 740; x_wconf 62' lang='lat'><strong>*2092</strong></span> <span class='ocrx_word' id='word_1_5' title='bbox 554 675 640 738; x_wconf 85' lang='lat'><strong><em>1332</em></strong></span> <span class='ocrx_word' id='word_1_6' title='bbox 664 674 802 738; x_wconf 84' lang='lat' dir='ltr'><strong>Januor</strong></span> <span class='ocrx_word' id='word_1_7' title='bbox 824 673 878 736; x_wconf 83' lang='lat'><strong>31.</strong></span> <span class='ocrx_word' id='word_1_8' title='bbox 913 669 1077 757; x_wconf 82' lang='lat' dir='ltr'><strong>Aoipnoo.</strong></span> 
     </span>
    </p>
   </div>
   <div class='ocr_carea' id='block_1_3' title="bbox 269 813 1604 1420">
    <p class='ocr_par' dir='ltr' id='par_1_3' title="bbox 269 813 1604 1312">
     <span class='ocr_line' id='line_1_3' title="bbox 376 813 1604 900; baseline -0.002 -18"><span class='ocrx_word' id='word_1_9' title='bbox 376 818 535 883; x_wconf 89' lang='lat' dir='ltr'><strong>Iohannes</strong></span> <span class='ocrx_word' id='word_1_10' title='bbox 561 815 659 879; x_wconf 88' lang='lat' dir='ltr'>XXII</span> <span class='ocrx_word' id='word_1_11' title='bbox 683 815 866 900; x_wconf 90' lang='lat' dir='ltr'><strong>petentibus</strong></span> <span class='ocrx_word' id='word_1_12' title='bbox 890 814 1057 880; x_wconf 82' lang='lat' dir='ltr'>abbatissa</span> <span class='ocrx_word' id='word_1_13' title='bbox 1080 821 1113 879; x_wconf 92' lang='lat' dir='ltr'><strong>et</strong></span> <span class='ocrx_word' id='word_1_14' title='bbox 1138 820 1297 880; x_wconf 88' lang='lat' dir='ltr'><strong>conventu</strong></span> <span class='ocrx_word' id='word_1_15' title='bbox 1321 813 1506 880; x_wconf 88' lang='lat' dir='ltr'><strong>monasterii</strong></span> <span class='ocrx_word' id='word_1_16' title='bbox 1530 815 1604 879; x_wconf 91' lang='lat' dir='ltr'><strong>Por·</strong></span> 
     </span>
     <span class='ocr_line' id='line_1_4' title="bbox 270 920 1603 1005; baseline -0.005 -14"><span class='ocrx_word' id='word_1_17' title='bbox 270 926 407 991; x_wconf 91' lang='lat' dir='ltr'><strong>cetensis</strong></span> <span class='ocrx_word' id='word_1_18' title='bbox 432 924 661 1005; x_wconf 81' lang='lat' dir='ltr'><strong>(Burtsebeid)</strong></span> <span class='ocrx_word' id='word_1_19' title='bbox 686 922 909 987; x_wconf 79' lang='lat' dir='ltr'><strong>Cisterciensis</strong></span> <span class='ocrx_word' id='word_1_20' title='bbox 942 920 1064 986; x_wconf 87' lang='lat' dir='ltr'>ordinis</span> <span class='ocrx_word' id='word_1_21' title='bbox 1097 921 1209 986; x_wconf 83' lang='lat' dir='ltr'><strong>Colon.</strong></span> <span class='ocrx_word' id='word_1_22' title='bbox 1243 920 1327 987; x_wconf 91' lang='lat' dir='ltr'><strong>dioc.</strong></span> <span class='ocrx_word' id='word_1_23' title='bbox 1361 921 1527 987; x_wconf 88' lang='lat' dir='ltr'><strong>confirmat</strong></span> <span class='ocrx_word' id='word_1_24' title='bbox 1559 921 1603 984; x_wconf 85' lang='lat' dir='ltr'><strong>ln·</strong></span> 
     </span>
     <span class='ocr_line' id='line_1_5' title="bbox 270 1027 1602 1117; baseline -0.007 -18"><span class='ocrx_word' id='word_1_25' title='bbox 270 1033 525 1117; x_wconf 79' lang='lat' dir='ltr'><strong>corporationem</strong></span> <span class='ocrx_word' id='word_1_26' title='bbox 556 1027 768 1115; x_wconf 81' lang='lat' dir='ltr'><strong>parrochialis</strong></span> <span class='ocrx_word' id='word_1_27' title='bbox 801 1027 939 1095; x_wconf 83' lang='lat' dir='ltr'><strong>eeclesIe</strong></span> <span class='ocrx_word' id='word_1_28' title='bbox 963 1027 1005 1093; x_wconf 93' lang='lat' dir='ltr'><strong>de</strong></span> <span class='ocrx_word' id='word_1_29' title='bbox 1029 1028 1136 1093; x_wconf 77' lang='lat' dir='ltr'><strong>Ruttm</strong></span> <span class='ocrx_word' id='word_1_30' title='bbox 1167 1027 1268 1094; x_wconf 89' lang='lat' dir='ltr'><strong>Leod.</strong></span> <span class='ocrx_word' id='word_1_31' title='bbox 1304 1027 1386 1093; x_wconf 90' lang='lat' dir='ltr'><strong>dioc.</strong></span> <span class='ocrx_word' id='word_1_32' title='bbox 1417 1029 1449 1092; x_wconf 92' lang='lat' dir='ltr'><strong>in</strong></span> <span class='ocrx_word' id='word_1_33' title='bbox 1483 1027 1602 1092; x_wconf 92' lang='lat' dir='ltr'><strong>dictum</strong></span> 
     </span>
     <span class='ocr_line' id='line_1_6' title="bbox 269 1134 1602 1220; baseline -0.006 -15"><span class='ocrx_word' id='word_1_34' title='bbox 269 1140 496 1205; x_wconf 87' lang='lat' dir='ltr'><strong>monasterinm</strong></span> <span class='ocrx_word' id='word_1_35' title='bbox 521 1156 705 1203; x_wconf 79' lang='lat' dir='ltr'><strong>concessam</strong></span> <span class='ocrx_word' id='word_1_36' title='bbox 731 1135 849 1201; x_wconf 90' lang='lat' dir='ltr'><strong>dudum</strong></span> <span class='ocrx_word' id='word_1_37' title='bbox 876 1135 980 1201; x_wconf 87' lang='lat' dir='ltr'><strong>eidem</strong></span> <span class='ocrx_word' id='word_1_38' title='bbox 1006 1134 1200 1202; x_wconf 89' lang='lat' dir='ltr'><strong>monasterio</strong></span> <span class='ocrx_word' id='word_1_39' title='bbox 1217 1136 1258 1201; x_wconf 90' lang='lat' dir='ltr'><strong>ab</strong></span> <span class='ocrx_word' id='word_1_40' title='bbox 1275 1135 1426 1220; x_wconf 85' lang='lat' dir='ltr'><strong>Adulpho</strong></span> <span class='ocrx_word' id='word_1_41' title='bbox 1451 1137 1602 1220; x_wconf 86' lang='lat' dir='ltr'><strong>episcopo</strong></span> 
     </span>
     <span class='ocr_line' id='line_1_7' title="bbox 269 1245 452 1312; baseline -0.005 0"><span class='ocrx_word' id='word_1_42' title='bbox 269 1245 452 1312; x_wconf 87' lang='lat' dir='ltr'><strong>Leodiensi.</strong></span> 
     </span>
    </p>

    <p class='ocr_par' dir='ltr' id='par_1_4' title="bbox 377 1349 1604 1420">
     <span class='ocr_line' id='line_1_8' title="bbox 377 1349 1604 1420; baseline -0.004 -1"><span class='ocrx_word' id='word_1_43' title='bbox 377 1354 469 1420; x_wconf 91' lang='lat' dir='ltr'><strong>Pium</strong></span> <span class='ocrx_word' id='word_1_44' title='bbox 497 1372 567 1419; x_wconf 86' lang='lat' dir='ltr'><strong>esse</strong></span> <span class='ocrx_word' id='word_1_45' title='bbox 597 1351 757 1419; x_wconf 90' lang='lat' dir='ltr'><strong>credimus</strong></span> <span class='ocrx_word' id='word_1_46' title='bbox 786 1402 793 1415; x_wconf 93' lang='lat'><strong>.</strong></span> <span class='ocrx_word' id='word_1_47' title='bbox 825 1401 831 1414; x_wconf 95' lang='lat'>.</span> <span class='ocrx_word' id='word_1_48' title='bbox 862 1401 869 1416; x_wconf 93' lang='lat'>.</span> <span class='ocrx_word' id='word_1_49' title='bbox 918 1352 992 1416; x_wconf 90' lang='lat' dir='ltr'><strong>Dat.</strong></span> <span class='ocrx_word' id='word_1_50' title='bbox 1018 1351 1112 1416; x_wconf 78' lang='lat' dir='ltr'><strong>Asin.</strong></span> <span class='ocrx_word' id='word_1_51' title='bbox 1137 1351 1170 1415; x_wconf 94' lang='lat' dir='ltr'><strong>II</strong></span> <span class='ocrx_word' id='word_1_52' title='bbox 1194 1349 1238 1414; x_wconf 88' lang='lat' dir='ltr'><strong>kl.</strong></span> <span class='ocrx_word' id='word_1_53' title='bbox 1268 1350 1422 1416; x_wconf 82' lang='lat' dir='ltr'><strong>februarii</strong></span> <span class='ocrx_word' id='word_1_54' title='bbox 1446 1371 1475 1415; x_wconf 89' lang='lat' dir='ltr'><strong>a.</strong></span> <span class='ocrx_word' id='word_1_55' title='bbox 1499 1355 1604 1416; x_wconf 85' lang='lat' dir='ltr'><strong>sexto·</strong></span> 
     </span>
    </p>
   </div>
   <div class='ocr_carea' id='block_1_4' title="bbox 269 1462 405 1528">
    <p class='ocr_par' dir='ltr' id='par_1_5' title="bbox 269 1462 405 1528">
     <span class='ocr_line' id='line_1_9' title="bbox 269 1462 405 1528; baseline 0 -2"><span class='ocrx_word' id='word_1_56' title='bbox 269 1462 405 1528; x_wconf 92' lang='lat' dir='ltr'><strong>decimo.</strong></span> 
     </span>
    </p>
   </div>
   <div class='ocr_carea' id='block_1_5' title="bbox 430 1587 1605 1697">
    <p class='ocr_par' dir='ltr' id='par_1_6' title="bbox 430 1587 1605 1697">
     <span class='ocr_line' id='line_1_10' title="bbox 430 1587 1605 1697; baseline -0.004 -50"><span class='ocrx_word' id='word_1_57' title='bbox 430 1594 503 1663; x_wconf 76' lang='lat' dir='ltr'><strong>Rep.</strong></span> <span class='ocrx_word' id='word_1_58' title='bbox 523 1595 576 1647; x_wconf 89' lang='grc'><strong>101</strong></span> <span class='ocrx_word' id='word_1_59' title='bbox 595 1609 657 1697; x_wconf 70' lang='lat' dir='ltr'><strong>nn.v</strong></span> <span class='ocrx_word' id='word_1_60' title='bbox 664 1593 728 1645; x_wconf 83' lang='grc'><strong><em>514.</em></strong></span> <span class='ocrx_word' id='word_1_61' title='bbox 748 1620 781 1629; x_wconf 93' lang='grc'><strong>-</strong></span> <span class='ocrx_word' id='word_1_62' title='bbox 804 1591 853 1645; x_wconf 81' lang='lat' dir='ltr'><strong>Or.</strong></span> <span class='ocrx_word' id='word_1_63' title='bbox 873 1591 998 1646; x_wconf 81' lang='lat' dir='ltr'><strong>membr.</strong></span> <span class='ocrx_word' id='word_1_64' title='bbox 1018 1606 1086 1645; x_wconf 86' lang='lat' dir='ltr'><strong>cum</strong></span> <span class='ocrx_word' id='word_1_65' title='bbox 1105 1589 1228 1658; x_wconf 84' lang='lat' dir='ltr'><strong>plumbo</strong></span> <span class='ocrx_word' id='word_1_66' title='bbox 1244 1589 1338 1658; x_wconf 81' lang='lat' dir='ltr'><strong>peud.</strong></span> <span class='ocrx_word' id='word_1_67' title='bbox 1380 1588 1444 1645; x_wconf 77' lang='lat' dir='ltr'><strong>Sub</strong></span> <span class='ocrx_word' id='word_1_68' title='bbox 1458 1587 1544 1658; x_wconf 83' lang='lat' dir='ltr'><strong>plica</strong></span> <span class='ocrx_word' id='word_1_69' title='bbox 1563 1589 1605 1642; x_wconf 87' lang='lat' dir='ltr'><strong>ad</strong></span> 
     </span>
    </p>
   </div>
   <div class='ocr_carea' id='block_1_6' title="bbox 431 1679 1604 1809">
    <p class='ocr_par' dir='ltr' id='par_1_7' title="bbox 431 1679 1604 1809">
     <span class='ocr_line' id='line_1_11' title="bbox 431 1679 1604 1809; baseline -0.002 -37"><span class='ocrx_word' id='word_1_70' title='bbox 431 1717 562 1774; x_wconf 75' lang='lat' dir='ltr'><strong>sinistra</strong></span> <span class='ocrx_word' id='word_1_71' title='bbox 594 1707 707 1809; x_wconf 59' lang='lat' dir='ltr'><strong>villus.</strong></span> <span class='ocrx_word' id='word_1_72' title='bbox 727 1718 766 1770; x_wconf 82' lang='lat' dir='ltr'><strong>In</strong></span> <span class='ocrx_word' id='word_1_73' title='bbox 776 1715 918 1786; x_wconf 84' lang='lat' dir='ltr'><strong>plieoed</strong></span> <span class='ocrx_word' id='word_1_74' title='bbox 931 1717 1030 1772; x_wconf 76' lang='lat' dir='ltr'><strong>deoetr.</strong></span> <span class='ocrx_word' id='word_1_75' title='bbox 1050 1749 1085 1806; x_wconf 39' lang='lat' dir='ltr'><strong>G·</strong></span> <span class='ocrx_word' id='word_1_76' title='bbox 1105 1679 1302 1806; x_wconf 42' lang='lat' dir='ltr'><strong>delgasoeno·</strong></span> <span class='ocrx_word' id='word_1_77' title='bbox 1339 1716 1377 1770; x_wconf 84' lang='lat' dir='ltr'><strong>In</strong></span> <span class='ocrx_word' id='word_1_78' title='bbox 1387 1713 1604 1771; x_wconf 76' lang='lat' dir='ltr'><strong>dorsosGode-</strong></span> 
     </span>
    </p>
   </div>
   <div class='ocr_carea' id='block_1_7' title="bbox 430 1840 1604 1989">
    <p class='ocr_par' dir='ltr' id='par_1_8' title="bbox 430 1840 1604 1989">
     <span class='ocr_line' id='line_1_12' title="bbox 430 1840 1604 1911; baseline -0.003 -13"><span class='ocrx_word' id='word_1_79' title='bbox 430 1845 529 1900; x_wconf 86' lang='lat' dir='ltr'><strong>fridus</strong></span> <span class='ocrx_word' id='word_1_80' title='bbox 558 1844 597 1898; x_wconf 87' lang='lat' dir='ltr'><strong>de</strong></span> <span class='ocrx_word' id='word_1_81' title='bbox 624 1842 774 1898; x_wconf 85' lang='lat' dir='ltr'><strong>landraco</strong></span> <span class='ocrx_word' id='word_1_82' title='bbox 803 1844 871 1897; x_wconf 81' lang='lat' dir='ltr'><strong>eto:</strong></span> <span class='ocrx_word' id='word_1_83' title='bbox 902 1841 936 1898; x_wconf 86' lang='lat' dir='ltr'><strong>R.</strong></span> <span class='ocrx_word' id='word_1_84' title='bbox 960 1841 995 1897; x_wconf 89' lang='lat' dir='ltr'><strong>D.</strong></span> <span class='ocrx_word' id='word_1_85' title='bbox 1018 1840 1113 1896; x_wconf 89' lang='lat' dir='ltr'>XIIII.</span> <span class='ocrx_word' id='word_1_86' title='bbox 1145 1871 1176 1880; x_wconf 94' lang='lat'>-</span> <span class='ocrx_word' id='word_1_87' title='bbox 1206 1840 1403 1911; x_wconf 80' lang='lat' dir='ltr'><strong>Dttsaeldorf.</strong></span> <span class='ocrx_word' id='word_1_88' title='bbox 1431 1841 1520 1896; x_wconf 80' lang='lat' dir='ltr'><strong>Aret.</strong></span> <span class='ocrx_word' id='word_1_89' title='bbox 1541 1855 1604 1911; x_wconf 78' lang='lat' dir='ltr'><strong>rep.</strong></span> 
     </span>
     <span class='ocr_line' id='line_1_13' title="bbox 431 1934 764 1989; baseline -0.006 0"><span class='ocrx_word' id='word_1_90' title='bbox 431 1934 613 1989; x_wconf 77' lang='lat' dir='ltr'><strong>Bartscbeid</strong></span> <span class='ocrx_word' id='word_1_91' title='bbox 631 1947 679 1986; x_wconf 83' lang='lat' dir='ltr'><strong>nr.</strong></span> <span class='ocrx_word' id='word_1_92' title='bbox 699 1934 764 1987; x_wconf 83' lang='grc'><strong><em>146.</em></strong></span> 
     </span>
    </p>
   </div>
   <div class='ocr_carea' id='block_1_8' title="bbox 374 2256 1073 2343">
    <p class='ocr_par' dir='ltr' id='par_1_9' title="bbox 374 2256 1073 2343">
     <span class='ocr_line' id='line_1_14' title="bbox 374 2256 1073 2343; baseline -0.006 -17"><span class='ocrx_word' id='word_1_93' title='bbox 374 2260 501 2326; x_wconf 76' lang='lat'><strong>2⁰93.</strong></span> <span class='ocrx_word' id='word_1_94' title='bbox 527 2262 614 2324; x_wconf 84' lang='lat'><em>1332</em></span> <span class='ocrx_word' id='word_1_95' title='bbox 638 2259 776 2325; x_wconf 82' lang='lat' dir='ltr'><strong>Jeouar</strong></span> <span class='ocrx_word' id='word_1_96' title='bbox 799 2259 853 2322; x_wconf 84' lang='lat'><strong>31.</strong></span> <span class='ocrx_word' id='word_1_97' title='bbox 879 2256 1073 2343; x_wconf 81' lang='lat' dir='ltr'><strong>(Aoipnon.)</strong></span> 
     </span>
    </p>
   </div>
   <div class='ocr_carea' id='block_1_9' title="bbox 271 2401 1604 3132">
    <p class='ocr_par' dir='ltr' id='par_1_10' title="bbox 378 2401 947 2487">
     <span class='ocr_line' id='line_1_15' title="bbox 378 2401 947 2487; baseline -0.004 -20"><span class='ocrx_word' id='word_1_98' title='bbox 378 2402 549 2487; x_wconf 90' lang='lat' dir='ltr'><strong>[Iohannes</strong></span> <span class='ocrx_word' id='word_1_99' title='bbox 571 2402 682 2485; x_wconf 88' lang='lat' dir='ltr'>XXII]</span> <span class='ocrx_word' id='word_1_100' title='bbox 706 2405 775 2486; x_wconf 88' lang='lat' dir='ltr'><strong>regi</strong></span> <span class='ocrx_word' id='word_1_101' title='bbox 800 2401 947 2466; x_wconf 85' lang='lat' dir='ltr'><strong>Francie.</strong></span> 
     </span>
    </p>

    <p class='ocr_par' dir='ltr' id='par_1_11' title="bbox 271 2507 1604 3132">
     <span class='ocr_line' id='line_1_16' title="bbox 380 2507 1604 2594; baseline -0.002 -19"><span class='ocrx_word' id='word_1_102' title='bbox 380 2511 442 2576; x_wconf 86' lang='lat' dir='ltr'><strong>Die</strong></span> <span class='ocrx_word' id='word_1_103' title='bbox 466 2509 613 2575; x_wconf 88' lang='lat' dir='ltr'>XXVIII</span> <span class='ocrx_word' id='word_1_104' title='bbox 637 2510 755 2575; x_wconf 83' lang='lat' dir='ltr'><strong>mensis</strong></span> <span class='ocrx_word' id='word_1_105' title='bbox 777 2509 914 2573; x_wconf 89' lang='lat' dir='ltr'><strong>ianuarii</strong></span> <span class='ocrx_word' id='word_1_106' title='bbox 938 2509 1119 2592; x_wconf 87' lang='lat' dir='ltr'><strong>recepimus</strong></span> <span class='ocrx_word' id='word_1_107' title='bbox 1142 2507 1268 2573; x_wconf 90' lang='lat' dir='ltr'><strong>litteras</strong></span> <span class='ocrx_word' id='word_1_108' title='bbox 1292 2508 1398 2590; x_wconf 83' lang='lat' dir='ltr'><strong>regias</strong></span> <span class='ocrx_word' id='word_1_109' title='bbox 1422 2527 1479 2594; x_wconf 94' lang='lat' dir='ltr'><strong>pro</strong></span> <span class='ocrx_word' id='word_1_110' title='bbox 1504 2514 1604 2574; x_wconf 86' lang='lat' dir='ltr'><strong>trans·</strong></span> 
     </span>
     <span class='ocr_line' id='line_1_17' title="bbox 271 2614 1604 2702; baseline -0.003 -19"><span class='ocrx_word' id='word_1_111' title='bbox 271 2620 467 2684; x_wconf 88' lang='lat' dir='ltr'><strong>latione...</strong></span> <span class='ocrx_word' id='word_1_112' title='bbox 492 2616 633 2701; x_wconf 87' lang='lat' dir='ltr'><strong>Adolpbi</strong></span> <span class='ocrx_word' id='word_1_113' title='bbox 664 2617 809 2702; x_wconf 88' lang='lat' dir='ltr'><strong>episcopi</strong></span> <span class='ocrx_word' id='word_1_114' title='bbox 832 2614 1024 2681; x_wconf 89' lang='lat' dir='ltr'><strong>Leodieusis</strong></span> <span class='ocrx_word' id='word_1_115' title='bbox 1048 2615 1090 2679; x_wconf 89' lang='lat' dir='ltr'><strong>ad</strong></span> <span class='ocrx_word' id='word_1_116' title='bbox 1116 2614 1339 2681; x_wconf 72' lang='lat' dir='ltr'><strong>coloniensem</strong></span> <span class='ocrx_word' id='word_1_117' title='bbox 1363 2616 1532 2681; x_wconf 89' lang='lat' dir='ltr'><strong>eeclesiam</strong></span> <span class='ocrx_word' id='word_1_118' title='bbox 1557 2617 1604 2680; x_wconf 88' lang='lat' dir='ltr'><strong>fa-</strong></span> 
     </span>
     <span class='ocr_line' id='line_1_18' title="bbox 272 2721 1604 2808; baseline -0.004 -17"><span class='ocrx_word' id='word_1_119' title='bbox 272 2725 397 2791; x_wconf 91' lang='lat' dir='ltr'><strong>cienda.</strong></span> <span class='ocrx_word' id='word_1_120' title='bbox 437 2725 534 2807; x_wconf 88' lang='lat' dir='ltr'><strong>Sane,</strong></span> <span class='ocrx_word' id='word_1_121' title='bbox 558 2725 602 2788; x_wconf 87' lang='lat' dir='ltr'><strong>fili</strong></span> <span class='ocrx_word' id='word_1_122' title='bbox 628 2725 801 2804; x_wconf 88' lang='lat' dir='ltr'><strong>carissime,</strong></span> <span class='ocrx_word' id='word_1_123' title='bbox 826 2721 902 2805; x_wconf 86' lang='lat' dir='ltr'><strong>quia</strong></span> <span class='ocrx_word' id='word_1_124' title='bbox 924 2728 998 2788; x_wconf 89' lang='lat' dir='ltr'><strong>ante</strong></span> <span class='ocrx_word' id='word_1_125' title='bbox 1023 2725 1237 2807; x_wconf 81' lang='lat' dir='ltr'><strong>receptionem</strong></span> <span class='ocrx_word' id='word_1_126' title='bbox 1262 2723 1440 2788; x_wconf 90' lang='lat' dir='ltr'><strong>litterarum</strong></span> <span class='ocrx_word' id='word_1_127' title='bbox 1464 2724 1604 2808; x_wconf 90' lang='lat' dir='ltr'><strong>ipsarum</strong></span> 
     </span>
     <span class='ocr_line' id='line_1_19' title="bbox 360 2829 1603 2917; baseline -0.004 -19.327"><span class='ocrx_word' id='word_1_128' title='bbox 360 2831 603 2917; x_wconf 83' lang='lat' dir='ltr'><strong>provideremus</strong></span> <span class='ocrx_word' id='word_1_129' title='bbox 632 2831 756 2916; x_wconf 88' lang='lat' dir='ltr'><strong>prefate</strong></span> <span class='ocrx_word' id='word_1_130' title='bbox 781 2831 918 2896; x_wconf 89' lang='lat' dir='ltr'><strong>ecclesie</strong></span> <span class='ocrx_word' id='word_1_131' title='bbox 942 2830 983 2895; x_wconf 92' lang='lat' dir='ltr'><strong>de</strong></span> <span class='ocrx_word' id='word_1_132' title='bbox 1010 2878 1043 2894; x_wconf 90' lang='lat'><strong>..</strong></span> <span class='ocrx_word' id='word_1_133' title='bbox 1070 2829 1232 2894; x_wconf 87' lang='lat' dir='ltr'><strong>Walramo</strong></span> <span class='ocrx_word' id='word_1_134' title='bbox 1256 2830 1356 2895; x_wconf 83' lang='lat' dir='ltr'><strong>fratre</strong></span> <span class='ocrx_word' id='word_1_135' title='bbox 1383 2880 1416 2894; x_wconf 94' lang='lat'><strong>..</strong></span> <span class='ocrx_word' id='word_1_136' title='bbox 1443 2830 1603 2897; x_wconf 82' lang='lat' dir='ltr'><strong>Guillelmi</strong></span> 
     </span>
     <span class='ocr_line' id='line_1_20' title="bbox 272 2937 1604 3022; baseline -0.002 -18"><span class='ocrx_word' id='word_1_137' title='bbox 272 2940 398 3006; x_wconf 90' lang='lat' dir='ltr'><strong>comitis</strong></span> <span class='ocrx_word' id='word_1_138' title='bbox 427 2939 615 3004; x_wconf 88' lang='lat' dir='ltr'><strong>Iuliaccnsis</strong></span> <span class='ocrx_word' id='word_1_139' title='bbox 648 2939 773 3022; x_wconf 89' lang='lat' dir='ltr'><strong>nepotis</strong></span> <span class='ocrx_word' id='word_1_140' title='bbox 807 2939 863 3020; x_wconf 90' lang='lat' dir='ltr'><strong>tui,</strong></span> <span class='ocrx_word' id='word_1_141' title='bbox 899 2958 957 3022; x_wconf 90' lang='lat' dir='ltr'><strong>pro</strong></span> <span class='ocrx_word' id='word_1_142' title='bbox 991 2956 1052 3020; x_wconf 88' lang='lat' dir='ltr'><strong>quo</strong></span> <span class='ocrx_word' id='word_1_143' title='bbox 1087 2937 1279 3002; x_wconf 82' lang='lat' dir='ltr'><strong>excellentia</strong></span> <span class='ocrx_word' id='word_1_144' title='bbox 1310 2943 1366 3003; x_wconf 89' lang='lat' dir='ltr'><strong>tua</strong></span> <span class='ocrx_word' id='word_1_145' title='bbox 1398 2937 1461 3002; x_wconf 90' lang='lat' dir='ltr'><strong>biis</strong></span> <span class='ocrx_word' id='word_1_146' title='bbox 1491 2937 1604 3003; x_wconf 89' lang='lat' dir='ltr'><strong>diebus</strong></span> 
     </span>
     <span class='ocr_line' id='line_1_21' title="bbox 271 3043 1602 3132; baseline -0.004 -19"><span class='ocrx_word' id='word_1_147' title='bbox 271 3048 448 3114; x_wconf 89' lang='lat' dir='ltr'><strong>affectuose</strong></span> <span class='ocrx_word' id='word_1_148' title='bbox 471 3047 654 3132; x_wconf 85' lang='lat' dir='ltr'><strong>scripserat,</strong></span> <span class='ocrx_word' id='word_1_149' title='bbox 678 3067 742 3110; x_wconf 88' lang='lat' dir='ltr'><strong>non</strong></span> <span class='ocrx_word' id='word_1_150' title='bbox 765 3045 871 3131; x_wconf 88' lang='lat' dir='ltr'><strong>potuit</strong></span> <span class='ocrx_word' id='word_1_151' title='bbox 894 3043 984 3109; x_wconf 90' lang='lat' dir='ltr'><strong>dicta</strong></span> <span class='ocrx_word' id='word_1_152' title='bbox 1007 3043 1175 3110; x_wconf 86' lang='lat' dir='ltr'><strong>translatio</strong></span> <span class='ocrx_word' id='word_1_153' title='bbox 1199 3043 1379 3130; x_wconf 88' lang='lat' dir='ltr'><strong>adimpleri.</strong></span> <span class='ocrx_word' id='word_1_154' title='bbox 1417 3045 1490 3110; x_wconf 89' lang='lat' dir='ltr'><strong>Dat.</strong></span> <span class='ocrx_word' id='word_1_155' title='bbox 1509 3045 1542 3109; x_wconf 95' lang='lat' dir='ltr'><strong>II</strong></span> <span class='ocrx_word' id='word_1_156' title='bbox 1558 3043 1602 3108; x_wconf 90' lang='lat' dir='ltr'><strong>kl.</strong></span> 
     </span>
    </p>
   </div>
   <div class='ocr_carea' id='block_1_10' title="bbox 270 3154 1151 3366">
    <p class='ocr_par' dir='ltr' id='par_1_12' title="bbox 270 3154 1151 3366">
     <span class='ocr_line' id='line_1_22' title="bbox 270 3154 590 3220; baseline -0.009 -1"><span class='ocrx_word' id='word_1_157' title='bbox 270 3154 423 3220; x_wconf 85' lang='lat' dir='ltr'><strong>febroarii</strong></span> <span class='ocrx_word' id='word_1_158' title='bbox 447 3176 477 3219; x_wconf 90' lang='lat' dir='ltr'><strong>a.</strong></span> <span class='ocrx_word' id='word_1_159' title='bbox 502 3154 590 3219; x_wconf 87' lang='lat' dir='ltr'>XVI.</span> 
     </span>
     <span class='ocr_line' id='line_1_23' title="bbox 429 3293 1151 3366; baseline -0.007 -16"><span class='ocrx_word' id='word_1_160' title='bbox 429 3297 502 3366; x_wconf 74' lang='lat' dir='ltr'><strong>Rep.</strong></span> <span class='ocrx_word' id='word_1_161' title='bbox 522 3297 578 3350; x_wconf 85' lang='grc'><strong>116</strong></span> <span class='ocrx_word' id='word_1_162' title='bbox 593 3311 625 3364; x_wconf 87' lang='lat' dir='ltr'><strong>p.</strong></span> <span class='ocrx_word' id='word_1_163' title='bbox 645 3295 682 3349; x_wconf 90' lang='grc' dir='ltr'><strong>ΙΙ</strong></span> <span class='ocrx_word' id='word_1_164' title='bbox 695 3295 720 3364; x_wconf 79' lang='lat' dir='ltr'><strong>f.</strong></span> <span class='ocrx_word' id='word_1_165' title='bbox 739 3294 801 3348; x_wconf 85' lang='grc'><strong>223</strong></span> <span class='ocrx_word' id='word_1_166' title='bbox 818 3309 865 3347; x_wconf 83' lang='lat' dir='ltr'><strong>nr.</strong></span> <span class='ocrx_word' id='word_1_167' title='bbox 886 3294 961 3348; x_wconf 85' lang='lat'><em>1150</em></span> <span class='ocrx_word' id='word_1_168' title='bbox 967 3308 980 3361; x_wconf 92' lang='lat'><strong>,·</strong></span> <span class='ocrx_word' id='word_1_169' title='bbox 998 3294 1050 3348; x_wconf 80' lang='lat' dir='ltr'><strong>Re.</strong></span> <span class='ocrx_word' id='word_1_170' title='bbox 1070 3293 1151 3346; x_wconf 83' lang='grc'><strong><em>1515.</em></strong></span> 
     </span>
    </p>
   </div>
   <div class='ocr_carea' id='block_1_11' title="bbox 378 3581 1077 3670">
    <p class='ocr_par' dir='ltr' id='par_1_13' title="bbox 378 3581 1077 3670">
     <span class='ocr_line' id='line_1_24' title="bbox 378 3581 1077 3670; baseline -0.007 -17"><span class='ocrx_word' id='word_1_171' title='bbox 378 3585 506 3653; x_wconf 77' lang='lat'><strong>2⁰94.</strong></span> <span class='ocrx_word' id='word_1_172' title='bbox 537 3587 622 3649; x_wconf 88' lang='grc'><strong>1332</strong></span> <span class='ocrx_word' id='word_1_173' title='bbox 646 3583 800 3649; x_wconf 83' lang='lat' dir='ltr'><strong>Februer</strong></span> <span class='ocrx_word' id='word_1_174' title='bbox 822 3585 853 3648; x_wconf 89' lang='lat'><strong>3.</strong></span> <span class='ocrx_word' id='word_1_175' title='bbox 884 3581 1077 3670; x_wconf 78' lang='lat' dir='ltr'><strong>(Aoipnoo.)</strong></span> 
     </span>
    </p>
   </div>
   <div class='ocr_carea' id='block_1_12' title="bbox 376 3734 1289 3822">
    <p class='ocr_par' dir='ltr' id='par_1_14' title="bbox 376 3734 1289 3822">
     <span class='ocr_line' id='line_1_25' title="bbox 376 3734 1289 3822; baseline -0.001 -21"><span class='ocrx_word' id='word_1_176' title='bbox 376 3737 546 3822; x_wconf 85' lang='lat' dir='ltr'><strong>[Iohannes</strong></span> <span class='ocrx_word' id='word_1_177' title='bbox 561 3736 672 3819; x_wconf 91' lang='lat' dir='ltr'>XXII]</span> <span class='ocrx_word' id='word_1_178' title='bbox 696 3735 800 3801; x_wconf 93' lang='lat' dir='ltr'><strong>eidem</strong></span> <span class='ocrx_word' id='word_1_179' title='bbox 824 3734 1068 3821; x_wconf 89' lang='lat' dir='ltr'><strong>archiepiscopo</strong></span> <span class='ocrx_word' id='word_1_180' title='bbox 1092 3736 1289 3820; x_wconf 82' lang='lat' dir='ltr'><strong>Maguutino.</strong></span> 
     </span>
    </p>
   </div>
   <div class='ocr_carea' id='block_1_13' title="bbox 272 3840 1603 4031">
    <p class='ocr_par' dir='ltr' id='par_1_15' title="bbox 272 3840 1603 4031">
     <span class='ocr_line' id='line_1_26' title="bbox 378 3840 1603 3928; baseline -0.005 -17"><span class='ocrx_word' id='word_1_181' title='bbox 378 3846 408 3911; x_wconf 92' lang='lat' dir='ltr'>N</span> <span class='ocrx_word' id='word_1_182' title='bbox 410 3866 450 3910; x_wconf 92' lang='lat' dir='ltr'><strong>on</strong></span> <span class='ocrx_word' id='word_1_183' title='bbox 475 3845 543 3909; x_wconf 90' lang='lat' dir='ltr'><strong>sine</strong></span> <span class='ocrx_word' id='word_1_184' title='bbox 567 3843 780 3908; x_wconf 87' lang='lat' dir='ltr'><strong>admiratione</strong></span> <span class='ocrx_word' id='word_1_185' title='bbox 796 3864 914 3926; x_wconf 80' lang='lat' dir='ltr'><strong>magna</strong></span> <span class='ocrx_word' id='word_1_186' title='bbox 931 3841 1140 3928; x_wconf 89' lang='lat' dir='ltr'><strong>displicenter</strong></span> <span class='ocrx_word' id='word_1_187' title='bbox 1154 3842 1280 3928; x_wconf 92' lang='lat' dir='ltr'><strong>pridem</strong></span> <span class='ocrx_word' id='word_1_188' title='bbox 1296 3841 1489 3926; x_wconf 86' lang='lat' dir='ltr'><strong>accepimus,</strong></span> <span class='ocrx_word' id='word_1_189' title='bbox 1507 3840 1603 3924; x_wconf 90' lang='lat' dir='ltr'><strong>quod,</strong></span> 
     </span>
     <span class='ocr_line' id='line_1_27' title="bbox 272 3944 1603 4031; baseline -0.002 -18"><span class='ocrx_word' id='word_1_190' title='bbox 272 3949 349 4014; x_wconf 85' lang='lat' dir='ltr'><strong>lieet</strong></span> <span class='ocrx_word' id='word_1_191' title='bbox 373 3954 407 4012; x_wconf 89' lang='lat' dir='ltr'><strong>tu</strong></span> <span class='ocrx_word' id='word_1_192' title='bbox 432 3946 551 4013; x_wconf 88' lang='lat' dir='ltr'><strong>dudum</strong></span> <span class='ocrx_word' id='word_1_193' title='bbox 585 3947 677 4012; x_wconf 92' lang='lat' dir='ltr'><strong>uobis</strong></span> <span class='ocrx_word' id='word_1_194' title='bbox 710 3965 768 4031; x_wconf 90' lang='lat' dir='ltr'><strong>per</strong></span> <span class='ocrx_word' id='word_1_195' title='bbox 801 3953 873 4011; x_wconf 86' lang='lat' dir='ltr'><strong>tuas</strong></span> <span class='ocrx_word' id='word_1_196' title='bbox 905 3944 1031 4011; x_wconf 85' lang='lat' dir='ltr'><strong>litteras</strong></span> <span class='ocrx_word' id='word_1_197' title='bbox 1066 3966 1137 4010; x_wconf 92' lang='lat' dir='ltr'><strong>cum</strong></span> <span class='ocrx_word' id='word_1_198' title='bbox 1170 3947 1325 4012; x_wconf 88' lang='lat' dir='ltr'><strong>instantia</strong></span> <span class='ocrx_word' id='word_1_199' title='bbox 1353 3945 1603 4031; x_wconf 68' lang='lat' dir='ltr'><strong>supplicaverim,</strong></span> 
     </span>
    </p>
   </div>
   <div class='ocr_carea' id='block_1_14' title="bbox 271 4050 1604 4890">
    <p class='ocr_par' dir='ltr' id='par_1_16' title="bbox 271 4050 1604 4890">
     <span class='ocr_line' id='line_1_28' title="bbox 272 4050 1602 4139; baseline -0.004 -18"><span class='ocrx_word' id='word_1_200' title='bbox 272 4054 359 4139; x_wconf 91' lang='lat' dir='ltr'><strong>quod</strong></span> <span class='ocrx_word' id='word_1_201' title='bbox 381 4054 616 4139; x_wconf 88' lang='lat' dir='ltr'><strong>preposituram</strong></span> <span class='ocrx_word' id='word_1_202' title='bbox 644 4052 781 4120; x_wconf 87' lang='lat' dir='ltr'><strong>ecclesie</strong></span> <span class='ocrx_word' id='word_1_203' title='bbox 806 4052 984 4119; x_wconf 89' lang='lat' dir='ltr'><strong>Bunnensis</strong></span> <span class='ocrx_word' id='word_1_204' title='bbox 1009 4052 1119 4118; x_wconf 81' lang='lat' dir='ltr'><strong>Colon.</strong></span> <span class='ocrx_word' id='word_1_205' title='bbox 1145 4050 1228 4118; x_wconf 85' lang='lat' dir='ltr'><strong>dioc.</strong></span> <span class='ocrx_word' id='word_1_206' title='bbox 1259 4052 1348 4117; x_wconf 91' lang='lat' dir='ltr'><strong>euius</strong></span> <span class='ocrx_word' id='word_1_207' title='bbox 1372 4052 1602 4138; x_wconf 89' lang='lat' dir='ltr'><strong>possessionem</strong></span> 
     </span>
     <span class='ocr_line' id='line_1_29' title="bbox 272 4158 1601 4260; baseline -0.004 -32"><span class='ocrx_word' id='word_1_208' title='bbox 272 4161 388 4241; x_wconf 90' lang='lat' dir='ltr'><strong>adhue,</strong></span> <span class='ocrx_word' id='word_1_209' title='bbox 424 4162 501 4226; x_wconf 90' lang='lat' dir='ltr'><strong>lieet</strong></span> <span class='ocrx_word' id='word_1_210' title='bbox 529 4167 733 4227; x_wconf 87' lang='lat' dir='ltr'><strong>consecratus</strong></span> <span class='ocrx_word' id='word_1_211' title='bbox 756 4160 923 4243; x_wconf 81' lang='lat' dir='ltr'><strong>existeres,</strong></span> <span class='ocrx_word' id='word_1_212' title='bbox 958 4160 1177 4242; x_wconf 79' lang='lat' dir='ltr'><strong>Ineumuebas,</strong></span> <span class='ocrx_word' id='word_1_213' title='bbox 1217 4158 1335 4225; x_wconf 87' lang='lat' dir='ltr'><strong>dilecto</strong></span> <span class='ocrx_word' id='word_1_214' title='bbox 1359 4159 1423 4260; x_wconf 70' lang='lat' dir='ltr'><strong>d¹i⁰</strong></span> <span class='ocrx_word' id='word_1_215' title='bbox 1448 4159 1601 4243; x_wconf 76' lang='lat' dir='ltr'><strong>magistro</strong></span> 
     </span>
     <span class='ocr_line' id='line_1_30' title="bbox 273 4267 1604 4354; baseline -0.002 -20"><span class='ocrx_word' id='word_1_216' title='bbox 273 4268 437 4334; x_wconf 89' lang='lat' dir='ltr'><strong>Bemardo</strong></span> <span class='ocrx_word' id='word_1_217' title='bbox 454 4268 610 4354; x_wconf 86' lang='lat' dir='ltr'><strong>Stephani</strong></span> <span class='ocrx_word' id='word_1_218' title='bbox 629 4317 636 4332; x_wconf 91' lang='lat'>.</span> <span class='ocrx_word' id='word_1_219' title='bbox 655 4317 662 4330; x_wconf 93' lang='lat'><strong>.</strong></span> <span class='ocrx_word' id='word_1_220' title='bbox 681 4317 688 4331; x_wconf 95' lang='lat'>.</span> <span class='ocrx_word' id='word_1_221' title='bbox 705 4269 830 4331; x_wconf 91' lang='lat' dir='ltr'><strong>notario</strong></span> <span class='ocrx_word' id='word_1_222' title='bbox 854 4274 962 4333; x_wconf 88' lang='lat' dir='ltr'><strong>nostro</strong></span> <span class='ocrx_word' id='word_1_223' title='bbox 987 4267 1192 4351; x_wconf 83' lang='lat' dir='ltr'><strong>dignaremur</strong></span> <span class='ocrx_word' id='word_1_224' title='bbox 1215 4267 1371 4349; x_wconf 83' lang='lat' dir='ltr'><strong>conferre,</strong></span> <span class='ocrx_word' id='word_1_225' title='bbox 1396 4285 1517 4349; x_wconf 89' lang='lat' dir='ltr'><strong>nosque</strong></span> <span class='ocrx_word' id='word_1_226' title='bbox 1541 4267 1604 4331; x_wconf 90' lang='lat' dir='ltr'><strong>tuis</strong></span> 
     </span>
     <span class='ocr_line' id='line_1_31' title="bbox 272 4373 1603 4463; baseline -0.003 -21"><span class='ocrx_word' id='word_1_227' title='bbox 272 4376 456 4463; x_wconf 89' lang='lat' dir='ltr'><strong>specialiter</strong></span> <span class='ocrx_word' id='word_1_228' title='bbox 479 4375 602 4440; x_wconf 88' lang='lat' dir='ltr'><strong>inducti</strong></span> <span class='ocrx_word' id='word_1_229' title='bbox 626 4373 916 4461; x_wconf 85' lang='lat' dir='ltr'><strong>supplicatIonibus</strong></span> <span class='ocrx_word' id='word_1_230' title='bbox 939 4374 1059 4440; x_wconf 86' lang='lat' dir='ltr'><strong>dietam</strong></span> <span class='ocrx_word' id='word_1_231' title='bbox 1085 4375 1318 4459; x_wconf 89' lang='lat' dir='ltr'><strong>preposituram</strong></span> <span class='ocrx_word' id='word_1_232' title='bbox 1342 4373 1402 4439; x_wconf 93' lang='lat' dir='ltr'><strong>sibi</strong></span> <span class='ocrx_word' id='word_1_233' title='bbox 1420 4373 1603 4439; x_wconf 83' lang='lat' dir='ltr'><strong>duxerimus</strong></span> 
     </span>
     <span class='ocr_line' id='line_1_32' title="bbox 272 4481 1601 4567; baseline -0.002 -19"><span class='ocrx_word' id='word_1_234' title='bbox 272 4482 509 4566; x_wconf 81' lang='lat' dir='ltr'><strong>conferendam,</strong></span> <span class='ocrx_word' id='word_1_235' title='bbox 550 4489 585 4548; x_wconf 89' lang='lat' dir='ltr'><strong>tu</strong></span> <span class='ocrx_word' id='word_1_236' title='bbox 620 4489 728 4548; x_wconf 90' lang='lat' dir='ltr'><strong>tamen</strong></span> <span class='ocrx_word' id='word_1_237' title='bbox 755 4533 762 4546; x_wconf 93' lang='lat'><strong>.</strong></span> <span class='ocrx_word' id='word_1_238' title='bbox 792 4531 799 4546; x_wconf 93' lang='lat'>.</span> <span class='ocrx_word' id='word_1_239' title='bbox 830 4531 837 4545; x_wconf 92' lang='lat'><strong>.</strong></span> <span class='ocrx_word' id='word_1_240' title='bbox 878 4482 977 4566; x_wconf 90' lang='lat' dir='ltr'><strong>ipsius</strong></span> <span class='ocrx_word' id='word_1_241' title='bbox 1006 4482 1207 4567; x_wconf 90' lang='lat' dir='ltr'><strong>prepositure</strong></span> <span class='ocrx_word' id='word_1_242' title='bbox 1247 4482 1479 4567; x_wconf 87' lang='lat' dir='ltr'><strong>possessiouem</strong></span> <span class='ocrx_word' id='word_1_243' title='bbox 1515 4481 1601 4566; x_wconf 88' lang='lat' dir='ltr'><strong>paui·</strong></span> 
     </span>
     <span class='ocr_line' id='line_1_33' title="bbox 271 4587 1601 4677; baseline -0.002 -22"><span class='ocrx_word' id='word_1_244' title='bbox 271 4590 365 4656; x_wconf 85' lang='lat' dir='ltr'><strong>licam</strong></span> <span class='ocrx_word' id='word_1_245' title='bbox 389 4589 647 4677; x_wconf 89' lang='lat' dir='ltr'><strong>procuratoribus</strong></span> <span class='ocrx_word' id='word_1_246' title='bbox 671 4589 750 4655; x_wconf 90' lang='lat' dir='ltr'><strong>dieti</strong></span> <span class='ocrx_word' id='word_1_247' title='bbox 774 4591 890 4655; x_wconf 88' lang='lat' dir='ltr'><strong>notarii</strong></span> <span class='ocrx_word' id='word_1_248' title='bbox 914 4588 1076 4654; x_wconf 87' lang='lat' dir='ltr'><strong>dimittere</strong></span> <span class='ocrx_word' id='word_1_249' title='bbox 1105 4587 1309 4654; x_wconf 88' lang='lat' dir='ltr'><strong>contradicis.</strong></span> <span class='ocrx_word' id='word_1_250' title='bbox 1354 4588 1601 4654; x_wconf 76' lang='lat' dir='ltr'><strong>Fratemitatem</strong></span> 
     </span>
     <span class='ocr_line' id='line_1_34' title="bbox 273 4696 1603 4783; baseline -0.002 -21"><span class='ocrx_word' id='word_1_251' title='bbox 273 4700 383 4780; x_wconf 87' lang='lat' dir='ltr'><strong>itaque</strong></span> <span class='ocrx_word' id='word_1_252' title='bbox 407 4705 494 4763; x_wconf 88' lang='lat' dir='ltr'><strong>tuam</strong></span> <span class='ocrx_word' id='word_1_253' title='bbox 519 4717 669 4780; x_wconf 85' lang='lat' dir='ltr'><strong>rogamus</strong></span> <span class='ocrx_word' id='word_1_254' title='bbox 697 4703 730 4763; x_wconf 88' lang='lat' dir='ltr'><strong>e&#39;t</strong></span> <span class='ocrx_word' id='word_1_255' title='bbox 756 4698 920 4762; x_wconf 89' lang='lat' dir='ltr'><strong>hortamur</strong></span> <span class='ocrx_word' id='word_1_256' title='bbox 942 4703 1074 4779; x_wconf 88' lang='lat' dir='ltr'><strong>attente,</strong></span> <span class='ocrx_word' id='word_1_257' title='bbox 1106 4697 1166 4762; x_wconf 93' lang='lat' dir='ltr'><strong>tibi</strong></span> <span class='ocrx_word' id='word_1_258' title='bbox 1193 4717 1251 4783; x_wconf 92' lang='lat' dir='ltr'><strong>per</strong></span> <span class='ocrx_word' id='word_1_259' title='bbox 1279 4696 1456 4782; x_wconf 86' lang='lat' dir='ltr'><strong>apostolica</strong></span> <span class='ocrx_word' id='word_1_260' title='bbox 1483 4696 1603 4780; x_wconf 84' lang='lat' dir='ltr'><strong>scripta</strong></span> 
     </span>
     <span class='ocr_line' id='line_1_35' title="bbox 272 4803 1602 4890; baseline -0.002 -18"><span class='ocrx_word' id='word_1_261' title='bbox 272 4805 448 4874; x_wconf 90' lang='lat' dir='ltr'><strong>districtius</strong></span> <span class='ocrx_word' id='word_1_262' title='bbox 486 4804 704 4889; x_wconf 86' lang='lat' dir='ltr'><strong>iniungentes,</strong></span> <span class='ocrx_word' id='word_1_263' title='bbox 754 4805 904 4886; x_wconf 84' lang='lat' dir='ltr'><strong>quatinus</strong></span> <span class='ocrx_word' id='word_1_264' title='bbox 944 4804 1176 4890; x_wconf 91' lang='lat' dir='ltr'><strong>possessionem</strong></span> <span class='ocrx_word' id='word_1_265' title='bbox 1218 4803 1360 4870; x_wconf 90' lang='lat' dir='ltr'><strong>eiusdem</strong></span> <span class='ocrx_word' id='word_1_266' title='bbox 1404 4803 1602 4890; x_wconf 89' lang='lat' dir='ltr'><strong>prepositure</strong></span> 
     </span>
    </p>
   </div>
   <div class='ocr_carea' id='block_1_15' title="bbox 0 0 1826 5509">
    <p class='ocr_par' dir='ltr' id='par_1_17' title="bbox 0 0 1826 5509">
     <span class='ocr_line' id='line_1_36' title="bbox 0 0 1826 5509; baseline 0 0"><span class='ocrx_word' id='word_1_267' title='bbox 0 0 1826 5509; x_wconf 95' lang='lat' dir='ltr'><strong> </strong></span> 
     </span>
    </p>
   </div>
  </div>
 </body>
</html>
