3642 5509
757 472 826 528 1329
845 471 977 529 October
995 471 1037 528 99.
1496 471 1549 531 283

214 656 306 718 textu
339 652 426 720 dIcte
458 654 563 738 gratie
594 653 758 739 provideri
791 674 889 738 seque
922 656 954 719 in
989 654 1058 720 eius
1088 654 1285 739 corporalem
1314 655 1547 740 possessionem

214 759 293 826 fecit
317 760 436 828 Induci.
486 764 600 828 Verum
627 769 691 828 tam
717 762 882 829 abbatissa
910 762 1039 848 prefata
1062 783 1185 829 necnon
1210 765 1364 828 canonice
1387 765 1547 830 seculares

215 868 358 934 eiusdem
389 870 525 937 ecclesie
550 870 755 936 Assindensis
779 891 873 953 qnam
898 869 1029 953 quidam
1054 871 1181 936 nomine
1206 869 1400 953 Wolfardus,
1435 870 1488 953 qui
1513 891 1548 938 se

215 973 345 1041 dicebat
373 976 416 1042 ad
447 976 567 1042 dictam
599 976 834 1062 parrochialem
864 978 1033 1042 ecclesiam
1058 984 1285 1062 presentatum,
1315 998 1349 1044 sc
1372 977 1547 1063 provisioni

215 1082 398 1151 huiusmodi
414 1083 502 1150 dicto
519 1083 662 1150 Iohanne
678 1083 767 1149 facte
785 1134 792 1148 .
811 1133 818 1148 .
838 1134 844 1148 .
862 1103 1024 1169 opponere
1042 1091 1243 1167 curaverunt,
1268 1091 1401 1168 ortaque
1417 1093 1549 1170 propter

215 1192 277 1259 hoc
299 1192 383 1257 inter
413 1191 518 1257 dictas
546 1197 655 1276 partes
678 1192 814 1256 materia
838 1192 1013 1274 questionis
1039 1190 1158 1256 diutIus
1182 1192 1264 1257 inter
1288 1199 1395 1277 partes
1419 1191 1548 1257 easdem

215 1319 311 1385 super
334 1299 422 1366 dicta
445 1298 583 1365 ecclesia
606 1299 706 1365 fuisse
730 1298 848 1364 dicitur
871 1299 903 1362 in
920 1299 1067 1364 Romana
1091 1299 1179 1365 curia
1202 1299 1362 1383 litigatum
1387 1306 1419 1364 et
1442 1299 1549 1365 adhuc

216 1407 313 1473 etiam
336 1408 491 1492 litigatur.
539 1406 618 1472 Cum
647 1412 765 1488 autem,
799 1407 883 1471 sicut
912 1407 1105 1492 accepimus,
1139 1426 1177 1472 eo
1208 1413 1362 1491 tempore,
1394 1427 1457 1490 qno
1480 1427 1548 1492 pre-

215 1516 301 1581 fatus
324 1512 546 1581 Theodericus
579 1512 620 1578 de
652 1513 741 1579 facto
774 1513 837 1578 ruit
867 1512 988 1578 dietam
1014 1512 1246 1599 parrochialem
1271 1513 1441 1580 ecclesiam
1465 1533 1548 1582 asse·

216 1629 317 1705 cutus,
341 1621 455 1689 cadem
479 1621 617 1687 ecelesia
641 1627 730 1686 tanto
754 1628 896 1706 tempore
913 1621 1105 1704 vacavisset,
1130 1620 1216 1704 quod
1240 1623 1308 1688 eins
1330 1622 1459 1688 collatio
1479 1627 1549 1688 erat

215 1728 390 1796 adsedem
414 1729 625 1815 apostoIIcam
648 1728 823 1795 secundum
847 1728 1075 1794 Laterancnsis
1105 1734 1226 1794 statuta
1255 1729 1381 1796 concilii
1406 1729 1549 1813 legitime

216 1835 367 1903 devoluta
399 1838 508 1919 itaque
537 1855 594 1921 per
623 1836 724 1920 ipsine
748 1834 942 1901 Theoderici
967 1836 1217 1918 resignationem
1246 1885 1253 1900 .
1282 1885 1289 1900 .
1317 1885 1324 1900 .
1354 1836 1441 1901 nulla
1465 1857 1549 1902 nova

216 1943 357 2009 eiusdem
394 1944 530 2009 ecclesie
565 1944 627 2008 fuit
659 1943 794 2009 inducta
831 1943 973 2026 vacatio,
1016 1943 1073 2008 sed
1102 1945 1173 2028 ipsa
1202 1944 1340 2011 ecclesia
1375 1943 1548 2009 secundum

215 2050 370 2135 premissa
393 2057 491 2116 antea
514 2050 653 2115 vacabat
677 2057 710 2115 et
733 2049 841 2115 adhuc
864 2056 971 2132 vacat,
995 2070 1054 2114 nos
1071 2099 1078 2110 .
1097 2099 1130 2115 ..
1158 2051 1290 2116 obtentu
1313 2098 1371 2115 ...
1397 2051 1549 2116 Iohannis

215 2158 301 2238 regIs
324 2157 456 2223 Boemie
479 2157 611 2224 illustris
639 2205 698 2222 ...
728 2157 940 2243 supplicantis
969 2207 1001 2222 ..
1033 2156 1217 2223 discretioni
1242 2163 1349 2224 vestre
1375 2207 1434 2222 ...
1463 2179 1548 2224 man·

215 2263 338 2346 damus,
372 2265 521 2347 quatinus
632 2266 660 2330 si
684 2265 776 2331 vobin
804 2264 995 2346 constiterit,
1029 2264 1114 2348 quod
1151 2264 1240 2330 dicta
1263 2264 1474 2350 parrochialis
1498 2285 1549 2331 ec-

216 2371 314 2437 clesia
342 2376 432 2436 tanto
460 2378 604 2457 tempore
627 2373 757 2438 vacavit
786 2422 845 2437 ...
875 2371 1011 2438 eandem
1041 2372 1275 2457 parrochialem
1299 2372 1469 2438 eeclesiam
1488 2422 1495 2437 .
1514 2421 1548 2437 ..

215 2477 320 2543 eidem
343 2477 478 2544 Iohanni
507 2478 548 2544 de
576 2479 749 2545 hlonticulo
782 2480 833 2546 vel
865 2481 1066 2565 procuratori
1099 2499 1157 2546 suo
1275 2479 1419 2546 conferre
1443 2485 1476 2545 ct
1498 2501 1549 2546 as·

215 2586 344 2670 signare
368 2586 506 2651 curetis.
525 2634 558 2651 ..
584 2607 648 2651 non
671 2586 897 2653 obstantibus.
917 2641 923 2655 .
942 2635 950 2651 .
969 2586 1053 2669 quod
1079 2586 1183 2652 eidem
1208 2586 1342 2652 Iohanni
1367 2583 1409 2652 dc
1432 2586 1548 2652 Monti-

216 2693 288 2758 eulo
323 2690 365 2758 de
398 2694 590 2759 canonicatu
622 2693 764 2760 eiusdem
797 2695 935 2760 ccclesIe
968 2693 1001 2758 S.
1027 2693 1194 2760 Gertrudis
1228 2714 1299 2761 cum
1332 2695 1549 2760 reservatione

216 2798 380 2884 prebende
403 2801 596 2866 auctoritate
619 2801 799 2886 apostoliea
822 2801 865 2868 sit
888 2802 1050 2885 provisum
1074 2807 1131 2866 ant
1154 2801 1241 2884 qnod
1264 2803 1297 2866 in
1314 2803 1391 2875 iure,
1416 2800 1500 2884 qnod
1517 2801 1550 2866 in

217 2909 407 2973 canonicatu
430 2913 463 2973 et
486 2908 652 2993 prebenda
675 2909 812 2973 ecclesie
835 2909 869 2973 S.
886 2908 1010 2973 FlorIni
1034 2909 1066 2973 in
1091 2906 1292 2974 Confluentis
1316 2909 1448 2974 Trever.
1466 2906 1549 2977 dioc.

217 3013 377 3095 quondam
402 3014 541 3080 Henrico
574 3014 662 3081 dicto
692 3014 733 3080 dc
757 3015 974 3100 Aspinsheym
998 3015 1126 3098 clerico,
1158 3014 1233 3080 dum
1257 3015 1390 3099 viveret,
1424 3036 1549 3101 compc-

217 3120 316 3203 tebat,
350 3142 408 3206 pro
439 3123 554 3205 quihus
577 3124 674 3188 etiam
698 3121 785 3189 idern
809 3123 967 3189 Henricus
990 3123 1022 3188 in
1045 3121 1191 3187 Romana
1218 3142 1305 3206 eura,
1340 3121 1471 3188 durnin
1495 3123 1551 3188 hu·

216 3229 319 3294 manis
342 3235 465 3312 ageret,
489 3229 648 3312 litigebat,
673 3229 758 3294 idem
776 3229 928 3294 IohannIs
951 3249 1009 3314 per
1032 3236 1157 3295 nostras
1182 3231 1260 3294 certi
1285 3230 1404 3295 tenoris
1427 3230 1550 3296 litteras

215 3333 316 3401 fuisse
340 3334 457 3401 dicitur
480 3337 683 3420 subrogatus,
717 3356 774 3403 sen
807 3335 892 3418 quod
923 3335 964 3402 de
994 3335 1223 3401 consuetudine
1248 3337 1280 3400 in
1305 3336 1417 3401 cadem
1442 3337 1549 3402 Assin-

217 3439 308 3506 densi
339 3441 438 3507 inisse
466 3441 583 3508 dicitur
607 3445 822 3526 observatum,
858 3442 943 3525 quod
968 3442 1056 3507 dicta
1080 3443 1289 3527 parrochialis
1313 3444 1451 3509 eccleSIa
1473 3464 1548 3509 non·

215 3547 292 3630 nisi,
309 3549 473 3616 canonicis
506 3550 647 3615 ciusdem
672 3550 877 3616 Assindensia
911 3549 1049 3616 ecclesie
1083 3551 1275 3615 conteratur.
1324 3550 1474 3616 Volumus
1502 3551 1549 3614 in-

216 3674 321 3738 super,
358 3654 495 3738 quodsi
519 3656 655 3723 forsitan
690 3677 753 3721 non
789 3662 960 3740 constaret,
997 3657 1200 3722 collationem
1236 3656 1380 3722 eiusdem
1413 3657 1549 3723 ecclesie

217 3761 427 3846 parrochialis
462 3762 504 3827 ad
539 3783 597 3829 nos
633 3764 731 3830 luisse
765 3764 826 3829 hac
862 3765 934 3830 viee
967 3763 1078 3847 vigore
1111 3763 1189 3830 dicti
1224 3765 1349 3830 concilii
1386 3763 1548 3846 devoluta,

216 3868 321 3933 eidem
344 3868 480 3934 Iohanni
503 3870 553 3936 ius
576 3870 700 3937 salvum
724 3877 900 3953 remaneat,
925 3872 951 3936 si
977 3869 1060 3953 quod
1085 3870 1146 3936 sibi
1169 3871 1202 3935 in
1226 3869 1315 3936 dicta
1338 3870 1477 3936 ecclesIa
1501 3878 1550 3936 est

216 3976 376 4058 quesitum
408 3978 520 4060 vigore
553 3976 735 4042 collationis
763 3983 795 4043 et
824 3976 930 4062 gratie
954 3975 1181 4062 predictarum,
1216 3976 1364 4060 quodque
1387 3976 1415 4042 si
1440 3977 1548 4042 Iorsan

216 4082 353 4148 eundem
388 4083 563 4149 Iohannem
599 4085 791 4149 auctoritate
825 4083 974 4170 predicta
1010 4085 1181 4168 contigerit
1215 4086 1341 4166 assequi
1378 4083 1549 4150 ecclesiam

215 4189 418 4274 prelibatam,
452 4189 597 4276 predicte
629 4190 753 4276 priores
785 4192 894 4256 littere
920 4239 979 4256 ...
1006 4191 1122 4256 nullius
1145 4191 1284 4256 existant
1308 4190 1434 4276 penitus
1457 4189 1550 4256 firmi·

216 4298 293 4363 tatis
311 4347 317 4362 .
336 4345 370 4362 ..
394 4296 471 4363 Dat.
489 4299 582 4363 Avin.
600 4299 634 4362 II
657 4318 758 4364 nonas
781 4299 964 4364 novembris
988 4319 1017 4364 a.
1043 4296 1293 4381 quartodecimo.

378 4423 450 4492 Ray.
471 4423 509 4476 93
527 4439 574 4476 aar⁴
594 4425 656 4477 157.

322 4709 446 4775 180⁰.
478 4711 563 4775 1329
587 4713 773 4776 November
798 4715 826 4777 7.
855 4711 1020 4798 Aoiqooo.

323 4851 483 4918 Iohannes
506 4853 605 4918 XXII
638 4853 711 4920 Ade
739 4852 781 4920 de
804 4853 990 4940 Leghenich
1021 4856 1138 4923 clerico
1163 4856 1271 4922 Colon.
1297 4855 1380 4925 dice.
1406 4862 1549 4924 reservat
