<?xml version="1.0" encoding="UTF-8"?>
<!DOCTYPE html PUBLIC "-//W3C//DTD XHTML 1.0 Transitional//EN"
    "http://www.w3.org/TR/xhtml1/DTD/xhtml1-transitional.dtd">
<html xmlns="http://www.w3.org/1999/xhtml" xml:lang="en" lang="en">
 <head>
  <title>
</title>
<meta http-equiv="Content-Type" content="text/html;charset=utf-8" />
  <meta name='ocr-system' content='tesseract 3.04.00' />
  <meta name='ocr-capabilities' content='ocr_page ocr_carea ocr_par ocr_line ocrx_word'/>
</head>
<body>
  <div class='ocr_page' id='page_1' title='image "./urkundenundrege00thimgoog_0546.png"; bbox 0 0 3642 5509; ppageno 0'>
   <div class='ocr_carea' id='block_1_1' title="bbox 779 428 1555 486">
    <p class='ocr_par' dir='ltr' id='par_1_1' title="bbox 779 428 1555 486">
     <span class='ocr_line' id='line_1_1' title="bbox 779 428 1555 486; baseline 0.003 -2"><span class='ocrx_word' id='word_1_1' title='bbox 779 429 847 486; x_wconf 75' lang='lat'><strong>1337</strong></span> <span class='ocrx_word' id='word_1_2' title='bbox 865 429 949 485; x_wconf 73' lang='lat' dir='ltr'><strong>bibra</strong></span> <span class='ocrx_word' id='word_1_3' title='bbox 968 428 1011 483; x_wconf 87' lang='grc'><strong>12.</strong></span> <span class='ocrx_word' id='word_1_4' title='bbox 1501 429 1555 486; x_wconf 76' lang='lat'><strong>517</strong></span> 
     </span>
    </p>
   </div>
   <div class='ocr_carea' id='block_1_2' title="bbox 219 604 1556 1214">
    <p class='ocr_par' dir='ltr' id='par_1_2' title="bbox 219 604 1556 1214">
     <span class='ocr_line' id='line_1_2' title="bbox 220 604 1554 696; baseline 0.006 -28"><span class='ocrx_word' id='word_1_5' title='bbox 220 604 311 672; x_wconf 91' lang='lat' dir='ltr'><strong>nobis</strong></span> <span class='ocrx_word' id='word_1_6' title='bbox 344 609 506 677; x_wconf 89' lang='lat' dir='ltr'><strong>humiliter</strong></span> <span class='ocrx_word' id='word_1_7' title='bbox 537 611 742 696; x_wconf 77' lang='lat' dir='ltr'><strong>supplicavit,</strong></span> <span class='ocrx_word' id='word_1_8' title='bbox 776 611 808 675; x_wconf 94' lang='lat' dir='ltr'><strong>in</strong></span> <span class='ocrx_word' id='word_1_9' title='bbox 841 608 955 676; x_wconf 87' lang='lat' dir='ltr'><strong>eadem</strong></span> <span class='ocrx_word' id='word_1_10' title='bbox 989 610 1128 676; x_wconf 87' lang='lat' dir='ltr'><strong>ecclesia</strong></span> <span class='ocrx_word' id='word_1_11' title='bbox 1151 609 1184 678; x_wconf 80' lang='lat' dir='ltr'><strong>S.</strong></span> <span class='ocrx_word' id='word_1_12' title='bbox 1212 609 1315 676; x_wconf 87' lang='lat' dir='ltr'><strong>Marie</strong></span> <span class='ocrx_word' id='word_1_13' title='bbox 1340 611 1477 696; x_wconf 88' lang='lat' dir='ltr'><strong>amplius</strong></span> <span class='ocrx_word' id='word_1_14' title='bbox 1500 611 1554 676; x_wconf 91' lang='lat' dir='ltr'><strong>ho-</strong></span> 
     </span>
     <span class='ocr_line' id='line_1_3' title="bbox 219 717 1555 802; baseline 0.004 -24"><span class='ocrx_word' id='word_1_15' title='bbox 219 735 343 800; x_wconf 86' lang='lat' dir='ltr'><strong>norare,</strong></span> <span class='ocrx_word' id='word_1_16' title='bbox 455 718 643 785; x_wconf 88' lang='lat' dir='ltr'><strong>discretioni</strong></span> <span class='ocrx_word' id='word_1_17' title='bbox 668 725 773 785; x_wconf 85' lang='lat' dir='ltr'><strong>vestre</strong></span> <span class='ocrx_word' id='word_1_18' title='bbox 797 768 857 784; x_wconf 90' lang='lat'><strong>...</strong></span> <span class='ocrx_word' id='word_1_19' title='bbox 884 717 1084 798; x_wconf 86' lang='lat' dir='ltr'><strong>mandamus,</strong></span> <span class='ocrx_word' id='word_1_20' title='bbox 1109 718 1259 800; x_wconf 78' lang='lat' dir='ltr'><strong>quatinus</strong></span> <span class='ocrx_word' id='word_1_21' title='bbox 1285 765 1292 779; x_wconf 93' lang='lat'>.</span> <span class='ocrx_word' id='word_1_22' title='bbox 1314 767 1319 780; x_wconf 95' lang='lat'><em>.</em></span> <span class='ocrx_word' id='word_1_23' title='bbox 1341 767 1348 782; x_wconf 94' lang='lat'><strong>.</strong></span> <span class='ocrx_word' id='word_1_24' title='bbox 1374 719 1401 783; x_wconf 93' lang='lat' dir='ltr'><strong>si</strong></span> <span class='ocrx_word' id='word_1_25' title='bbox 1425 725 1474 784; x_wconf 90' lang='lat' dir='ltr'><strong>est</strong></span> <span class='ocrx_word' id='word_1_26' title='bbox 1497 717 1555 802; x_wconf 87' lang='lat' dir='ltr'><strong>ita,</strong></span> 
     </span>
     <span class='ocr_line' id='line_1_4' title="bbox 220 821 1556 906; baseline 0.001 -19"><span class='ocrx_word' id='word_1_27' title='bbox 220 821 399 906; x_wconf 87' lang='lat' dir='ltr'><strong>predictum</strong></span> <span class='ocrx_word' id='word_1_28' title='bbox 425 825 642 892; x_wconf 89' lang='lat' dir='ltr'><strong>decanatum.</strong></span> <span class='ocrx_word' id='word_1_29' title='bbox 663 875 670 890; x_wconf 93' lang='lat'>.</span> <span class='ocrx_word' id='word_1_30' title='bbox 691 825 978 891; x_wconf 78' lang='lat' dir='ltr'><strong>‚eidemflenrieo</strong></span> <span class='ocrx_word' id='word_1_31' title='bbox 1001 825 1194 890; x_wconf 88' lang='lat' dir='ltr'><strong>auctoritate</strong></span> <span class='ocrx_word' id='word_1_32' title='bbox 1217 831 1329 890; x_wconf 91' lang='lat' dir='ltr'><strong>nostra</strong></span> <span class='ocrx_word' id='word_1_33' title='bbox 1352 826 1499 890; x_wconf 86' lang='lat' dir='ltr'><strong>conferre</strong></span> <span class='ocrx_word' id='word_1_34' title='bbox 1522 832 1556 891; x_wconf 90' lang='lat' dir='ltr'><strong>et</strong></span> 
     </span>
     <span class='ocr_line' id='line_1_5' title="bbox 220 930 1555 1016; baseline 0.002 -21"><span class='ocrx_word' id='word_1_35' title='bbox 220 930 385 1016; x_wconf 85' lang='lat' dir='ltr'><strong>assignare</strong></span> <span class='ocrx_word' id='word_1_36' title='bbox 416 934 534 999; x_wconf 87' lang='lat' dir='ltr'><strong>curetis</strong></span> <span class='ocrx_word' id='word_1_37' title='bbox 560 981 620 998; x_wconf 91' lang='lat'><strong>...</strong></span> <span class='ocrx_word' id='word_1_38' title='bbox 652 954 716 999; x_wconf 92' lang='lat' dir='ltr'><strong>non</strong></span> <span class='ocrx_word' id='word_1_39' title='bbox 747 932 949 998; x_wconf 80' lang='lat' dir='ltr'><strong>obstantibus</strong></span> <span class='ocrx_word' id='word_1_40' title='bbox 978 931 1229 1015; x_wconf 87' lang='lat' dir='ltr'><strong>quibuscumque</strong></span> <span class='ocrx_word' id='word_1_41' title='bbox 1258 933 1387 998; x_wconf 87' lang='lat' dir='ltr'><strong>statutis</strong></span> <span class='ocrx_word' id='word_1_42' title='bbox 1498 951 1555 999; x_wconf 87' lang='lat' dir='ltr'><strong>seu</strong></span> 
     </span>
     <span class='ocr_line' id='line_1_6' title="bbox 220 1037 1555 1125; baseline 0.002 -23"><span class='ocrx_word' id='word_1_43' title='bbox 220 1037 306 1120; x_wconf 92' lang='lat' dir='ltr'><strong>quod</strong></span> <span class='ocrx_word' id='word_1_44' title='bbox 338 1040 408 1124; x_wconf 89' lang='lat' dir='ltr'><strong>ipsc</strong></span> <span class='ocrx_word' id='word_1_45' title='bbox 440 1039 666 1106; x_wconf 86' lang='lat' dir='ltr'><strong>canonicatum</strong></span> <span class='ocrx_word' id='word_1_46' title='bbox 699 1046 731 1106; x_wconf 93' lang='lat' dir='ltr'><strong>et</strong></span> <span class='ocrx_word' id='word_1_47' title='bbox 763 1039 961 1125; x_wconf 85' lang='lat' dir='ltr'><strong>prebendam</strong></span> <span class='ocrx_word' id='word_1_48' title='bbox 999 1039 1032 1104; x_wconf 93' lang='lat' dir='ltr'><strong>in</strong></span> <span class='ocrx_word' id='word_1_49' title='bbox 1065 1038 1178 1104; x_wconf 89' lang='lat' dir='ltr'><strong>eadem</strong></span> <span class='ocrx_word' id='word_1_50' title='bbox 1218 1038 1356 1105; x_wconf 87' lang='lat' dir='ltr'><strong>ecclesia</strong></span> <span class='ocrx_word' id='word_1_51' title='bbox 1388 1038 1422 1105; x_wconf 91' lang='lat' dir='ltr'><strong>S.</strong></span> <span class='ocrx_word' id='word_1_52' title='bbox 1454 1039 1555 1106; x_wconf 81' lang='lat' dir='ltr'><strong>Maria</strong></span> 
     </span>
     <span class='ocr_line' id='line_1_7' title="bbox 220 1141 1358 1214; baseline 0.003 -5"><span class='ocrx_word' id='word_1_53' title='bbox 220 1145 362 1211; x_wconf 91' lang='lat' dir='ltr'><strong>noscitur</strong></span> <span class='ocrx_word' id='word_1_54' title='bbox 385 1146 610 1213; x_wconf 90' lang='lat' dir='ltr'><strong>obtinere...</strong></span> <span class='ocrx_word' id='word_1_55' title='bbox 649 1148 726 1213; x_wconf 89' lang='lat' dir='ltr'><strong>Dat.</strong></span> <span class='ocrx_word' id='word_1_56' title='bbox 751 1147 847 1214; x_wconf 84' lang='lat' dir='ltr'><strong>Ario.</strong></span> <span class='ocrx_word' id='word_1_57' title='bbox 872 1141 922 1212; x_wconf 95' lang='lat' dir='ltr'><strong>III</strong></span> <span class='ocrx_word' id='word_1_58' title='bbox 945 1165 1046 1213; x_wconf 88' lang='lat' dir='ltr'><strong>nonas</strong></span> <span class='ocrx_word' id='word_1_59' title='bbox 1069 1146 1175 1212; x_wconf 90' lang='lat' dir='ltr'><strong>martii</strong></span> <span class='ocrx_word' id='word_1_60' title='bbox 1199 1167 1229 1212; x_wconf 91' lang='lat' dir='ltr'><strong>a.</strong></span> <span class='ocrx_word' id='word_1_61' title='bbox 1253 1147 1358 1212; x_wconf 88' lang='lat' dir='ltr'><strong>tertio.</strong></span> 
     </span>
    </p>
   </div>
   <div class='ocr_carea' id='block_1_3' title="bbox 380 1271 665 1343">
    <p class='ocr_par' dir='ltr' id='par_1_3' title="bbox 380 1271 665 1343">
     <span class='ocr_line' id='line_1_8' title="bbox 380 1271 665 1343; baseline 0.004 -18"><span class='ocrx_word' id='word_1_62' title='bbox 380 1271 453 1343; x_wconf 79' lang='lat' dir='ltr'><strong>Rep.</strong></span> <span class='ocrx_word' id='word_1_63' title='bbox 473 1271 529 1326; x_wconf 85' lang='lat'><strong>124</strong></span> <span class='ocrx_word' id='word_1_64' title='bbox 548 1287 595 1326; x_wconf 84' lang='lat' dir='ltr'><strong>or.</strong></span> <span class='ocrx_word' id='word_1_65' title='bbox 619 1273 665 1326; x_wconf 80' lang='lat'><strong>86.</strong></span> 
     </span>
    </p>
   </div>
   <div class='ocr_carea' id='block_1_4' title="bbox 328 1578 967 1667">
    <p class='ocr_par' dir='ltr' id='par_1_4' title="bbox 328 1578 967 1667">
     <span class='ocr_line' id='line_1_9' title="bbox 328 1578 967 1667; baseline 0 -23"><span class='ocrx_word' id='word_1_66' title='bbox 328 1578 457 1646; x_wconf 73' lang='lat'><strong>2285.</strong></span> <span class='ocrx_word' id='word_1_67' title='bbox 483 1582 571 1645; x_wconf 79' lang='grc'><em>1337</em></span> <span class='ocrx_word' id='word_1_68' title='bbox 594 1581 694 1645; x_wconf 82' lang='lat' dir='ltr'><strong>Mdrz</strong></span> <span class='ocrx_word' id='word_1_69' title='bbox 719 1581 771 1646; x_wconf 84' lang='lat'><strong>12.</strong></span> <span class='ocrx_word' id='word_1_70' title='bbox 800 1579 967 1667; x_wconf 79' lang='lat' dir='ltr'><strong>Acipuou.</strong></span> 
     </span>
    </p>
   </div>
   <div class='ocr_carea' id='block_1_5' title="bbox 216 1697 1555 2861">
    <p class='ocr_par' dir='ltr' id='par_1_5' title="bbox 218 1697 1555 2535">
     <span class='ocr_line' id='line_1_10' title="bbox 326 1697 1555 1807; baseline 0 -19"><span class='ocrx_word' id='word_1_71' title='bbox 326 1721 523 1789; x_wconf 79' lang='lat' dir='ltr'><strong>Benedictus</strong></span> <span class='ocrx_word' id='word_1_72' title='bbox 539 1723 605 1787; x_wconf 86' lang='lat' dir='ltr'><strong>XII</strong></span> <span class='ocrx_word' id='word_1_73' title='bbox 629 1722 796 1789; x_wconf 88' lang='lat' dir='ltr'><strong>Bertramo</strong></span> <span class='ocrx_word' id='word_1_74' title='bbox 821 1697 1011 1805; x_wconf 74' lang='lat' dir='ltr'><strong>sideman,</strong></span> <span class='ocrx_word' id='word_1_75' title='bbox 1036 1721 1091 1805; x_wconf 90' lang='lat' dir='ltr'><strong>qui</strong></span> <span class='ocrx_word' id='word_1_76' title='bbox 1114 1719 1198 1787; x_wconf 92' lang='lat' dir='ltr'><strong>sicut</strong></span> <span class='ocrx_word' id='word_1_77' title='bbox 1221 1721 1385 1804; x_wconf 87' lang='lat' dir='ltr'><strong>asseritur,</strong></span> <span class='ocrx_word' id='word_1_78' title='bbox 1409 1721 1555 1807; x_wconf 91' lang='lat' dir='ltr'><strong>pluribus</strong></span> 
     </span>
     <span class='ocr_line' id='line_1_11' title="bbox 218 1825 1555 1912; baseline 0.002 -21"><span class='ocrx_word' id='word_1_79' title='bbox 218 1827 310 1894; x_wconf 89' lang='lat' dir='ltr'><strong>annis</strong></span> <span class='ocrx_word' id='word_1_80' title='bbox 333 1827 478 1895; x_wconf 84' lang='lat' dir='ltr'><strong>Bononio</strong></span> <span class='ocrx_word' id='word_1_81' title='bbox 511 1831 543 1895; x_wconf 92' lang='lat' dir='ltr'><strong>in</strong></span> <span class='ocrx_word' id='word_1_82' title='bbox 577 1829 646 1894; x_wconf 89' lang='lat' dir='ltr'><strong>iure</strong></span> <span class='ocrx_word' id='word_1_83' title='bbox 681 1829 837 1895; x_wconf 91' lang='lat' dir='ltr'><strong>canonico</strong></span> <span class='ocrx_word' id='word_1_84' title='bbox 866 1827 1001 1912; x_wconf 88' lang='lat' dir='ltr'><strong>studuit,</strong></span> <span class='ocrx_word' id='word_1_85' title='bbox 1035 1828 1160 1894; x_wconf 81' lang='lat' dir='ltr'><strong>confert</strong></span> <span class='ocrx_word' id='word_1_86' title='bbox 1190 1827 1327 1893; x_wconf 77' lang='lat' dir='ltr'><strong>ecclesie</strong></span> <span class='ocrx_word' id='word_1_87' title='bbox 1350 1827 1384 1894; x_wconf 90' lang='lat' dir='ltr'><strong>S.</strong></span> <span class='ocrx_word' id='word_1_88' title='bbox 1408 1825 1555 1894; x_wconf 85' lang='lat' dir='ltr'><strong>Severini</strong></span> 
     </span>
     <span class='ocr_line' id='line_1_12' title="bbox 219 1933 1555 2019; baseline 0 -20"><span class='ocrx_word' id='word_1_89' title='bbox 219 1933 419 2002; x_wconf 72' lang='lat' dir='ltr'><strong>coloniensis</strong></span> <span class='ocrx_word' id='word_1_90' title='bbox 450 1937 685 2019; x_wconf 88' lang='lat' dir='ltr'><strong>canonicatum,</strong></span> <span class='ocrx_word' id='word_1_91' title='bbox 719 1942 863 2002; x_wconf 86' lang='lat' dir='ltr'><strong>reservat</strong></span> <span class='ocrx_word' id='word_1_92' title='bbox 898 1955 975 2002; x_wconf 88' lang='lat' dir='ltr'><strong>vero</strong></span> <span class='ocrx_word' id='word_1_93' title='bbox 1008 1933 1113 2001; x_wconf 88' lang='lat' dir='ltr'><strong>eidem</strong></span> <span class='ocrx_word' id='word_1_94' title='bbox 1140 1934 1174 1998; x_wconf 91' lang='lat' dir='ltr'><strong>in</strong></span> <span class='ocrx_word' id='word_1_95' title='bbox 1203 1933 1292 1999; x_wconf 91' lang='lat' dir='ltr'><strong>dicta</strong></span> <span class='ocrx_word' id='word_1_96' title='bbox 1319 1934 1458 2000; x_wconf 88' lang='lat' dir='ltr'><strong>ecclesia</strong></span> <span class='ocrx_word' id='word_1_97' title='bbox 1486 1954 1555 2019; x_wconf 80' lang='lat' dir='ltr'><strong>pre</strong></span> 
     </span>
     <span class='ocr_line' id='line_1_13' title="bbox 219 2040 1554 2128; baseline 0 -22"><span class='ocrx_word' id='word_1_98' title='bbox 219 2040 357 2107; x_wconf 81' lang='lat' dir='ltr'><strong>bendum</strong></span> <span class='ocrx_word' id='word_1_99' title='bbox 382 2063 421 2109; x_wconf 91' lang='lat' dir='ltr'><strong>ac</strong></span> <span class='ocrx_word' id='word_1_100' title='bbox 445 2044 701 2128; x_wconf 87' lang='lat' dir='ltr'><strong>supplementum</strong></span> <span class='ocrx_word' id='word_1_101' title='bbox 731 2063 855 2109; x_wconf 88' lang='lat' dir='ltr'><strong>necnon</strong></span> <span class='ocrx_word' id='word_1_102' title='bbox 885 2042 1079 2126; x_wconf 85' lang='lat' dir='ltr'><strong>dignitatem</strong></span> <span class='ocrx_word' id='word_1_103' title='bbox 1102 2049 1158 2106; x_wconf 89' lang='lat' dir='ltr'><strong>aut</strong></span> <span class='ocrx_word' id='word_1_104' title='bbox 1181 2048 1387 2126; x_wconf 89' lang='lat' dir='ltr'><strong>personatum</strong></span> <span class='ocrx_word' id='word_1_105' title='bbox 1412 2041 1464 2106; x_wconf 86' lang='lat' dir='ltr'><strong>vel</strong></span> <span class='ocrx_word' id='word_1_106' title='bbox 1487 2041 1554 2108; x_wconf 89' lang='lat' dir='ltr'><strong>offi-</strong></span> 
     </span>
     <span class='ocr_line' id='line_1_14' title="bbox 219 2147 1555 2234; baseline 0.001 -22"><span class='ocrx_word' id='word_1_107' title='bbox 219 2148 303 2213; x_wconf 88' lang='lat' dir='ltr'><strong>cium</strong></span> <span class='ocrx_word' id='word_1_108' title='bbox 326 2169 398 2215; x_wconf 81' lang='lat' dir='ltr'><strong>cunr</strong></span> <span class='ocrx_word' id='word_1_109' title='bbox 415 2171 493 2216; x_wconf 88' lang='lat' dir='ltr'><strong>cura</strong></span> <span class='ocrx_word' id='word_1_110' title='bbox 510 2151 560 2216; x_wconf 90' lang='lat' dir='ltr'><strong>vel</strong></span> <span class='ocrx_word' id='word_1_111' title='bbox 576 2151 645 2216; x_wconf 92' lang='lat' dir='ltr'><strong>sine</strong></span> <span class='ocrx_word' id='word_1_112' title='bbox 662 2170 748 2233; x_wconf 85' lang='lat' dir='ltr'><strong>cura,</strong></span> <span class='ocrx_word' id='word_1_113' title='bbox 773 2171 905 2234; x_wconf 88' lang='lat' dir='ltr'><strong>quorurn</strong></span> <span class='ocrx_word' id='word_1_114' title='bbox 930 2148 1059 2232; x_wconf 89' lang='lat' dir='ltr'><strong>quidem</strong></span> <span class='ocrx_word' id='word_1_115' title='bbox 1083 2149 1297 2234; x_wconf 86' lang='lat' dir='ltr'><strong>supplementi</strong></span> <span class='ocrx_word' id='word_1_116' title='bbox 1321 2168 1362 2213; x_wconf 89' lang='lat' dir='ltr'><strong>ac</strong></span> <span class='ocrx_word' id='word_1_117' title='bbox 1385 2147 1555 2232; x_wconf 82' lang='lat' dir='ltr'><strong>dignitatis</strong></span> 
     </span>
     <span class='ocr_line' id='line_1_15' title="bbox 218 2255 1553 2340; baseline 0.001 -21"><span class='ocrx_word' id='word_1_118' title='bbox 218 2265 273 2319; x_wconf 87' lang='lat' dir='ltr'><strong>aut</strong></span> <span class='ocrx_word' id='word_1_119' title='bbox 295 2264 486 2340; x_wconf 87' lang='lat' dir='ltr'><strong>personatus</strong></span> <span class='ocrx_word' id='word_1_120' title='bbox 509 2258 561 2322; x_wconf 89' lang='lat' dir='ltr'><strong>vel</strong></span> <span class='ocrx_word' id='word_1_121' title='bbox 589 2257 686 2324; x_wconf 89' lang='lat' dir='ltr'><strong>officii</strong></span> <span class='ocrx_word' id='word_1_122' title='bbox 715 2257 849 2338; x_wconf 86' lang='lat' dir='ltr'><strong>fructus,</strong></span> <span class='ocrx_word' id='word_1_123' title='bbox 882 2257 909 2323; x_wconf 92' lang='lat' dir='ltr'><strong>si</strong></span> <span class='ocrx_word' id='word_1_124' title='bbox 940 2276 1010 2322; x_wconf 90' lang='lat' dir='ltr'><strong>cum</strong></span> <span class='ocrx_word' id='word_1_125' title='bbox 1043 2276 1130 2336; x_wconf 86' lang='lat' dir='ltr'><strong>cura,</strong></span> <span class='ocrx_word' id='word_1_126' title='bbox 1163 2255 1290 2340; x_wconf 83' lang='lat' dir='ltr'><strong>viginti,</strong></span> <span class='ocrx_word' id='word_1_127' title='bbox 1323 2255 1351 2322; x_wconf 91' lang='lat' dir='ltr'><strong>si</strong></span> <span class='ocrx_word' id='word_1_128' title='bbox 1379 2275 1455 2320; x_wconf 87' lang='lat' dir='ltr'><strong>vero</strong></span> <span class='ocrx_word' id='word_1_129' title='bbox 1484 2255 1553 2322; x_wconf 88' lang='lat' dir='ltr'><strong>sine</strong></span> 
     </span>
     <span class='ocr_line' id='line_1_16' title="bbox 218 2363 1552 2449; baseline 0.001 -22"><span class='ocrx_word' id='word_1_130' title='bbox 218 2382 295 2427; x_wconf 88' lang='lat' dir='ltr'><strong>cura</strong></span> <span class='ocrx_word' id='word_1_131' title='bbox 318 2363 426 2446; x_wconf 70' lang='lat' dir='ltr'><strong>fucrit</strong></span> <span class='ocrx_word' id='word_1_132' title='bbox 451 2363 633 2448; x_wconf 89' lang='lat' dir='ltr'><strong>quindecim</strong></span> <span class='ocrx_word' id='word_1_133' title='bbox 658 2364 861 2430; x_wconf 88' lang='lat' dir='ltr'><strong>marcharum</strong></span> <span class='ocrx_word' id='word_1_134' title='bbox 885 2365 1011 2449; x_wconf 88' lang='lat' dir='ltr'><strong>argenti</strong></span> <span class='ocrx_word' id='word_1_135' title='bbox 1034 2383 1060 2429; x_wconf 91' lang='lat' dir='ltr'><strong>s.</strong></span> <span class='ocrx_word' id='word_1_136' title='bbox 1077 2369 1100 2428; x_wconf 88' lang='lat' dir='ltr'><strong>t.</strong></span> <span class='ocrx_word' id='word_1_137' title='bbox 1117 2363 1149 2428; x_wconf 92' lang='lat' dir='ltr'><strong>d.</strong></span> <span class='ocrx_word' id='word_1_138' title='bbox 1166 2363 1309 2428; x_wconf 85' lang='lat' dir='ltr'><strong>valorem</strong></span> <span class='ocrx_word' id='word_1_139' title='bbox 1332 2382 1471 2428; x_wconf 90' lang='lat' dir='ltr'><strong>annuum</strong></span> <span class='ocrx_word' id='word_1_140' title='bbox 1487 2383 1552 2430; x_wconf 88' lang='lat' dir='ltr'><strong>non</strong></span> 
     </span>
     <span class='ocr_line' id='line_1_17' title="bbox 219 2469 387 2535; baseline 0.006 -1"><span class='ocrx_word' id='word_1_141' title='bbox 219 2469 387 2535; x_wconf 87' lang='lat' dir='ltr'><strong>excedant.</strong></span> 
     </span>
    </p>

    <p class='ocr_par' dir='ltr' id='par_1_6' title="bbox 326 2577 1551 2647">
     <span class='ocr_line' id='line_1_18' title="bbox 326 2577 1551 2647; baseline 0.001 -6"><span class='ocrx_word' id='word_1_142' title='bbox 326 2577 397 2642; x_wconf 89' lang='lat' dir='ltr'><strong>Vite</strong></span> <span class='ocrx_word' id='word_1_143' title='bbox 421 2598 460 2643; x_wconf 86' lang='lat' dir='ltr'><strong>ac</strong></span> <span class='ocrx_word' id='word_1_144' title='bbox 484 2598 606 2644; x_wconf 88' lang='lat' dir='ltr'><strong>morum</strong></span> <span class='ocrx_word' id='word_1_145' title='bbox 630 2578 806 2647; x_wconf 84' lang='lat' dir='ltr'><strong>honestas.</strong></span> <span class='ocrx_word' id='word_1_146' title='bbox 825 2628 833 2644; x_wconf 91' lang='lat'><strong>.</strong></span> <span class='ocrx_word' id='word_1_147' title='bbox 851 2629 858 2645; x_wconf 92' lang='lat'><em>.</em></span> <span class='ocrx_word' id='word_1_148' title='bbox 884 2579 960 2645; x_wconf 89' lang='lat' dir='ltr'><strong>Dat.</strong></span> <span class='ocrx_word' id='word_1_149' title='bbox 978 2578 1073 2643; x_wconf 85' lang='lat' dir='ltr'><strong>Arin.</strong></span> <span class='ocrx_word' id='word_1_150' title='bbox 1090 2577 1159 2643; x_wconf 92' lang='lat' dir='ltr'>IIII</span> <span class='ocrx_word' id='word_1_151' title='bbox 1175 2577 1248 2643; x_wconf 92' lang='lat' dir='ltr'><strong>idus</strong></span> <span class='ocrx_word' id='word_1_152' title='bbox 1264 2577 1370 2642; x_wconf 87' lang='lat' dir='ltr'><strong>martii</strong></span> <span class='ocrx_word' id='word_1_153' title='bbox 1395 2598 1424 2642; x_wconf 87' lang='lat' dir='ltr'><strong>a.</strong></span> <span class='ocrx_word' id='word_1_154' title='bbox 1442 2579 1551 2643; x_wconf 91' lang='lat' dir='ltr'><strong>tertio.</strong></span> 
     </span>
    </p>

    <p class='ocr_par' dir='ltr' id='par_1_7' title="bbox 216 2683 1551 2861">
     <span class='ocr_line' id='line_1_19' title="bbox 324 2683 1551 2770; baseline 0.002 -22"><span class='ocrx_word' id='word_1_155' title='bbox 324 2684 362 2748; x_wconf 89' lang='lat' dir='ltr'><strong>ln</strong></span> <span class='ocrx_word' id='word_1_156' title='bbox 386 2704 414 2749; x_wconf 91' lang='lat' dir='ltr'><strong>e.</strong></span> <span class='ocrx_word' id='word_1_157' title='bbox 438 2705 480 2749; x_wconf 91' lang='lat' dir='ltr'><strong>m.</strong></span> <span class='ocrx_word' id='word_1_158' title='bbox 514 2685 667 2770; x_wconf 92' lang='lat' dir='ltr'><strong>episcopo</strong></span> <span class='ocrx_word' id='word_1_159' title='bbox 699 2685 861 2752; x_wconf 79' lang='lat' dir='ltr'><strong>Brixiensi</strong></span> <span class='ocrx_word' id='word_1_160' title='bbox 894 2693 926 2751; x_wconf 93' lang='lat' dir='ltr'><strong>et</strong></span> <span class='ocrx_word' id='word_1_161' title='bbox 959 2685 993 2750; x_wconf 88' lang='lat' dir='ltr'><strong>S.</strong></span> <span class='ocrx_word' id='word_1_162' title='bbox 1018 2684 1148 2750; x_wconf 86' lang='lat' dir='ltr'><strong>Andree</strong></span> <span class='ocrx_word' id='word_1_163' title='bbox 1181 2684 1290 2750; x_wconf 82' lang='lat' dir='ltr'><strong>Goion.</strong></span> <span class='ocrx_word' id='word_1_164' title='bbox 1324 2704 1363 2749; x_wconf 86' lang='lat' dir='ltr'><strong>ec</strong></span> <span class='ocrx_word' id='word_1_165' title='bbox 1396 2683 1430 2750; x_wconf 92' lang='lat' dir='ltr'><strong>S.</strong></span> <span class='ocrx_word' id='word_1_166' title='bbox 1459 2683 1551 2750; x_wconf 86' lang='lat' dir='ltr'><strong>Pauli</strong></span> 
     </span>
     <span class='ocr_line' id='line_1_20' title="bbox 216 2789 718 2861; baseline 0.006 -6"><span class='ocrx_word' id='word_1_167' title='bbox 216 2789 318 2858; x_wconf 90' lang='lat' dir='ltr'><strong>Leod.</strong></span> <span class='ocrx_word' id='word_1_168' title='bbox 342 2791 549 2858; x_wconf 89' lang='lat' dir='ltr'><strong>ecclesiarum</strong></span> <span class='ocrx_word' id='word_1_169' title='bbox 574 2792 718 2861; x_wconf 88' lang='lat' dir='ltr'><strong>decanis.</strong></span> 
     </span>
    </p>
   </div>
   <div class='ocr_carea' id='block_1_6' title="bbox 377 2915 676 2987">
    <p class='ocr_par' dir='ltr' id='par_1_8' title="bbox 377 2915 676 2987">
     <span class='ocr_line' id='line_1_21' title="bbox 377 2915 676 2987; baseline 0.003 -16"><span class='ocrx_word' id='word_1_170' title='bbox 377 2915 449 2987; x_wconf 78' lang='lat' dir='ltr'><strong>Bcp.</strong></span> <span class='ocrx_word' id='word_1_171' title='bbox 469 2915 528 2970; x_wconf 83' lang='lat'><strong>123</strong></span> <span class='ocrx_word' id='word_1_172' title='bbox 545 2931 593 2972; x_wconf 84' lang='lat' dir='ltr'><strong>ur.</strong></span> <span class='ocrx_word' id='word_1_173' title='bbox 613 2918 676 2972; x_wconf 83' lang='grc'><em>152.</em></span> 
     </span>
    </p>
   </div>
   <div class='ocr_carea' id='block_1_7' title="bbox 320 3213 981 3310">
    <p class='ocr_par' dir='ltr' id='par_1_9' title="bbox 320 3213 981 3310">
     <span class='ocr_line' id='line_1_22' title="bbox 320 3213 981 3310; baseline 0.002 -22"><span class='ocrx_word' id='word_1_174' title='bbox 320 3222 450 3288; x_wconf 71' lang='lat'><strong>228⁶.</strong></span> <span class='ocrx_word' id='word_1_175' title='bbox 476 3224 763 3290; x_wconf 75' lang='lat' dir='ltr'><strong>1337Mor215.</strong></span> <span class='ocrx_word' id='word_1_176' title='bbox 789 3213 981 3310; x_wconf 79' lang='lat' dir='ltr'><strong>(Aoipuou.)</strong></span> 
     </span>
    </p>
   </div>
   <div class='ocr_carea' id='block_1_8' title="bbox 215 3363 1550 3777">
    <p class='ocr_par' dir='ltr' id='par_1_10' title="bbox 215 3363 1550 3777">
     <span class='ocr_line' id='line_1_23' title="bbox 322 3363 1550 3453; baseline -0.001 -21"><span class='ocrx_word' id='word_1_177' title='bbox 322 3367 527 3434; x_wconf 75' lang='lat' dir='ltr'><strong>Benedictus</strong></span> <span class='ocrx_word' id='word_1_178' title='bbox 550 3369 628 3432; x_wconf 92' lang='lat' dir='ltr'><strong>XII</strong></span> <span class='ocrx_word' id='word_1_179' title='bbox 658 3367 804 3453; x_wconf 75' lang='lat' dir='ltr'><strong>Guipord</strong></span> <span class='ocrx_word' id='word_1_180' title='bbox 836 3368 877 3432; x_wconf 88' lang='lat' dir='ltr'><strong>de</strong></span> <span class='ocrx_word' id='word_1_181' title='bbox 910 3368 945 3433; x_wconf 77' lang='lat' dir='ltr'><strong>S.</strong></span> <span class='ocrx_word' id='word_1_182' title='bbox 969 3367 1139 3434; x_wconf 74' lang='lat' dir='ltr'><strong>Germcuo</strong></span> <span class='ocrx_word' id='word_1_183' title='bbox 1169 3373 1200 3431; x_wconf 87' lang='lat' dir='ltr'><strong>et</strong></span> <span class='ocrx_word' id='word_1_184' title='bbox 1228 3366 1372 3431; x_wconf 82' lang='lat' dir='ltr'><strong>Nicoloo</strong></span> <span class='ocrx_word' id='word_1_185' title='bbox 1407 3363 1550 3450; x_wconf 81' lang='lat' dir='ltr'><strong>Copocie</strong></span> 
     </span>
     <span class='ocr_line' id='line_1_24' title="bbox 215 3472 1550 3560; baseline -0.001 -21"><span class='ocrx_word' id='word_1_186' title='bbox 215 3476 347 3540; x_wconf 80' lang='lat' dir='ltr'><strong>uuuciic</strong></span> <span class='ocrx_word' id='word_1_187' title='bbox 370 3475 522 3558; x_wconf 84' lang='lat' dir='ltr'><strong>maudut,</strong></span> <span class='ocrx_word' id='word_1_188' title='bbox 547 3477 708 3560; x_wconf 74' lang='lat' dir='ltr'><strong>quatinus</strong></span> <span class='ocrx_word' id='word_1_189' title='bbox 732 3476 890 3540; x_wconf 75' lang='lat' dir='ltr'><strong>decidant</strong></span> <span class='ocrx_word' id='word_1_190' title='bbox 914 3496 1053 3540; x_wconf 83' lang='lat' dir='ltr'><strong>causam</strong></span> <span class='ocrx_word' id='word_1_191' title='bbox 1075 3475 1230 3560; x_wconf 84' lang='lat' dir='ltr'><strong>mopietri</strong></span> <span class='ocrx_word' id='word_1_192' title='bbox 1246 3472 1428 3539; x_wconf 76' lang='lat' dir='ltr'><strong>Gueruerii</strong></span> <span class='ocrx_word' id='word_1_193' title='bbox 1450 3473 1550 3538; x_wconf 85' lang='lat' dir='ltr'><strong>Nerii</strong></span> 
     </span>
     <span class='ocr_line' id='line_1_25' title="bbox 215 3581 1549 3668; baseline -0.001 -21"><span class='ocrx_word' id='word_1_194' title='bbox 215 3583 407 3648; x_wconf 73' lang='lat' dir='ltr'><strong>dioreutiui</strong></span> <span class='ocrx_word' id='word_1_195' title='bbox 436 3585 477 3648; x_wconf 89' lang='lat' dir='ltr'><strong>ab</strong></span> <span class='ocrx_word' id='word_1_196' title='bbox 501 3584 647 3648; x_wconf 85' lang='lat' dir='ltr'><strong>Heurico</strong></span> <span class='ocrx_word' id='word_1_197' title='bbox 678 3583 928 3668; x_wconf 80' lang='lat' dir='ltr'><strong>archiepiscopo</strong></span> <span class='ocrx_word' id='word_1_198' title='bbox 952 3583 1104 3668; x_wconf 85' lang='lat' dir='ltr'><strong>Mupuut.</strong></span> <span class='ocrx_word' id='word_1_199' title='bbox 1135 3589 1167 3648; x_wconf 87' lang='lat' dir='ltr'><strong>et</strong></span> <span class='ocrx_word' id='word_1_200' title='bbox 1190 3583 1339 3667; x_wconf 77' lang='lat' dir='ltr'><strong>lioperto</strong></span> <span class='ocrx_word' id='word_1_201' title='bbox 1368 3581 1485 3645; x_wconf 82' lang='lat' dir='ltr'><strong>comite</strong></span> <span class='ocrx_word' id='word_1_202' title='bbox 1508 3581 1549 3646; x_wconf 84' lang='lat' dir='ltr'><strong>dc</strong></span> 
     </span>
     <span class='ocr_line' id='line_1_26' title="bbox 222 3691 784 3777; baseline 0 -23"><span class='ocrx_word' id='word_1_203' title='bbox 222 3691 409 3777; x_wconf 84' lang='lat' dir='ltr'><strong>Virueburp</strong></span> <span class='ocrx_word' id='word_1_204' title='bbox 431 3691 469 3756; x_wconf 86' lang='lat' dir='ltr'><strong>iu</strong></span> <span class='ocrx_word' id='word_1_205' title='bbox 492 3711 625 3756; x_wconf 84' lang='lat' dir='ltr'><strong>carcere</strong></span> <span class='ocrx_word' id='word_1_206' title='bbox 649 3691 784 3757; x_wconf 76' lang='lat' dir='ltr'><strong>detenti.</strong></span> 
     </span>
    </p>
   </div>
   <div class='ocr_carea' id='block_1_9' title="bbox 213 3829 1548 4882">
    <p class='ocr_par' dir='ltr' id='par_1_11' title="bbox 214 3829 1548 4133">
     <span class='ocr_line' id='line_1_27' title="bbox 322 3829 1548 3918; baseline -0.002 -18"><span class='ocrx_word' id='word_1_207' title='bbox 322 3831 531 3916; x_wconf 83' lang='lat' dir='ltr'><strong>[Benedictus</strong></span> <span class='ocrx_word' id='word_1_208' title='bbox 547 3831 623 3917; x_wconf 87' lang='lat' dir='ltr'>XII]</span> <span class='ocrx_word' id='word_1_209' title='bbox 640 3833 779 3918; x_wconf 81' lang='lat' dir='ltr'><strong>Guigoni</strong></span> <span class='ocrx_word' id='word_1_210' title='bbox 795 3832 836 3899; x_wconf 91' lang='lat' dir='ltr'><strong>de</strong></span> <span class='ocrx_word' id='word_1_211' title='bbox 853 3833 974 3900; x_wconf 89' lang='lat' dir='ltr'><strong>Sancto</strong></span> <span class='ocrx_word' id='word_1_212' title='bbox 990 3834 1150 3901; x_wconf 83' lang='lat' dir='ltr'><strong>Germano</strong></span> <span class='ocrx_word' id='word_1_213' title='bbox 1166 3832 1347 3898; x_wconf 84' lang='lat' dir='ltr'><strong>Anieiensis</strong></span> <span class='ocrx_word' id='word_1_214' title='bbox 1362 3836 1396 3897; x_wconf 88' lang='lat' dir='ltr'><strong>et</strong></span> <span class='ocrx_word' id='word_1_215' title='bbox 1410 3829 1548 3900; x_wconf 88' lang='lat' dir='ltr'><strong>Nicolao</strong></span> 
     </span>
     <span class='ocr_line' id='line_1_28' title="bbox 214 3937 1548 4026; baseline -0.001 -20"><span class='ocrx_word' id='word_1_216' title='bbox 214 3939 355 4026; x_wconf 82' lang='lat' dir='ltr'><strong>Capocie</strong></span> <span class='ocrx_word' id='word_1_217' title='bbox 390 3940 431 4007; x_wconf 89' lang='lat' dir='ltr'><strong>de</strong></span> <span class='ocrx_word' id='word_1_218' title='bbox 455 3941 541 4007; x_wconf 89' lang='lat' dir='ltr'><strong>Urbe</strong></span> <span class='ocrx_word' id='word_1_219' title='bbox 574 3940 685 4006; x_wconf 80' lang='lat' dir='ltr'><strong>Sancti</strong></span> <span class='ocrx_word' id='word_1_220' title='bbox 709 3937 887 4006; x_wconf 85' lang='lat' dir='ltr'><strong>Andomari</strong></span> <span class='ocrx_word' id='word_1_221' title='bbox 923 3940 965 4007; x_wconf 90' lang='lat' dir='ltr'><strong>de</strong></span> <span class='ocrx_word' id='word_1_222' title='bbox 999 3941 1120 4007; x_wconf 87' lang='lat' dir='ltr'><strong>Sancto</strong></span> <span class='ocrx_word' id='word_1_223' title='bbox 1150 3939 1334 4006; x_wconf 83' lang='lat' dir='ltr'><strong>Andomaro</strong></span> <span class='ocrx_word' id='word_1_224' title='bbox 1358 3937 1548 4004; x_wconf 86' lang='lat' dir='ltr'><strong>Morinensis</strong></span> 
     </span>
     <span class='ocr_line' id='line_1_29' title="bbox 214 4045 1284 4133; baseline 0 -22"><span class='ocrx_word' id='word_1_225' title='bbox 214 4046 298 4113; x_wconf 91' lang='lat' dir='ltr'><strong>dioc.</strong></span> <span class='ocrx_word' id='word_1_226' title='bbox 323 4048 531 4115; x_wconf 83' lang='lat' dir='ltr'><strong>ecclesiarum</strong></span> <span class='ocrx_word' id='word_1_227' title='bbox 554 4048 727 4133; x_wconf 89' lang='lat' dir='ltr'><strong>prepositis</strong></span> <span class='ocrx_word' id='word_1_228' title='bbox 751 4047 929 4133; x_wconf 85' lang='lat' dir='ltr'><strong>capellanis</strong></span> <span class='ocrx_word' id='word_1_229' title='bbox 951 4054 984 4113; x_wconf 89' lang='lat' dir='ltr'><strong>et</strong></span> <span class='ocrx_word' id='word_1_230' title='bbox 1007 4047 1133 4113; x_wconf 91' lang='lat' dir='ltr'><strong>nunciis</strong></span> <span class='ocrx_word' id='word_1_231' title='bbox 1156 4045 1284 4112; x_wconf 83' lang='lat' dir='ltr'><strong>nostris.</strong></span> 
     </span>
    </p>

    <p class='ocr_par' dir='ltr' id='par_1_12' title="bbox 213 4152 1547 4882">
     <span class='ocr_line' id='line_1_30' title="bbox 321 4152 1546 4238; baseline -0.002 -18"><span class='ocrx_word' id='word_1_232' title='bbox 321 4155 550 4238; x_wconf 81' lang='lat' dir='ltr'><strong>Significarunt</strong></span> <span class='ocrx_word' id='word_1_233' title='bbox 581 4154 672 4220; x_wconf 86' lang='lat' dir='ltr'><strong>nobis</strong></span> <span class='ocrx_word' id='word_1_234' title='bbox 705 4152 817 4221; x_wconf 88' lang='lat' dir='ltr'><strong>dilecti</strong></span> <span class='ocrx_word' id='word_1_235' title='bbox 844 4153 900 4220; x_wconf 87' lang='lat' dir='ltr'><strong>filii</strong></span> <span class='ocrx_word' id='word_1_236' title='bbox 924 4155 1115 4221; x_wconf 83' lang='lat' dir='ltr'><strong>universitas</strong></span> <span class='ocrx_word' id='word_1_237' title='bbox 1138 4153 1394 4218; x_wconf 82' lang='lat' dir='ltr'><strong>Florentinorum</strong></span> <span class='ocrx_word' id='word_1_238' title='bbox 1427 4154 1546 4218; x_wconf 91' lang='lat' dir='ltr'><strong>curiam</strong></span> 
     </span>
     <span class='ocr_line' id='line_1_31' title="bbox 214 4259 1547 4345; baseline 0 -20"><span class='ocrx_word' id='word_1_239' title='bbox 214 4260 391 4326; x_wconf 85' lang='lat' dir='ltr'><strong>Romanam</strong></span> <span class='ocrx_word' id='word_1_240' title='bbox 415 4262 626 4345; x_wconf 86' lang='lat' dir='ltr'><strong>sequentium,</strong></span> <span class='ocrx_word' id='word_1_241' title='bbox 662 4260 748 4345; x_wconf 89' lang='lat' dir='ltr'><strong>quod</strong></span> <span class='ocrx_word' id='word_1_242' title='bbox 781 4261 857 4327; x_wconf 88' lang='lat' dir='ltr'><strong>olim</strong></span> <span class='ocrx_word' id='word_1_243' title='bbox 886 4260 1024 4327; x_wconf 87' lang='lat' dir='ltr'><strong>dilectus</strong></span> <span class='ocrx_word' id='word_1_244' title='bbox 1057 4259 1141 4327; x_wconf 90' lang='lat' dir='ltr'><strong>filius</strong></span> <span class='ocrx_word' id='word_1_245' title='bbox 1175 4259 1329 4343; x_wconf 83' lang='lat' dir='ltr'><strong>magister</strong></span> <span class='ocrx_word' id='word_1_246' title='bbox 1353 4259 1547 4326; x_wconf 86' lang='lat' dir='ltr'><strong>Guernerius</strong></span> 
     </span>
     <span class='ocr_line' id='line_1_32' title="bbox 214 4366 1547 4456; baseline -0.003 -20"><span class='ocrx_word' id='word_1_247' title='bbox 214 4367 304 4436; x_wconf 86' lang='lat' dir='ltr'><strong>Nerii</strong></span> <span class='ocrx_word' id='word_1_248' title='bbox 339 4369 482 4434; x_wconf 84' lang='lat' dir='ltr'><strong>notarius</strong></span> <span class='ocrx_word' id='word_1_249' title='bbox 517 4369 654 4435; x_wconf 88' lang='lat' dir='ltr'><strong>clericus</strong></span> <span class='ocrx_word' id='word_1_250' title='bbox 688 4367 893 4435; x_wconf 81' lang='lat' dir='ltr'><strong>Florentinus</strong></span> <span class='ocrx_word' id='word_1_251' title='bbox 931 4376 1008 4434; x_wconf 88' lang='lat' dir='ltr'><strong>tunc</strong></span> <span class='ocrx_word' id='word_1_252' title='bbox 1041 4368 1220 4456; x_wconf 86' lang='lat' dir='ltr'><strong>predictam</strong></span> <span class='ocrx_word' id='word_1_253' title='bbox 1254 4366 1376 4432; x_wconf 87' lang='lat' dir='ltr'><strong>curiam</strong></span> <span class='ocrx_word' id='word_1_254' title='bbox 1410 4385 1547 4450; x_wconf 88' lang='lat' dir='ltr'><strong>sequens</strong></span> 
     </span>
     <span class='ocr_line' id='line_1_33' title="bbox 214 4473 1547 4562; baseline -0.001 -22"><span class='ocrx_word' id='word_1_255' title='bbox 214 4475 407 4541; x_wconf 87' lang='lat' dir='ltr'><strong>venerabilis</strong></span> <span class='ocrx_word' id='word_1_256' title='bbox 430 4475 536 4542; x_wconf 85' lang='lat' dir='ltr'><strong>fratris</strong></span> <span class='ocrx_word' id='word_1_257' title='bbox 559 4475 660 4542; x_wconf 87' lang='lat' dir='ltr'><strong>nostri</strong></span> <span class='ocrx_word' id='word_1_258' title='bbox 684 4475 816 4542; x_wconf 88' lang='lat' dir='ltr'><strong>Henrici</strong></span> <span class='ocrx_word' id='word_1_259' title='bbox 840 4476 1074 4562; x_wconf 88' lang='lat' dir='ltr'><strong>archiepiscopi</strong></span> <span class='ocrx_word' id='word_1_260' title='bbox 1092 4475 1275 4560; x_wconf 82' lang='lat' dir='ltr'><strong>Mogontiui</strong></span> <span class='ocrx_word' id='word_1_261' title='bbox 1299 4481 1333 4540; x_wconf 84' lang='lat' dir='ltr'><strong>et</strong></span> <span class='ocrx_word' id='word_1_262' title='bbox 1356 4473 1466 4538; x_wconf 91' lang='lat' dir='ltr'><strong>dilecti</strong></span> <span class='ocrx_word' id='word_1_263' title='bbox 1490 4473 1547 4539; x_wconf 86' lang='lat' dir='ltr'><strong>filii</strong></span> 
     </span>
     <span class='ocr_line' id='line_1_34' title="bbox 213 4579 1546 4668; baseline -0.001 -21"><span class='ocrx_word' id='word_1_264' title='bbox 213 4582 330 4649; x_wconf 89' lang='lat' dir='ltr'><strong>nobilis</strong></span> <span class='ocrx_word' id='word_1_265' title='bbox 354 4583 413 4647; x_wconf 86' lang='lat' dir='ltr'><strong>viri</strong></span> <span class='ocrx_word' id='word_1_266' title='bbox 430 4582 562 4668; x_wconf 90' lang='lat' dir='ltr'><strong>Roperti</strong></span> <span class='ocrx_word' id='word_1_267' title='bbox 587 4582 713 4648; x_wconf 89' lang='lat' dir='ltr'><strong>comitis</strong></span> <span class='ocrx_word' id='word_1_268' title='bbox 736 4581 776 4648; x_wconf 87' lang='lat' dir='ltr'><strong>de</strong></span> <span class='ocrx_word' id='word_1_269' title='bbox 793 4583 998 4666; x_wconf 87' lang='lat' dir='ltr'><strong>Wierinburg</strong></span> <span class='ocrx_word' id='word_1_270' title='bbox 1020 4583 1131 4649; x_wconf 85' lang='lat' dir='ltr'><strong>fratris</strong></span> <span class='ocrx_word' id='word_1_271' title='bbox 1152 4580 1294 4648; x_wconf 88' lang='lat' dir='ltr'><strong>eiusdem</strong></span> <span class='ocrx_word' id='word_1_272' title='bbox 1311 4579 1546 4666; x_wconf 87' lang='lat' dir='ltr'><strong>archicpiscopi</strong></span> 
     </span>
     <span class='ocr_line' id='line_1_35' title="bbox 214 4686 1546 4774; baseline -0.001 -20"><span class='ocrx_word' id='word_1_273' title='bbox 214 4708 270 4754; x_wconf 91' lang='lat' dir='ltr'><strong>seu</strong></span> <span class='ocrx_word' id='word_1_274' title='bbox 294 4688 426 4755; x_wconf 86' lang='lat' dir='ltr'><strong>alterius</strong></span> <span class='ocrx_word' id='word_1_275' title='bbox 459 4708 567 4754; x_wconf 90' lang='lat' dir='ltr'><strong>eorum</strong></span> <span class='ocrx_word' id='word_1_276' title='bbox 599 4689 731 4774; x_wconf 84' lang='lat' dir='ltr'><strong>negotia</strong></span> <span class='ocrx_word' id='word_1_277' title='bbox 763 4690 865 4774; x_wconf 82' lang='lat' dir='ltr'><strong>gessit</strong></span> <span class='ocrx_word' id='word_1_278' title='bbox 896 4690 929 4754; x_wconf 93' lang='lat' dir='ltr'><strong>in</strong></span> <span class='ocrx_word' id='word_1_279' title='bbox 962 4690 1051 4758; x_wconf 90' lang='lat' dir='ltr'><strong>curia</strong></span> <span class='ocrx_word' id='word_1_280' title='bbox 1074 4695 1259 4771; x_wconf 85' lang='lat' dir='ltr'><strong>memorata,</strong></span> <span class='ocrx_word' id='word_1_281' title='bbox 1296 4709 1336 4754; x_wconf 90' lang='lat' dir='ltr'><strong>ac</strong></span> <span class='ocrx_word' id='word_1_282' title='bbox 1364 4686 1482 4754; x_wconf 89' lang='lat' dir='ltr'><strong>deinde</strong></span> <span class='ocrx_word' id='word_1_283' title='bbox 1506 4687 1546 4753; x_wconf 90' lang='lat' dir='ltr'><strong>de</strong></span> 
     </span>
     <span class='ocr_line' id='line_1_36' title="bbox 214 4795 1545 4882; baseline -0.002 -21"><span class='ocrx_word' id='word_1_284' title='bbox 214 4795 339 4882; x_wconf 84' lang='lat' dir='ltr'><strong>prefata</strong></span> <span class='ocrx_word' id='word_1_285' title='bbox 363 4795 452 4861; x_wconf 89' lang='lat' dir='ltr'><strong>curia</strong></span> <span class='ocrx_word' id='word_1_286' title='bbox 474 4816 532 4882; x_wconf 91' lang='lat' dir='ltr'><strong>pro</strong></span> <span class='ocrx_word' id='word_1_287' title='bbox 549 4796 700 4862; x_wconf 87' lang='lat' dir='ltr'><strong>facienda</strong></span> <span class='ocrx_word' id='word_1_288' title='bbox 716 4796 872 4863; x_wconf 86' lang='lat' dir='ltr'><strong>relatione</strong></span> <span class='ocrx_word' id='word_1_289' title='bbox 891 4801 1053 4882; x_wconf 84' lang='lat' dir='ltr'><strong>gestorum</strong></span> <span class='ocrx_word' id='word_1_290' title='bbox 1078 4795 1260 4864; x_wconf 89' lang='lat' dir='ltr'><strong>huiusmodi</strong></span> <span class='ocrx_word' id='word_1_291' title='bbox 1283 4815 1318 4863; x_wconf 94' lang='lat' dir='ltr'><strong>se</strong></span> <span class='ocrx_word' id='word_1_292' title='bbox 1333 4795 1545 4882; x_wconf 84' lang='lat' dir='ltr'><strong>personaliter</strong></span> 
     </span>
    </p>
   </div>
   <div class='ocr_carea' id='block_1_10' title="bbox 0 0 1826 5509">
    <p class='ocr_par' dir='ltr' id='par_1_13' title="bbox 0 0 1826 5509">
     <span class='ocr_line' id='line_1_37' title="bbox 0 0 1826 5509; baseline 0 2"><span class='ocrx_word' id='word_1_293' title='bbox 0 0 1826 5509; x_wconf 95' lang='lat' dir='ltr'><strong> </strong></span> 
     </span>
    </p>
   </div>
  </div>
 </body>
</html>
