<?xml version="1.0" encoding="UTF-8"?>
<!DOCTYPE html PUBLIC "-//W3C//DTD XHTML 1.0 Transitional//EN"
    "http://www.w3.org/TR/xhtml1/DTD/xhtml1-transitional.dtd">
<html xmlns="http://www.w3.org/1999/xhtml" xml:lang="en" lang="en">
 <head>
  <title>
</title>
<meta http-equiv="Content-Type" content="text/html;charset=utf-8" />
  <meta name='ocr-system' content='tesseract 3.04.00' />
  <meta name='ocr-capabilities' content='ocr_page ocr_carea ocr_par ocr_line ocrx_word'/>
</head>
<body>
  <div class='ocr_page' id='page_1' title='image "./urkundenundrege00thimgoog_0229.png"; bbox 0 0 3642 5509; ppageno 0'>
   <div class='ocr_carea' id='block_1_1' title="bbox 260 407 1081 464">
    <p class='ocr_par' dir='ltr' id='par_1_1' title="bbox 260 407 1081 464">
     <span class='ocr_line' id='line_1_1' title="bbox 260 407 1081 464; baseline -0.002 -1"><span class='ocrx_word' id='word_1_1' title='bbox 260 407 315 463; x_wconf 76' lang='lat'><strong>200</strong></span> <span class='ocrx_word' id='word_1_2' title='bbox 827 407 1035 464; x_wconf 67' lang='lat' dir='ltr'><strong>turstanum</strong></span> <span class='ocrx_word' id='word_1_3' title='bbox 1056 409 1081 462; x_wconf 89' lang='grc'><strong>6.</strong></span> 
     </span>
    </p>
   </div>
   <div class='ocr_carea' id='block_1_2' title="bbox 262 577 1620 2904">
    <p class='ocr_par' dir='ltr' id='par_1_2' title="bbox 262 577 1620 2904">
     <span class='ocr_line' id='line_1_2' title="bbox 262 577 1604 669; baseline -0.009 -15"><span class='ocrx_word' id='word_1_4' title='bbox 262 587 439 655; x_wconf 79' lang='lat' dir='ltr'>concedere</span> <span class='ocrx_word' id='word_1_5' title='bbox 466 589 657 655; x_wconf 79' lang='lat' dir='ltr'><strong>valeremus!</strong></span> <span class='ocrx_word' id='word_1_6' title='bbox 673 637 680 654; x_wconf 93' lang='lat'><strong>.</strong></span> <span class='ocrx_word' id='word_1_7' title='bbox 696 636 726 654; x_wconf 90' lang='lat'><strong>..</strong></span> <span class='ocrx_word' id='word_1_8' title='bbox 751 588 818 656; x_wconf 87' lang='lat' dir='ltr'><strong>Nos</strong></span> <span class='ocrx_word' id='word_1_9' title='bbox 841 587 962 654; x_wconf 90' lang='lat' dir='ltr'><strong>dudum</strong></span> <span class='ocrx_word' id='word_1_10' title='bbox 976 638 984 653; x_wconf 89' lang='lat'><strong>.</strong></span> <span class='ocrx_word' id='word_1_11' title='bbox 998 635 1028 654; x_wconf 89' lang='lat'><strong>..</strong></span> <span class='ocrx_word' id='word_1_12' title='bbox 1048 585 1172 654; x_wconf 81' lang='lat' dir='ltr'><strong>Mathia</strong></span> <span class='ocrx_word' id='word_1_13' title='bbox 1195 582 1442 669; x_wconf 79' lang='lat' dir='ltr'><strong>archiepiscopo</strong></span> <span class='ocrx_word' id='word_1_14' title='bbox 1465 577 1604 659; x_wconf 73' lang='lat' dir='ltr'><strong>uagan-</strong></span> 
     </span>
     <span class='ocr_line' id='line_1_3' title="bbox 262 682 1604 780; baseline -0.012 -19"><span class='ocrx_word' id='word_1_15' title='bbox 262 696 329 762; x_wconf 91' lang='lat' dir='ltr'><strong>tino</strong></span> <span class='ocrx_word' id='word_1_16' title='bbox 354 694 462 762; x_wconf 90' lang='lat' dir='ltr'><strong>adhuc</strong></span> <span class='ocrx_word' id='word_1_17' title='bbox 485 696 518 760; x_wconf 90' lang='lat' dir='ltr'><strong>in</strong></span> <span class='ocrx_word' id='word_1_18' title='bbox 543 693 691 760; x_wconf 92' lang='lat' dir='ltr'><strong>humanis</strong></span> <span class='ocrx_word' id='word_1_19' title='bbox 715 701 843 778; x_wconf 80' lang='lat' dir='ltr'><strong>agente,</strong></span> <span class='ocrx_word' id='word_1_20' title='bbox 942 695 1043 780; x_wconf 90' lang='lat' dir='ltr'><strong>ipsius</strong></span> <span class='ocrx_word' id='word_1_21' title='bbox 1065 695 1201 760; x_wconf 81' lang='lat' dir='ltr'><strong>ecclesie</strong></span> <span class='ocrx_word' id='word_1_22' title='bbox 1225 689 1442 778; x_wconf 88' lang='lat' dir='ltr'><strong>provisionem</strong></span> <span class='ocrx_word' id='word_1_23' title='bbox 1466 682 1604 750; x_wconf 86' lang='lat' dir='ltr'><strong>carice</strong></span> 
     </span>
     <span class='ocr_line' id='line_1_4' title="bbox 264 786 1603 892; baseline -0.013 -24"><span class='ocrx_word' id='word_1_24' title='bbox 264 851 316 868; x_wconf 89' lang='lat'><strong>...</strong></span> <span class='ocrx_word' id='word_1_25' title='bbox 333 802 426 868; x_wconf 92' lang='lat' dir='ltr'><strong>nohis</strong></span> <span class='ocrx_word' id='word_1_26' title='bbox 440 852 447 866; x_wconf 92' lang='lat'><strong>.</strong></span> <span class='ocrx_word' id='word_1_27' title='bbox 462 851 469 865; x_wconf 92' lang='lat'><strong>.</strong></span> <span class='ocrx_word' id='word_1_28' title='bbox 485 850 490 863; x_wconf 93' lang='lat'>.</span> <span class='ocrx_word' id='word_1_29' title='bbox 507 801 656 892; x_wconf 72' lang='lat' dir='ltr'><strong>dunimus</strong></span> <span class='ocrx_word' id='word_1_30' title='bbox 678 800 863 886; x_wconf 84' lang='lat' dir='ltr'><strong>specialiter</strong></span> <span class='ocrx_word' id='word_1_31' title='bbox 886 801 1124 867; x_wconf 85' lang='lat' dir='ltr'><strong>reservandam.</strong></span> <span class='ocrx_word' id='word_1_32' title='bbox 1155 796 1363 866; x_wconf 89' lang='lat' dir='ltr'><strong>Postmodum</strong></span> <span class='ocrx_word' id='word_1_33' title='bbox 1385 812 1462 860; x_wconf 91' lang='lat' dir='ltr'><strong>vero</strong></span> <span class='ocrx_word' id='word_1_34' title='bbox 1486 786 1603 856; x_wconf 92' lang='lat' dir='ltr'><strong>eodem</strong></span> 
     </span>
     <span class='ocr_line' id='line_1_5' title="bbox 263 895 1604 994; baseline -0.01 -20"><span class='ocrx_word' id='word_1_35' title='bbox 263 909 528 994; x_wconf 87' lang='lat' dir='ltr'><strong>archiepiscopo.</strong></span> <span class='ocrx_word' id='word_1_36' title='bbox 545 961 551 976; x_wconf 94' lang='lat'>.</span> <span class='ocrx_word' id='word_1_37' title='bbox 567 955 574 969; x_wconf 91' lang='lat'><strong>.</strong></span> <span class='ocrx_word' id='word_1_38' title='bbox 589 909 657 973; x_wconf 90' lang='lat' dir='ltr'><strong>vita</strong></span> <span class='ocrx_word' id='word_1_39' title='bbox 680 907 790 973; x_wconf 91' lang='lat' dir='ltr'><strong>iuncto</strong></span> <span class='ocrx_word' id='word_1_40' title='bbox 805 959 812 975; x_wconf 93' lang='lat'><strong>.</strong></span> <span class='ocrx_word' id='word_1_41' title='bbox 827 955 834 968; x_wconf 92' lang='lat'><strong>.</strong></span> <span class='ocrx_word' id='word_1_42' title='bbox 850 957 857 972; x_wconf 92' lang='lat'><strong>.</strong></span> <span class='ocrx_word' id='word_1_43' title='bbox 872 909 1045 974; x_wconf 88' lang='lat' dir='ltr'><strong>Henricum</strong></span> <span class='ocrx_word' id='word_1_44' title='bbox 1070 909 1207 974; x_wconf 91' lang='lat' dir='ltr'><strong>electum</strong></span> <span class='ocrx_word' id='word_1_45' title='bbox 1231 905 1455 990; x_wconf 84' lang='lat' dir='ltr'><strong>Maguntinnm</strong></span> <span class='ocrx_word' id='word_1_46' title='bbox 1469 950 1476 964; x_wconf 92' lang='lat'><strong>.</strong></span> <span class='ocrx_word' id='word_1_47' title='bbox 1492 948 1500 963; x_wconf 93' lang='lat'><em>.</em></span> <span class='ocrx_word' id='word_1_48' title='bbox 1515 947 1522 963; x_wconf 91' lang='lat'><strong>.</strong></span> <span class='ocrx_word' id='word_1_49' title='bbox 1536 895 1604 961; x_wconf 83' lang='lat' dir='ltr'><strong>hia·</strong></span> 
     </span>
     <span class='ocr_line' id='line_1_6' title="bbox 263 1008 1606 1100; baseline -0.01 -21"><span class='ocrx_word' id='word_1_50' title='bbox 263 1016 397 1100; x_wconf 85' lang='lat' dir='ltr'><strong>guntiae</strong></span> <span class='ocrx_word' id='word_1_51' title='bbox 426 1015 563 1081; x_wconf 89' lang='lat' dir='ltr'><strong>ecclesie</strong></span> <span class='ocrx_word' id='word_1_52' title='bbox 585 1063 638 1080; x_wconf 90' lang='lat'><strong>...</strong></span> <span class='ocrx_word' id='word_1_53' title='bbox 658 1013 852 1100; x_wconf 87' lang='lat' dir='ltr'><strong>prefecimus</strong></span> <span class='ocrx_word' id='word_1_54' title='bbox 871 1065 877 1078; x_wconf 91' lang='lat'><strong><em>.</em></strong></span> <span class='ocrx_word' id='word_1_55' title='bbox 894 1063 923 1079; x_wconf 89' lang='lat'><strong>..</strong></span> <span class='ocrx_word' id='word_1_56' title='bbox 949 1015 992 1079; x_wconf 85' lang='lat' dir='ltr'><strong>Et</strong></span> <span class='ocrx_word' id='word_1_57' title='bbox 1015 1015 1092 1081; x_wconf 89' lang='lat' dir='ltr'><strong>licet</strong></span> <span class='ocrx_word' id='word_1_58' title='bbox 1114 1020 1248 1100; x_wconf 88' lang='lat' dir='ltr'><strong>postea.</strong></span> <span class='ocrx_word' id='word_1_59' title='bbox 1263 1063 1271 1078; x_wconf 90' lang='lat'>.</span> <span class='ocrx_word' id='word_1_60' title='bbox 1286 1063 1294 1077; x_wconf 93' lang='lat'><em>.</em></span> <span class='ocrx_word' id='word_1_61' title='bbox 1308 1008 1471 1095; x_wconf 87' lang='lat' dir='ltr'><strong>quandam</strong></span> <span class='ocrx_word' id='word_1_62' title='bbox 1495 1009 1606 1090; x_wconf 91' lang='lat' dir='ltr'><strong>postn-</strong></span> 
     </span>
     <span class='ocr_line' id='line_1_7' title="bbox 264 1119 1606 1207; baseline -0.008 -22"><span class='ocrx_word' id='word_1_63' title='bbox 264 1121 417 1187; x_wconf 89' lang='lat' dir='ltr'><strong>lationem</strong></span> <span class='ocrx_word' id='word_1_64' title='bbox 442 1119 483 1186; x_wconf 90' lang='lat' dir='ltr'><strong>de</strong></span> <span class='ocrx_word' id='word_1_65' title='bbox 581 1121 749 1206; x_wconf 83' lang='lat' dir='ltr'><strong>Balduyno</strong></span> <span class='ocrx_word' id='word_1_66' title='bbox 779 1120 1021 1207; x_wconf 84' lang='lat' dir='ltr'><strong>archiepiscopo</strong></span> <span class='ocrx_word' id='word_1_67' title='bbox 1045 1119 1238 1186; x_wconf 82' lang='lat' dir='ltr'><strong>Treverensi</strong></span> <span class='ocrx_word' id='word_1_68' title='bbox 1265 1126 1380 1204; x_wconf 90' lang='lat' dir='ltr'><strong>patruo</strong></span> <span class='ocrx_word' id='word_1_69' title='bbox 1409 1120 1465 1179; x_wconf 93' lang='lat' dir='ltr'><strong>tuo</strong></span> <span class='ocrx_word' id='word_1_70' title='bbox 1494 1129 1606 1197; x_wconf 92' lang='lat' dir='ltr'><strong>perce·</strong></span> 
     </span>
     <span class='ocr_line' id='line_1_8' title="bbox 265 1223 1608 1313; baseline -0.007 -21"><span class='ocrx_word' id='word_1_71' title='bbox 265 1227 370 1313; x_wconf 91' lang='lat' dir='ltr'><strong>pimus</strong></span> <span class='ocrx_word' id='word_1_72' title='bbox 400 1230 432 1292; x_wconf 93' lang='lat' dir='ltr'><strong>in</strong></span> <span class='ocrx_word' id='word_1_73' title='bbox 466 1226 578 1293; x_wconf 91' lang='lat' dir='ltr'><strong>eadem</strong></span> <span class='ocrx_word' id='word_1_74' title='bbox 604 1227 793 1311; x_wconf 83' lang='lat' dir='ltr'><strong>Magantina</strong></span> <span class='ocrx_word' id='word_1_75' title='bbox 822 1227 960 1293; x_wconf 88' lang='lat' dir='ltr'><strong>ecclesia</strong></span> <span class='ocrx_word' id='word_1_76' title='bbox 986 1227 1119 1310; x_wconf 86' lang='lat' dir='ltr'><strong>factam,</strong></span> <span class='ocrx_word' id='word_1_77' title='bbox 1148 1247 1243 1310; x_wconf 91' lang='lat' dir='ltr'><strong>qnam</strong></span> <span class='ocrx_word' id='word_1_78' title='bbox 1273 1225 1385 1306; x_wconf 91' lang='lat' dir='ltr'><strong>utique</strong></span> <span class='ocrx_word' id='word_1_79' title='bbox 1413 1241 1475 1286; x_wconf 93' lang='lat' dir='ltr'><strong>nec</strong></span> <span class='ocrx_word' id='word_1_80' title='bbox 1498 1223 1608 1304; x_wconf 90' lang='lat' dir='ltr'><strong>postu-</strong></span> 
     </span>
     <span class='ocr_line' id='line_1_9' title="bbox 265 1327 1609 1418; baseline -0.007 -20"><span class='ocrx_word' id='word_1_81' title='bbox 265 1335 370 1400; x_wconf 88' lang='lat' dir='ltr'><strong>lantes</strong></span> <span class='ocrx_word' id='word_1_82' title='bbox 403 1342 594 1400; x_wconf 90' lang='lat' dir='ltr'><strong>curavernnt</strong></span> <span class='ocrx_word' id='word_1_83' title='bbox 628 1332 737 1400; x_wconf 90' lang='lat' dir='ltr'><strong>debite</strong></span> <span class='ocrx_word' id='word_1_84' title='bbox 767 1333 918 1418; x_wconf 91' lang='lat' dir='ltr'><strong>prosequi</strong></span> <span class='ocrx_word' id='word_1_85' title='bbox 942 1353 1003 1400; x_wconf 88' lang='lat' dir='ltr'><strong>nec</strong></span> <span class='ocrx_word' id='word_1_86' title='bbox 1026 1334 1113 1399; x_wconf 85' lang='lat' dir='ltr'><strong>inira</strong></span> <span class='ocrx_word' id='word_1_87' title='bbox 1135 1340 1262 1417; x_wconf 91' lang='lat' dir='ltr'><strong>tempus</strong></span> <span class='ocrx_word' id='word_1_88' title='bbox 1285 1352 1305 1397; x_wconf 85' lang='lat' dir='ltr'><strong>a</strong></span> <span class='ocrx_word' id='word_1_89' title='bbox 1329 1327 1510 1396; x_wconf 87' lang='lat' dir='ltr'><strong>canonibus</strong></span> <span class='ocrx_word' id='word_1_90' title='bbox 1534 1343 1609 1389; x_wconf 92' lang='lat' dir='ltr'><strong>con·</strong></span> 
     </span>
     <span class='ocr_line' id='line_1_10' title="bbox 266 1429 1608 1524; baseline -0.01 -18"><span class='ocrx_word' id='word_1_91' title='bbox 266 1439 412 1507; x_wconf 85' lang='lat' dir='ltr'><strong>stitutum</strong></span> <span class='ocrx_word' id='word_1_92' title='bbox 446 1459 506 1505; x_wconf 90' lang='lat' dir='ltr'><strong>nec</strong></span> <span class='ocrx_word' id='word_1_93' title='bbox 539 1446 654 1524; x_wconf 87' lang='lat' dir='ltr'><strong>postea</strong></span> <span class='ocrx_word' id='word_1_94' title='bbox 683 1447 881 1524; x_wconf 88' lang='lat' dir='ltr'><strong>presentare,</strong></span> <span class='ocrx_word' id='word_1_95' title='bbox 915 1440 973 1506; x_wconf 92' lang='lat' dir='ltr'><strong>sed</strong></span> <span class='ocrx_word' id='word_1_96' title='bbox 997 1441 1083 1523; x_wconf 94' lang='lat' dir='ltr'><strong>quod</strong></span> <span class='ocrx_word' id='word_1_97' title='bbox 1111 1441 1145 1505; x_wconf 93' lang='lat' dir='ltr'><strong>in</strong></span> <span class='ocrx_word' id='word_1_98' title='bbox 1167 1458 1301 1523; x_wconf 81' lang='lat' dir='ltr'><strong>gravem</strong></span> <span class='ocrx_word' id='word_1_99' title='bbox 1326 1436 1380 1502; x_wconf 93' lang='lat' dir='ltr'><strong>dei</strong></span> <span class='ocrx_word' id='word_1_100' title='bbox 1405 1441 1439 1500; x_wconf 88' lang='lat' dir='ltr'><strong>et</strong></span> <span class='ocrx_word' id='word_1_101' title='bbox 1462 1429 1608 1498; x_wconf 91' lang='lat' dir='ltr'><strong>eiusdem</strong></span> 
     </span>
     <span class='ocr_line' id='line_1_11' title="bbox 268 1535 1610 1630; baseline -0.007 -19"><span class='ocrx_word' id='word_1_102' title='bbox 268 1545 475 1612; x_wconf 68' lang='lat' dir='ltr'><strong>redundarea</strong></span> <span class='ocrx_word' id='word_1_103' title='bbox 499 1548 641 1612; x_wconf 88' lang='lat' dir='ltr'><strong>noscitur</strong></span> <span class='ocrx_word' id='word_1_104' title='bbox 677 1545 826 1630; x_wconf 90' lang='lat' dir='ltr'><strong>[ecclesie</strong></span> <span class='ocrx_word' id='word_1_105' title='bbox 850 1546 1069 1629; x_wconf 83' lang='lat' dir='ltr'><strong>offensionem,</strong></span> <span class='ocrx_word' id='word_1_106' title='bbox 1104 1544 1303 1630; x_wconf 85' lang='lat' dir='ltr'><strong>Balduynus]</strong></span> <span class='ocrx_word' id='word_1_107' title='bbox 1333 1535 1610 1609; x_wconf 87' lang='lat' dir='ltr'><strong>administrationi</strong></span> 
     </span>
     <span class='ocr_line' id='line_1_12' title="bbox 268 1643 1611 1739; baseline -0.008 -21"><span class='ocrx_word' id='word_1_108' title='bbox 268 1653 356 1719; x_wconf 87' lang='lat' dir='ltr'><strong>dicte</strong></span> <span class='ocrx_word' id='word_1_109' title='bbox 396 1653 583 1736; x_wconf 84' lang='lat' dir='ltr'><strong>Magantine</strong></span> <span class='ocrx_word' id='word_1_110' title='bbox 618 1652 755 1720; x_wconf 84' lang='lat' dir='ltr'><strong>ecclesie</strong></span> <span class='ocrx_word' id='word_1_111' title='bbox 791 1651 876 1736; x_wconf 87' lang='lat' dir='ltr'><strong>[non]</strong></span> <span class='ocrx_word' id='word_1_112' title='bbox 911 1653 1033 1736; x_wconf 92' lang='lat' dir='ltr'><strong>absque</strong></span> <span class='ocrx_word' id='word_1_113' title='bbox 1064 1652 1305 1739; x_wconf 91' lang='lat' dir='ltr'><strong>presumptione</strong></span> <span class='ocrx_word' id='word_1_114' title='bbox 1338 1643 1540 1734; x_wconf 88' lang='lat' dir='ltr'><strong>dampnabili</strong></span> <span class='ocrx_word' id='word_1_115' title='bbox 1574 1661 1611 1708; x_wconf 92' lang='lat' dir='ltr'><strong>se</strong></span> 
     </span>
     <span class='ocr_line' id='line_1_13' title="bbox 268 1750 1612 1844; baseline -0.008 -20"><span class='ocrx_word' id='word_1_116' title='bbox 268 1761 447 1826; x_wconf 87' lang='lat' dir='ltr'><strong>immiscere</strong></span> <span class='ocrx_word' id='word_1_117' title='bbox 483 1759 687 1844; x_wconf 88' lang='lat' dir='ltr'><strong>presumpsit.</strong></span> <span class='ocrx_word' id='word_1_118' title='bbox 744 1759 812 1826; x_wconf 89' lang='lat' dir='ltr'><strong>Nos</strong></span> <span class='ocrx_word' id='word_1_119' title='bbox 839 1765 947 1826; x_wconf 87' lang='lat' dir='ltr'><strong>tamen</strong></span> <span class='ocrx_word' id='word_1_120' title='bbox 984 1780 1046 1824; x_wconf 93' lang='lat' dir='ltr'><strong>non</strong></span> <span class='ocrx_word' id='word_1_121' title='bbox 1084 1759 1180 1826; x_wconf 90' lang='lat' dir='ltr'><strong>decet</strong></span> <span class='ocrx_word' id='word_1_122' title='bbox 1217 1778 1279 1824; x_wconf 91' lang='lat' dir='ltr'><strong>nec</strong></span> <span class='ocrx_word' id='word_1_123' title='bbox 1311 1756 1423 1822; x_wconf 90' lang='lat' dir='ltr'><strong>decuit</strong></span> <span class='ocrx_word' id='word_1_124' title='bbox 1451 1771 1514 1818; x_wconf 89' lang='lat' dir='ltr'><strong>nec</strong></span> <span class='ocrx_word' id='word_1_125' title='bbox 1541 1750 1612 1816; x_wconf 91' lang='lat' dir='ltr'><strong>sine</strong></span> 
     </span>
     <span class='ocr_line' id='line_1_14' title="bbox 269 1862 1614 1952; baseline -0.007 -22"><span class='ocrx_word' id='word_1_126' title='bbox 269 1865 324 1931; x_wconf 91' lang='lat' dir='ltr'><strong>dei</strong></span> <span class='ocrx_word' id='word_1_127' title='bbox 347 1865 471 1932; x_wconf 82' lang='lat' dir='ltr'><strong>offensa</strong></span> <span class='ocrx_word' id='word_1_128' title='bbox 500 1864 689 1947; x_wconf 89' lang='lat' dir='ltr'><strong>notoriaque</strong></span> <span class='ocrx_word' id='word_1_129' title='bbox 719 1864 835 1931; x_wconf 86' lang='lat' dir='ltr'><strong>iniuria</strong></span> <span class='ocrx_word' id='word_1_130' title='bbox 863 1866 999 1951; x_wconf 83' lang='lat' dir='ltr'><strong>proximi</strong></span> <span class='ocrx_word' id='word_1_131' title='bbox 1023 1867 1184 1952; x_wconf 91' lang='lat' dir='ltr'><strong>potuimus</strong></span> <span class='ocrx_word' id='word_1_132' title='bbox 1208 1865 1431 1950; x_wconf 86' lang='lat' dir='ltr'><strong>provisionem</strong></span> <span class='ocrx_word' id='word_1_133' title='bbox 1467 1862 1614 1924; x_wconf 83' lang='lat' dir='ltr'><strong>nostram</strong></span> 
     </span>
     <span class='ocr_line' id='line_1_15' title="bbox 270 1961 1614 2047; baseline -0.007 -11"><span class='ocrx_word' id='word_1_134' title='bbox 270 1973 318 2036; x_wconf 92' lang='lat' dir='ltr'><strong>sic</strong></span> <span class='ocrx_word' id='word_1_135' title='bbox 351 1971 472 2037; x_wconf 84' lang='lat' dir='ltr'><strong>iactam</strong></span> <span class='ocrx_word' id='word_1_136' title='bbox 501 1969 535 2035; x_wconf 93' lang='lat' dir='ltr'><strong>iu</strong></span> <span class='ocrx_word' id='word_1_137' title='bbox 559 1970 747 2036; x_wconf 90' lang='lat' dir='ltr'><strong>consistorio</strong></span> <span class='ocrx_word' id='word_1_138' title='bbox 770 1978 879 2038; x_wconf 88' lang='lat' dir='ltr'><strong>nostro</strong></span> <span class='ocrx_word' id='word_1_139' title='bbox 903 1972 1086 2039; x_wconf 90' lang='lat' dir='ltr'><strong>solemniter</strong></span> <span class='ocrx_word' id='word_1_140' title='bbox 1109 1990 1272 2038; x_wconf 89' lang='lat' dir='ltr'><strong>revocare.</strong></span> <span class='ocrx_word' id='word_1_141' title='bbox 1320 1968 1428 2047; x_wconf 87' lang='lat' dir='ltr'><strong>Quare</strong></span> <span class='ocrx_word' id='word_1_142' title='bbox 1450 1985 1523 2042; x_wconf 91' lang='lat' dir='ltr'><strong>nos,</strong></span> <span class='ocrx_word' id='word_1_143' title='bbox 1556 1961 1614 2046; x_wconf 90' lang='lat' dir='ltr'><strong>qui</strong></span> 
     </span>
     <span class='ocr_line' id='line_1_16' title="bbox 272 2069 1616 2163; baseline -0.006 -22"><span class='ocrx_word' id='word_1_144' title='bbox 272 2076 435 2161; x_wconf 84' lang='lat' dir='ltr'><strong>prefatum</strong></span> <span class='ocrx_word' id='word_1_145' title='bbox 459 2075 735 2160; x_wconf 89' lang='lat' dir='ltr'><strong>archiepiscopum</strong></span> <span class='ocrx_word' id='word_1_146' title='bbox 759 2076 879 2143; x_wconf 89' lang='lat' dir='ltr'><strong>hahere</strong></span> <span class='ocrx_word' id='word_1_147' title='bbox 902 2078 974 2143; x_wconf 91' lang='lat' dir='ltr'><strong>loco</strong></span> <span class='ocrx_word' id='word_1_148' title='bbox 993 2085 1026 2142; x_wconf 91' lang='lat' dir='ltr'><strong>et</strong></span> <span class='ocrx_word' id='word_1_149' title='bbox 1047 2085 1190 2163; x_wconf 88' lang='lat' dir='ltr'><strong>tempore</strong></span> <span class='ocrx_word' id='word_1_150' title='bbox 1214 2077 1381 2161; x_wconf 86' lang='lat' dir='ltr'><strong>oportunis</strong></span> <span class='ocrx_word' id='word_1_151' title='bbox 1403 2069 1616 2148; x_wconf 86' lang='lat' dir='ltr'><strong>intendimus,</strong></span> 
     </span>
     <span class='ocr_line' id='line_1_17' title="bbox 274 2177 1617 2268; baseline -0.005 -21"><span class='ocrx_word' id='word_1_152' title='bbox 274 2187 369 2268; x_wconf 88' lang='lat' dir='ltr'><strong>prout</strong></span> <span class='ocrx_word' id='word_1_153' title='bbox 408 2183 476 2248; x_wconf 89' lang='lat' dir='ltr'><strong>eius</strong></span> <span class='ocrx_word' id='word_1_154' title='bbox 515 2183 627 2264; x_wconf 81' lang='lat' dir='ltr'><strong>exiget</strong></span> <span class='ocrx_word' id='word_1_155' title='bbox 661 2180 806 2265; x_wconf 91' lang='lat' dir='ltr'><strong>devotio,</strong></span> <span class='ocrx_word' id='word_1_156' title='bbox 854 2183 1120 2268; x_wconf 85' lang='lat' dir='ltr'><strong>commendatum,</strong></span> <span class='ocrx_word' id='word_1_157' title='bbox 1156 2183 1275 2250; x_wconf 89' lang='lat' dir='ltr'><strong>habeat</strong></span> <span class='ocrx_word' id='word_1_158' title='bbox 1306 2181 1399 2266; x_wconf 83' lang='lat' dir='ltr'><strong>regia</strong></span> <span class='ocrx_word' id='word_1_159' title='bbox 1431 2177 1617 2244; x_wconf 87' lang='lat' dir='ltr'><strong>sublimitas</strong></span> 
     </span>
     <span class='ocr_line' id='line_1_18' title="bbox 274 2285 1617 2374; baseline -0.004 -21"><span class='ocrx_word' id='word_1_160' title='bbox 274 2306 371 2372; x_wconf 90' lang='lat' dir='ltr'><strong>super</strong></span> <span class='ocrx_word' id='word_1_161' title='bbox 405 2286 465 2353; x_wconf 91' lang='lat' dir='ltr'><strong>hiis</strong></span> <span class='ocrx_word' id='word_1_162' title='bbox 497 2293 679 2353; x_wconf 84' lang='lat' dir='ltr'><strong>excusatos.</strong></span> <span class='ocrx_word' id='word_1_163' title='bbox 742 2287 905 2372; x_wconf 86' lang='lat' dir='ltr'><strong>Rogamus</strong></span> <span class='ocrx_word' id='word_1_164' title='bbox 938 2293 1047 2374; x_wconf 83' lang='lat' dir='ltr'><strong>itaque</strong></span> <span class='ocrx_word' id='word_1_165' title='bbox 1080 2292 1284 2357; x_wconf 87' lang='lat' dir='ltr'><strong>serenitatem</strong></span> <span class='ocrx_word' id='word_1_166' title='bbox 1308 2289 1432 2374; x_wconf 85' lang='lat' dir='ltr'><strong>regiam</strong></span> <span class='ocrx_word' id='word_1_167' title='bbox 1457 2285 1617 2352; x_wconf 88' lang='lat' dir='ltr'><strong>attentius</strong></span> 
     </span>
     <span class='ocr_line' id='line_1_19' title="bbox 276 2393 1618 2484; baseline -0.001 -25"><span class='ocrx_word' id='word_1_168' title='bbox 276 2400 310 2459; x_wconf 93' lang='lat' dir='ltr'><strong>et</strong></span> <span class='ocrx_word' id='word_1_169' title='bbox 348 2393 521 2468; x_wconf 86' lang='lat' dir='ltr'><strong>hortamur,</strong></span> <span class='ocrx_word' id='word_1_170' title='bbox 567 2393 716 2476; x_wconf 88' lang='lat' dir='ltr'><strong>quatinus</strong></span> <span class='ocrx_word' id='word_1_171' title='bbox 755 2394 858 2462; x_wconf 90' lang='lat' dir='ltr'><strong>eidem</strong></span> <span class='ocrx_word' id='word_1_172' title='bbox 901 2398 1144 2484; x_wconf 86' lang='lat' dir='ltr'><strong>archiepiscopo</strong></span> <span class='ocrx_word' id='word_1_173' title='bbox 1177 2397 1323 2479; x_wconf 90' lang='lat' dir='ltr'><strong>suadeat,</strong></span> <span class='ocrx_word' id='word_1_174' title='bbox 1362 2403 1398 2460; x_wconf 90' lang='lat' dir='ltr'><strong>ut</strong></span> <span class='ocrx_word' id='word_1_175' title='bbox 1433 2414 1493 2480; x_wconf 88' lang='lat' dir='ltr'><strong>per</strong></span> <span class='ocrx_word' id='word_1_176' title='bbox 1515 2393 1618 2457; x_wconf 89' lang='lat' dir='ltr'><strong>intru-</strong></span> 
     </span>
     <span class='ocr_line' id='line_1_20' title="bbox 276 2499 1620 2584; baseline -0.003 -19"><span class='ocrx_word' id='word_1_177' title='bbox 276 2501 397 2566; x_wconf 90' lang='lat' dir='ltr'><strong>sionem</strong></span> <span class='ocrx_word' id='word_1_178' title='bbox 426 2499 668 2584; x_wconf 88' lang='lat' dir='ltr'><strong>occupationem</strong></span> <span class='ocrx_word' id='word_1_179' title='bbox 698 2500 748 2564; x_wconf 90' lang='lat' dir='ltr'><strong>vel</strong></span> <span class='ocrx_word' id='word_1_180' title='bbox 777 2499 992 2568; x_wconf 88' lang='lat' dir='ltr'><strong>detentionem</strong></span> <span class='ocrx_word' id='word_1_181' title='bbox 1026 2505 1179 2569; x_wconf 90' lang='lat' dir='ltr'><strong>honorum</strong></span> <span class='ocrx_word' id='word_1_182' title='bbox 1203 2504 1343 2570; x_wconf 91' lang='lat' dir='ltr'><strong>locorum</strong></span> <span class='ocrx_word' id='word_1_183' title='bbox 1369 2507 1402 2567; x_wconf 88' lang='lat' dir='ltr'><strong>et</strong></span> <span class='ocrx_word' id='word_1_184' title='bbox 1426 2501 1543 2565; x_wconf 91' lang='lat' dir='ltr'><strong>inrium</strong></span> <span class='ocrx_word' id='word_1_185' title='bbox 1569 2517 1620 2562; x_wconf 88' lang='lat' dir='ltr'><strong>ec·</strong></span> 
     </span>
     <span class='ocr_line' id='line_1_21' title="bbox 278 2603 1620 2694; baseline -0.001 -24"><span class='ocrx_word' id='word_1_186' title='bbox 278 2606 376 2671; x_wconf 91' lang='lat' dir='ltr'><strong>clesie</strong></span> <span class='ocrx_word' id='word_1_187' title='bbox 406 2603 593 2688; x_wconf 82' lang='lat' dir='ltr'><strong>Magantine</strong></span> <span class='ocrx_word' id='word_1_188' title='bbox 700 2608 872 2689; x_wconf 89' lang='lat' dir='ltr'><strong>provisioni</strong></span> <span class='ocrx_word' id='word_1_189' title='bbox 904 2608 1050 2694; x_wconf 89' lang='lat' dir='ltr'><strong>predicte</strong></span> <span class='ocrx_word' id='word_1_190' title='bbox 1083 2610 1261 2693; x_wconf 88' lang='lat' dir='ltr'><strong>apostolice</strong></span> <span class='ocrx_word' id='word_1_191' title='bbox 1293 2608 1478 2673; x_wconf 90' lang='lat' dir='ltr'><strong>nullatenus</strong></span> <span class='ocrx_word' id='word_1_192' title='bbox 1502 2624 1538 2671; x_wconf 90' lang='lat' dir='ltr'><strong>se</strong></span> <span class='ocrx_word' id='word_1_193' title='bbox 1563 2624 1620 2688; x_wconf 85' lang='lat' dir='ltr'><strong>op</strong></span> 
     </span>
     <span class='ocr_line' id='line_1_22' title="bbox 278 2712 1510 2798; baseline 0.002 -22"><span class='ocrx_word' id='word_1_194' title='bbox 278 2716 388 2798; x_wconf 87' lang='lat' dir='ltr'><strong>ponat,</strong></span> <span class='ocrx_word' id='word_1_195' title='bbox 413 2717 448 2775; x_wconf 90' lang='lat' dir='ltr'><strong>ut</strong></span> <span class='ocrx_word' id='word_1_196' title='bbox 472 2717 659 2776; x_wconf 89' lang='lat' dir='ltr'><strong>tenetur...</strong></span> <span class='ocrx_word' id='word_1_197' title='bbox 695 2712 770 2776; x_wconf 89' lang='lat' dir='ltr'><strong>Dat.</strong></span> <span class='ocrx_word' id='word_1_198' title='bbox 795 2712 889 2779; x_wconf 72' lang='lat' dir='ltr'><strong>rivin.</strong></span> <span class='ocrx_word' id='word_1_199' title='bbox 916 2715 959 2779; x_wconf 95' lang='lat' dir='ltr'><strong>Vl</strong></span> <span class='ocrx_word' id='word_1_200' title='bbox 983 2714 1036 2780; x_wconf 90' lang='lat' dir='ltr'><strong>die</strong></span> <span class='ocrx_word' id='word_1_201' title='bbox 1059 2717 1195 2781; x_wconf 88' lang='lat' dir='ltr'><strong>ianuarii</strong></span> <span class='ocrx_word' id='word_1_202' title='bbox 1219 2737 1248 2781; x_wconf 91' lang='lat' dir='ltr'><strong>a.</strong></span> <span class='ocrx_word' id='word_1_203' title='bbox 1266 2713 1510 2781; x_wconf 89' lang='lat' dir='ltr'><strong>terciodecimo.</strong></span> 
     </span>
     <span class='ocr_line' id='line_1_23' title="bbox 433 2833 938 2904; baseline 0.006 -16"><span class='ocrx_word' id='word_1_204' title='bbox 433 2834 505 2903; x_wconf 71' lang='lat' dir='ltr'><strong>Ray.</strong></span> <span class='ocrx_word' id='word_1_205' title='bbox 525 2836 578 2888; x_wconf 83' lang='lat'><strong>115</strong></span> <span class='ocrx_word' id='word_1_206' title='bbox 596 2848 642 2902; x_wconf 85' lang='lat' dir='ltr'><strong>ps.</strong></span> <span class='ocrx_word' id='word_1_207' title='bbox 662 2834 679 2888; x_wconf 94' lang='lat'><strong><em>1</em></strong></span> <span class='ocrx_word' id='word_1_208' title='bbox 695 2833 720 2904; x_wconf 77' lang='lat' dir='ltr'><strong>f.</strong></span> <span class='ocrx_word' id='word_1_209' title='bbox 739 2835 788 2888; x_wconf 71' lang='lat'><strong>931</strong></span> <span class='ocrx_word' id='word_1_210' title='bbox 805 2851 851 2889; x_wconf 81' lang='lat' dir='ltr'><strong>rar.</strong></span> <span class='ocrx_word' id='word_1_211' title='bbox 872 2837 938 2892; x_wconf 79' lang='lat'><strong><em>528.</em></strong></span> 
     </span>
    </p>
   </div>
   <div class='ocr_carea' id='block_1_3' title="bbox 387 3108 1059 3200">
    <p class='ocr_par' dir='ltr' id='par_1_3' title="bbox 387 3108 1059 3200">
     <span class='ocr_line' id='line_1_24' title="bbox 387 3108 1059 3200; baseline 0 -19"><span class='ocrx_word' id='word_1_212' title='bbox 387 3113 511 3182; x_wconf 72' lang='grc'><strong>1590.</strong></span> <span class='ocrx_word' id='word_1_213' title='bbox 542 3115 629 3178; x_wconf 83' lang='grc'><em>1329</em></span> <span class='ocrx_word' id='word_1_214' title='bbox 650 3115 812 3179; x_wconf 82' lang='lat' dir='ltr'><strong>Jaoaaor</strong></span> <span class='ocrx_word' id='word_1_215' title='bbox 835 3117 866 3179; x_wconf 89' lang='lat'><strong>6.</strong></span> <span class='ocrx_word' id='word_1_216' title='bbox 895 3108 1059 3200; x_wconf 74' lang='lat' dir='ltr'><strong>Aoipaoo.</strong></span> 
     </span>
    </p>
   </div>
   <div class='ocr_carea' id='block_1_4' title="bbox 385 3253 1338 3343">
    <p class='ocr_par' dir='ltr' id='par_1_4' title="bbox 385 3253 1338 3343">
     <span class='ocr_line' id='line_1_25' title="bbox 385 3253 1338 3343; baseline 0.002 -20"><span class='ocrx_word' id='word_1_217' title='bbox 385 3256 558 3343; x_wconf 84' lang='lat' dir='ltr'><strong>[lohannes</strong></span> <span class='ocrx_word' id='word_1_218' title='bbox 583 3253 693 3338; x_wconf 87' lang='lat' dir='ltr'>XXII]</span> <span class='ocrx_word' id='word_1_219' title='bbox 717 3253 821 3320; x_wconf 88' lang='lat' dir='ltr'><strong>eidem</strong></span> <span class='ocrx_word' id='word_1_220' title='bbox 846 3255 1088 3342; x_wconf 88' lang='lat' dir='ltr'><strong>archiepiscopo</strong></span> <span class='ocrx_word' id='word_1_221' title='bbox 1112 3258 1338 3342; x_wconf 80' lang='lat' dir='ltr'><strong>[Treverensil.</strong></span> 
     </span>
    </p>
   </div>
   <div class='ocr_carea' id='block_1_5' title="bbox 281 3363 1632 4511">
    <p class='ocr_par' dir='ltr' id='par_1_5' title="bbox 281 3363 1632 4511">
     <span class='ocr_line' id='line_1_26' title="bbox 388 3363 1626 3449; baseline -0.001 -19"><span class='ocrx_word' id='word_1_222' title='bbox 388 3364 439 3430; x_wconf 85' lang='lat' dir='ltr'><strong>Ad</strong></span> <span class='ocrx_word' id='word_1_223' title='bbox 471 3369 613 3430; x_wconf 88' lang='lat' dir='ltr'><strong>nostram</strong></span> <span class='ocrx_word' id='word_1_224' title='bbox 646 3381 748 3445; x_wconf 92' lang='lat' dir='ltr'><strong>nuper</strong></span> <span class='ocrx_word' id='word_1_225' title='bbox 780 3367 841 3427; x_wconf 91' lang='lat' dir='ltr'><strong>etc.</strong></span> <span class='ocrx_word' id='word_1_226' title='bbox 870 3368 905 3427; x_wconf 91' lang='lat' dir='ltr'><strong>ut</strong></span> <span class='ocrx_word' id='word_1_227' title='bbox 933 3382 1030 3448; x_wconf 88' lang='lat' dir='ltr'><strong>supra</strong></span> <span class='ocrx_word' id='word_1_228' title='bbox 1058 3364 1165 3431; x_wconf 87' lang='lat' dir='ltr'><strong>verbis</strong></span> <span class='ocrx_word' id='word_1_229' title='bbox 1195 3367 1452 3449; x_wconf 90' lang='lat' dir='ltr'><strong>competentibus</strong></span> <span class='ocrx_word' id='word_1_230' title='bbox 1486 3363 1626 3430; x_wconf 87' lang='lat' dir='ltr'><strong>mutatis</strong></span> 
     </span>
     <span class='ocr_line' id='line_1_27' title="bbox 281 3463 1627 3556; baseline -0.003 -17"><span class='ocrx_word' id='word_1_231' title='bbox 281 3493 402 3556; x_wconf 90' lang='lat' dir='ltr'><strong>usqne:</strong></span> <span class='ocrx_word' id='word_1_232' title='bbox 452 3475 632 3535; x_wconf 84' lang='lat' dir='ltr'><strong>excusatos.</strong></span> <span class='ocrx_word' id='word_1_233' title='bbox 672 3463 783 3552; x_wconf 76' lang='lat' dir='ltr'><strong>(Coos.</strong></span> <span class='ocrx_word' id='word_1_234' title='bbox 814 3469 991 3547; x_wconf 79' lang='lat' dir='ltr'><strong>ar.1589)</strong></span> <span class='ocrx_word' id='word_1_235' title='bbox 1027 3469 1191 3553; x_wconf 84' lang='lat' dir='ltr'><strong>Rogamus</strong></span> <span class='ocrx_word' id='word_1_236' title='bbox 1228 3473 1340 3553; x_wconf 89' lang='lat' dir='ltr'><strong>itaque</strong></span> <span class='ocrx_word' id='word_1_237' title='bbox 1379 3471 1627 3537; x_wconf 81' lang='lat' dir='ltr'><strong>fraternitatem</strong></span> 
     </span>
     <span class='ocr_line' id='line_1_28' title="bbox 282 3571 1627 3654; baseline -0.003 -10"><span class='ocrx_word' id='word_1_238' title='bbox 282 3587 368 3644; x_wconf 90' lang='lat' dir='ltr'><strong>tuam</strong></span> <span class='ocrx_word' id='word_1_239' title='bbox 405 3576 558 3643; x_wconf 87' lang='lat' dir='ltr'><strong>attentius</strong></span> <span class='ocrx_word' id='word_1_240' title='bbox 593 3580 625 3638; x_wconf 89' lang='lat' dir='ltr'><strong>et</strong></span> <span class='ocrx_word' id='word_1_241' title='bbox 660 3571 832 3654; x_wconf 89' lang='lat' dir='ltr'><strong>hortamur,</strong></span> <span class='ocrx_word' id='word_1_242' title='bbox 863 3593 941 3638; x_wconf 92' lang='lat' dir='ltr'><strong>sano</strong></span> <span class='ocrx_word' id='word_1_243' title='bbox 970 3573 1029 3639; x_wconf 88' lang='lat' dir='ltr'><strong>tihi</strong></span> <span class='ocrx_word' id='word_1_244' title='bbox 1056 3575 1281 3643; x_wconf 89' lang='lat' dir='ltr'><strong>nichilominus</strong></span> <span class='ocrx_word' id='word_1_245' title='bbox 1313 3577 1448 3644; x_wconf 90' lang='lat' dir='ltr'><strong>consilio</strong></span> <span class='ocrx_word' id='word_1_246' title='bbox 1483 3576 1627 3643; x_wconf 89' lang='lat' dir='ltr'><strong>suaden-</strong></span> 
     </span>
     <span class='ocr_line' id='line_1_29' title="bbox 282 3679 1629 3767; baseline -0.002 -17"><span class='ocrx_word' id='word_1_247' title='bbox 282 3693 348 3766; x_wconf 91' lang='lat' dir='ltr'><strong>tes,</strong></span> <span class='ocrx_word' id='word_1_248' title='bbox 390 3681 554 3766; x_wconf 86' lang='lat' dir='ltr'><strong>quatinus,</strong></span> <span class='ocrx_word' id='word_1_249' title='bbox 604 3679 679 3762; x_wconf 88' lang='lat' dir='ltr'><strong>quia</strong></span> <span class='ocrx_word' id='word_1_250' title='bbox 721 3679 872 3761; x_wconf 85' lang='lat' dir='ltr'><strong>gravibus</strong></span> <span class='ocrx_word' id='word_1_251' title='bbox 913 3681 1005 3764; x_wconf 93' lang='lat' dir='ltr'><strong>penis</strong></span> <span class='ocrx_word' id='word_1_252' title='bbox 1039 3701 1058 3744; x_wconf 94' lang='lat' dir='ltr'><strong>a</strong></span> <span class='ocrx_word' id='word_1_253' title='bbox 1093 3684 1268 3748; x_wconf 87' lang='lat' dir='ltr'><strong>canonibus</strong></span> <span class='ocrx_word' id='word_1_254' title='bbox 1301 3682 1434 3748; x_wconf 91' lang='lat' dir='ltr'><strong>inflictis</strong></span> <span class='ocrx_word' id='word_1_255' title='bbox 1469 3690 1504 3748; x_wconf 90' lang='lat' dir='ltr'><strong>et</strong></span> <span class='ocrx_word' id='word_1_256' title='bbox 1542 3683 1629 3767; x_wconf 92' lang='lat' dir='ltr'><strong>peri·</strong></span> 
     </span>
     <span class='ocr_line' id='line_1_30' title="bbox 283 3784 1630 3872; baseline -0.001 -16"><span class='ocrx_word' id='word_1_257' title='bbox 283 3789 364 3856; x_wconf 88' lang='lat' dir='ltr'><strong>culis</strong></span> <span class='ocrx_word' id='word_1_258' title='bbox 396 3787 469 3853; x_wconf 90' lang='lat' dir='ltr'><strong>aliis</strong></span> <span class='ocrx_word' id='word_1_259' title='bbox 501 3792 533 3850; x_wconf 92' lang='lat' dir='ltr'><strong>te</strong></span> <span class='ocrx_word' id='word_1_260' title='bbox 566 3784 738 3866; x_wconf 86' lang='lat' dir='ltr'><strong>subiceres,</strong></span> <span class='ocrx_word' id='word_1_261' title='bbox 772 3785 798 3848; x_wconf 93' lang='lat' dir='ltr'><strong>si</strong></span> <span class='ocrx_word' id='word_1_262' title='bbox 832 3804 889 3868; x_wconf 88' lang='lat' dir='ltr'><strong>per</strong></span> <span class='ocrx_word' id='word_1_263' title='bbox 921 3786 1128 3851; x_wconf 89' lang='lat' dir='ltr'><strong>intrusionem</strong></span> <span class='ocrx_word' id='word_1_264' title='bbox 1157 3788 1403 3872; x_wconf 84' lang='lat' dir='ltr'><strong>occupationem</strong></span> <span class='ocrx_word' id='word_1_265' title='bbox 1427 3788 1481 3854; x_wconf 91' lang='lat' dir='ltr'><strong>vel</strong></span> <span class='ocrx_word' id='word_1_266' title='bbox 1514 3788 1630 3854; x_wconf 89' lang='lat' dir='ltr'><strong>deten-</strong></span> 
     </span>
     <span class='ocr_line' id='line_1_31' title="bbox 283 3889 1631 3978; baseline -0.001 -16"><span class='ocrx_word' id='word_1_267' title='bbox 283 3897 403 3962; x_wconf 90' lang='lat' dir='ltr'><strong>tionem</strong></span> <span class='ocrx_word' id='word_1_268' title='bbox 436 3894 590 3958; x_wconf 89' lang='lat' dir='ltr'><strong>honorum</strong></span> <span class='ocrx_word' id='word_1_269' title='bbox 623 3891 765 3955; x_wconf 88' lang='lat' dir='ltr'><strong>locorum</strong></span> <span class='ocrx_word' id='word_1_270' title='bbox 799 3897 831 3955; x_wconf 88' lang='lat' dir='ltr'><strong>et</strong></span> <span class='ocrx_word' id='word_1_271' title='bbox 863 3889 977 3955; x_wconf 78' lang='lat' dir='ltr'><strong>iulium</strong></span> <span class='ocrx_word' id='word_1_272' title='bbox 1011 3891 1153 3958; x_wconf 90' lang='lat' dir='ltr'><strong>eiusdem</strong></span> <span class='ocrx_word' id='word_1_273' title='bbox 1187 3895 1324 3960; x_wconf 90' lang='lat' dir='ltr'><strong>ecclesie</strong></span> <span class='ocrx_word' id='word_1_274' title='bbox 1348 3895 1544 3978; x_wconf 82' lang='lat' dir='ltr'><strong>Maguutine</strong></span> <span class='ocrx_word' id='word_1_275' title='bbox 1576 3895 1631 3960; x_wconf 89' lang='lat' dir='ltr'><strong>vel</strong></span> 
     </span>
     <span class='ocr_line' id='line_1_32' title="bbox 284 3995 1632 4086; baseline -0.001 -18"><span class='ocrx_word' id='word_1_276' title='bbox 284 4003 365 4068; x_wconf 86' lang='lat' dir='ltr'><strong>alias</strong></span> <span class='ocrx_word' id='word_1_277' title='bbox 388 3999 602 4086; x_wconf 87' lang='lat' dir='ltr'><strong>provisionem</strong></span> <span class='ocrx_word' id='word_1_278' title='bbox 627 3995 804 4082; x_wconf 89' lang='lat' dir='ltr'><strong>predictam</strong></span> <span class='ocrx_word' id='word_1_279' title='bbox 829 3997 1038 4081; x_wconf 87' lang='lat' dir='ltr'><strong>apostolicam</strong></span> <span class='ocrx_word' id='word_1_280' title='bbox 1060 3999 1276 4083; x_wconf 80' lang='lat' dir='ltr'><strong>impugnares,</strong></span> <span class='ocrx_word' id='word_1_281' title='bbox 1301 4021 1465 4083; x_wconf 88' lang='lat' dir='ltr'><strong>quamque</strong></span> <span class='ocrx_word' id='word_1_282' title='bbox 1482 4001 1632 4067; x_wconf 84' lang='lat' dir='ltr'><strong>detesta-</strong></span> 
     </span>
     <span class='ocr_line' id='line_1_33' title="bbox 284 4103 1631 4186; baseline -0.002 -11"><span class='ocrx_word' id='word_1_283' title='bbox 284 4109 379 4175; x_wconf 91' lang='lat' dir='ltr'><strong>bilem</strong></span> <span class='ocrx_word' id='word_1_284' title='bbox 414 4104 572 4171; x_wconf 89' lang='lat' dir='ltr'><strong>maculam</strong></span> <span class='ocrx_word' id='word_1_285' title='bbox 602 4109 657 4169; x_wconf 88' lang='lat' dir='ltr'><strong>tuo</strong></span> <span class='ocrx_word' id='word_1_286' title='bbox 686 4103 866 4186; x_wconf 87' lang='lat' dir='ltr'><strong>imponeres</strong></span> <span class='ocrx_word' id='word_1_287' title='bbox 896 4103 1025 4182; x_wconf 91' lang='lat' dir='ltr'><strong>nomini,</strong></span> <span class='ocrx_word' id='word_1_288' title='bbox 1058 4105 1083 4166; x_wconf 87' lang='lat' dir='ltr'><strong>si</strong></span> <span class='ocrx_word' id='word_1_289' title='bbox 1109 4103 1156 4169; x_wconf 92' lang='lat' dir='ltr'><strong>vir</strong></span> <span class='ocrx_word' id='word_1_290' title='bbox 1183 4105 1328 4170; x_wconf 88' lang='lat' dir='ltr'><strong>abiector</strong></span> <span class='ocrx_word' id='word_1_291' title='bbox 1353 4107 1479 4171; x_wconf 87' lang='lat' dir='ltr'><strong>timoris</strong></span> <span class='ocrx_word' id='word_1_292' title='bbox 1503 4106 1631 4172; x_wconf 89' lang='lat' dir='ltr'><strong>domini</strong></span> 
     </span>
     <span class='ocr_line' id='line_1_34' title="bbox 284 4208 1632 4298; baseline -0.002 -17"><span class='ocrx_word' id='word_1_293' title='bbox 284 4219 551 4298; x_wconf 88' lang='lat' dir='ltr'><strong>contemptorque</strong></span> <span class='ocrx_word' id='word_1_294' title='bbox 575 4229 743 4290; x_wconf 88' lang='lat' dir='ltr'><strong>canonum,</strong></span> <span class='ocrx_word' id='word_1_295' title='bbox 778 4227 857 4291; x_wconf 92' lang='lat' dir='ltr'><strong>quos</strong></span> <span class='ocrx_word' id='word_1_296' title='bbox 881 4208 1052 4273; x_wconf 89' lang='lat' dir='ltr'><strong>ohservare</strong></span> <span class='ocrx_word' id='word_1_297' title='bbox 1076 4209 1205 4291; x_wconf 88' lang='lat' dir='ltr'><strong>teneris,</strong></span> <span class='ocrx_word' id='word_1_298' title='bbox 1238 4211 1344 4296; x_wconf 89' lang='lat' dir='ltr'><strong>possis</strong></span> <span class='ocrx_word' id='word_1_299' title='bbox 1368 4211 1446 4295; x_wconf 89' lang='lat' dir='ltr'><strong>diei,</strong></span> <span class='ocrx_word' id='word_1_300' title='bbox 1478 4213 1632 4278; x_wconf 85' lang='lat' dir='ltr'><strong>conside-</strong></span> 
     </span>
     <span class='ocr_line' id='line_1_35' title="bbox 284 4312 1632 4403; baseline -0.002 -15"><span class='ocrx_word' id='word_1_301' title='bbox 284 4328 394 4388; x_wconf 86' lang='lat' dir='ltr'><strong>ranter</strong></span> <span class='ocrx_word' id='word_1_302' title='bbox 416 4317 598 4400; x_wconf 88' lang='lat' dir='ltr'><strong>attendens,</strong></span> <span class='ocrx_word' id='word_1_303' title='bbox 631 4315 806 4403; x_wconf 87' lang='lat' dir='ltr'><strong>provisioni</strong></span> <span class='ocrx_word' id='word_1_304' title='bbox 839 4312 984 4399; x_wconf 89' lang='lat' dir='ltr'><strong>predicte</strong></span> <span class='ocrx_word' id='word_1_305' title='bbox 1012 4314 1193 4380; x_wconf 88' lang='lat' dir='ltr'><strong>nullatenus</strong></span> <span class='ocrx_word' id='word_1_306' title='bbox 1217 4323 1249 4381; x_wconf 88' lang='lat' dir='ltr'><strong>te</strong></span> <span class='ocrx_word' id='word_1_307' title='bbox 1272 4338 1420 4402; x_wconf 87' lang='lat' dir='ltr'><strong>opponas</strong></span> <span class='ocrx_word' id='word_1_308' title='bbox 1437 4367 1445 4384; x_wconf 92' lang='lat'><strong>.</strong></span> <span class='ocrx_word' id='word_1_309' title='bbox 1464 4367 1501 4384; x_wconf 87' lang='lat'><strong>..</strong></span> <span class='ocrx_word' id='word_1_310' title='bbox 1552 4320 1632 4386; x_wconf 88' lang='lat' dir='ltr'><strong>Dat.</strong></span> 
     </span>
     <span class='ocr_line' id='line_1_36' title="bbox 287 4419 1266 4511; baseline -0.007 -17"><span class='ocrx_word' id='word_1_311' title='bbox 287 4436 323 4495; x_wconf 89' lang='lat' dir='ltr'><strong>ut</strong></span> <span class='ocrx_word' id='word_1_312' title='bbox 346 4446 444 4511; x_wconf 87' lang='lat' dir='ltr'><strong>supra</strong></span> <span class='ocrx_word' id='word_1_313' title='bbox 467 4427 518 4506; x_wconf 92' lang='lat'><strong>(=</strong></span> <span class='ocrx_word' id='word_1_314' title='bbox 536 4425 630 4492; x_wconf 87' lang='lat' dir='ltr'><strong>Avin.</strong></span> <span class='ocrx_word' id='word_1_315' title='bbox 655 4421 701 4488; x_wconf 91' lang='lat' dir='ltr'><strong>VI</strong></span> <span class='ocrx_word' id='word_1_316' title='bbox 725 4419 779 4486; x_wconf 92' lang='lat' dir='ltr'><strong>die</strong></span> <span class='ocrx_word' id='word_1_317' title='bbox 802 4419 939 4487; x_wconf 90' lang='lat' dir='ltr'><strong>ianuarii</strong></span> <span class='ocrx_word' id='word_1_318' title='bbox 962 4440 991 4483; x_wconf 87' lang='lat' dir='ltr'><strong>a.</strong></span> <span class='ocrx_word' id='word_1_319' title='bbox 1016 4419 1266 4503; x_wconf 88' lang='lat' dir='ltr'><strong>terciodecimo).</strong></span> 
     </span>
    </p>
   </div>
   <div class='ocr_carea' id='block_1_6' title="bbox 444 4591 952 4667">
    <p class='ocr_par' dir='ltr' id='par_1_6' title="bbox 444 4591 952 4667">
     <span class='ocr_line' id='line_1_37' title="bbox 444 4591 952 4667; baseline -0.02 -15"><span class='ocrx_word' id='word_1_320' title='bbox 444 4596 517 4667; x_wconf 74' lang='lat' dir='ltr'><strong>Req.</strong></span> <span class='ocrx_word' id='word_1_321' title='bbox 536 4597 590 4650; x_wconf 82' lang='lat'><strong>115</strong></span> <span class='ocrx_word' id='word_1_322' title='bbox 605 4611 656 4665; x_wconf 80' lang='lat' dir='ltr'><strong>ps.</strong></span> <span class='ocrx_word' id='word_1_323' title='bbox 676 4593 695 4646; x_wconf 89' lang='lat'><em>1</em></span> <span class='ocrx_word' id='word_1_324' title='bbox 709 4592 734 4661; x_wconf 79' lang='lat' dir='ltr'><strong>f.</strong></span> <span class='ocrx_word' id='word_1_325' title='bbox 753 4591 801 4645; x_wconf 70' lang='lat'><strong>931</strong></span> <span class='ocrx_word' id='word_1_326' title='bbox 818 4607 866 4646; x_wconf 81' lang='lat' dir='ltr'><strong>nr.</strong></span> <span class='ocrx_word' id='word_1_327' title='bbox 887 4591 952 4644; x_wconf 82' lang='lat'><em>529.</em></span> 
     </span>
    </p>
   </div>
   <div class='ocr_carea' id='block_1_7' title="bbox 385 4771 744 4842">
    <p class='ocr_par' dir='ltr' id='par_1_7' title="bbox 385 4771 744 4842">
     <span class='ocr_line' id='line_1_38' title="bbox 385 4771 744 4842; baseline -0.022 -12"><span class='ocrx_word' id='word_1_328' title='bbox 385 4780 414 4842; x_wconf 83' lang='lat' dir='ltr'><strong>a)</strong></span> <span class='ocrx_word' id='word_1_329' title='bbox 435 4775 607 4830; x_wconf 84' lang='lat' dir='ltr'><strong>redundant</strong></span> <span class='ocrx_word' id='word_1_330' title='bbox 627 4771 662 4828; x_wconf 81' lang='lat' dir='ltr'><strong>irs</strong></span> <span class='ocrx_word' id='word_1_331' title='bbox 681 4783 744 4841; x_wconf 74' lang='lat' dir='ltr'><strong>rep.</strong></span> 
     </span>
    </p>
   </div>
   <div class='ocr_carea' id='block_1_8' title="bbox 0 0 1867 5509">
    <p class='ocr_par' dir='ltr' id='par_1_8' title="bbox 0 0 1867 5509">
     <span class='ocr_line' id='line_1_39' title="bbox 0 0 1867 5509; baseline 0 0"><span class='ocrx_word' id='word_1_332' title='bbox 0 0 1867 5509; x_wconf 95' lang='lat' dir='ltr'><strong> </strong></span> 
     </span>
    </p>
   </div>
  </div>
 </body>
</html>
