3642 5509
768 475 838 530 1330
855 471 941 545 April
960 469 1001 528 24.
1500 470 1554 530 313

218 651 368 717 famulari
392 674 456 718 una
479 673 550 718 cum
573 653 740 720 abbatissa
762 660 795 720 et
818 658 989 736 conventu,
1017 654 1044 718 si
1072 654 1114 718 sit
1136 651 1266 738 ydoneo
1288 658 1321 718 et
1344 652 1432 718 allud
1457 674 1553 719 cano·

220 761 325 825 nienm
353 780 417 825 non
445 760 590 836 obsistat,
624 761 657 826 in
686 760 774 825 dioto
802 761 995 825 monasterio
1024 761 1123 845 recipi
1148 761 1270 824 faciant
1295 761 1326 823 in
1350 760 1550 826 monacham.

327 866 525 932 Prudentnm
559 867 719 952 virginum
753 869 867 932 votis.
896 918 904 933 .
931 916 938 932 .
989 868 1065 932 Dat.
1097 868 1189 932 Avin.
1224 867 1303 931 VIII
1337 867 1381 931 kl.
1415 869 1490 932 maii
1523 889 1551 932 a.

221 974 471 1057 quartodecimo.

380 1099 452 1169 Req.
473 1098 511 1152 95
530 1114 578 1152 or.
592 1100 656 1153 513.

327 1366 452 1432 1888.
478 1368 566 1432 1330
589 1365 691 1453 April
709 1369 763 1431 24.
788 1365 953 1453 Aviqooa.

328 1509 488 1574 Iohannes
521 1508 619 1572 XXII
661 1508 785 1574 decano
826 1514 859 1573 et
893 1507 1066 1592 liudolpho
1105 1507 1147 1573 de
1180 1508 1313 1574 Holvels
1346 1511 1478 1576 Trever.
1514 1532 1554 1576 ao

222 1617 362 1680 Henrieo
395 1615 437 1681 de
470 1615 591 1681 luliaco
622 1615 786 1681 canonicis
810 1617 951 1680 Traiect.
976 1615 1053 1680 eccl.
1080 1614 1222 1696 mandat,
1256 1615 1407 1698 quatinus
1430 1618 1556 1683 Annam

222 1722 263 1787 de
287 1721 488 1804 Smedeburg
522 1722 659 1807 puellam
693 1723 868 1787 litteratam
893 1722 1037 1804 Magunt.
1071 1721 1153 1786 dioc.
1188 1723 1370 1806 cupientem
1393 1724 1426 1788 in
1450 1744 1557 1788 mona-

222 1828 319 1895 sterio
352 1829 537 1893 monialium
570 1830 602 1893 in
635 1829 794 1913 Angelius
818 1829 916 1894 Porta
939 1829 1167 1894 Premonstrat.
1202 1827 1270 1893 ord.
1303 1830 1435 1895 Trever.
1471 1829 1556 1896 dioc.

223 1957 287 2002 una
312 1957 384 2002 cum
408 1937 573 2002 abbatissa
597 1944 630 2002 et
654 1943 814 2002 conventu
838 1935 966 2000 domino
983 1935 1142 2018 famulari,
1167 1936 1193 2000 si
1212 1937 1253 2001 sit
1268 1935 1396 2020 ydonee
1419 1945 1452 2002 et
1468 1936 1557 2002 aliud

224 2045 412 2108 canonicum
436 2065 499 2108 non
516 2044 662 2126 obsistat,
687 2045 720 2108 in
737 2041 824 2107 dioto
841 2043 1034 2108 monasterio
1051 2042 1174 2108 iaciant
1190 2044 1288 2126 recipi
1306 2043 1337 2107 in
1355 2043 1557 2109 monacham.

330 2149 527 2214 Prudentnm
560 2151 718 2235 virginum
752 2151 836 2215 votis
862 2200 869 2214 .
896 2199 904 2214 .
932 2199 939 2213 .
996 2148 1083 2232 [Dat.
1109 2149 1202 2215 Avin.
1228 2149 1307 2214 VIII
1341 2151 1385 2215 kl.
1418 2151 1495 2216 maii
1524 2172 1554 2216 a.

224 2257 489 2340 quartodecimo]

386 2380 459 2451 neq.
479 2380 516 2434 95
534 2396 583 2435 nr.
601 2384 664 2434 615.

332 2651 457 2718 1889.
483 2652 571 2718 1330
593 2650 697 2738 April
720 2655 773 2718 24.
795 2653 963 2740 Aoiqnoa.

328 2793 489 2859 Iohannes
509 2795 608 2859 XXII
632 2793 756 2860 decano
773 2801 806 2860 et
822 2793 995 2880 Ludolpbn
1011 2793 1053 2860 de
1069 2794 1202 2860 Halvels
1217 2797 1251 2876 (l)
1268 2796 1400 2862 Trever.
1417 2816 1457 2860 ao
1472 2795 1556 2860 Hen-

225 2901 292 2966 rieo
325 2899 367 2965 de
400 2900 522 2967 luliaco
546 2902 764 2968 Traieotensis
797 2901 963 2968 canonicis
990 2903 1198 2968 ecclesiarum
1228 2901 1371 2982 mandat,
1407 2903 1557 2985 quatinus

227 3006 435 3072 Iobannetam
451 3007 590 3091 puellam
609 3008 784 3074 litteratam
802 3009 984 3093 cupientem
1001 3009 1032 3072 in
1047 3009 1242 3074 Monasterio
1257 3009 1350 3076 Novo
1374 3007 1557 3073 monialium

226 3113 294 3183 ord.
312 3115 345 3179 S.
364 3113 484 3179 Bened.
499 3115 574 3179 liet.
591 3114 676 3180 dioc.
694 3136 756 3179 nna
781 3135 853 3180 cum
878 3116 1044 3181 abbatIssa
1068 3122 1100 3179 et
1124 3120 1281 3179 conventu
1307 3113 1435 3179 domino
1460 3115 1560 3178 famu-

227 3222 298 3304 lari,
322 3223 348 3287 si
372 3222 415 3286 sit
429 3221 559 3307 ydonee
575 3228 607 3286 et
624 3220 712 3286 aliud
730 3223 920 3287 canonicum
943 3242 1006 3287 non
1030 3222 1175 3298 obsistat,
1200 3222 1232 3286 in
1256 3220 1342 3286 dieto
1366 3221 1559 3286 monasterio

225 3328 349 3393 faciant
373 3329 472 3413 recipi
497 3329 529 3392 ln
553 3329 754 3394 monacham.

334 3434 532 3500 Prudentem
565 3435 724 3520 virginum
758 3435 842 3502 votis
866 3485 874 3500 .
901 3485 908 3501 .
935 3485 943 3501 .
1001 3435 1088 3519 [Dat.
1123 3435 1217 3500 Avin.
1243 3436 1322 3501 VIII
1355 3435 1399 3500 kl.
1429 3433 1505 3500 maii
1530 3455 1558 3500 a.

227 3540 492 3626 quartodecimo]

375 3648 449 3717 Req.
468 3649 504 3703 95
522 3663 571 3702 nr.
589 3649 652 3703 516.
689 3660 693 3664 ·

335 3873 462 3940 1800.
491 3875 579 3938 1330
599 3870 702 3960 April
725 3876 779 3939 24.
804 3873 968 3960 Aviqaon.

335 4007 495 4074 Iohannes
526 4007 625 4072 XXII
654 4008 827 4074 scolastico
851 4015 884 4073 et
908 4006 1034 4073 custodi
1058 4007 1297 4073 Wetslariensis
1320 4004 1453 4074 Trever.
1478 4007 1562 4073 dioc.

228 4137 268 4181 ae
292 4116 432 4180 Henrico
456 4114 497 4180 de
521 4115 644 4181 luliaco
674 4117 830 4181 canonico
854 4115 996 4180 Traiect.
1026 4114 1104 4179 eccl.
1129 4112 1272 4197 mandat,
1305 4115 1456 4195 quatinus
1479 4113 1565 4180 Hen-

228 4225 329 4288 rieum
351 4229 461 4288 natum
485 4221 587 4288 Ulrici
610 4221 652 4287 de
676 4221 869 4288 Leffelobeit
892 4221 1044 4287 clericum
1060 4221 1192 4287 Trever.
1217 4219 1301 4286 dioc.
1326 4222 1506 4306 cupientem
1531 4223 1565 4286 in

228 4330 422 4396 monasterio
446 4327 478 4393 in
502 4328 717 4396 Seboinauwe
740 4329 809 4395 ord.
834 4329 868 4394 S.
893 4327 1016 4395 Bened.
1047 4327 1189 4394 eiusdem
1218 4327 1301 4393 1100.
1326 4347 1390 4393 nna
1415 4349 1485 4392 cnm
1511 4329 1566 4394 ab·

229 4438 305 4503 bate
329 4443 361 4501 et
385 4443 544 4502 conventu
568 4436 698 4502 domiuo
728 4436 889 4519 famulari,
923 4436 949 4501 si
973 4435 1015 4501 sit
1038 4435 1184 4519 ydoneus
1208 4441 1241 4500 et
1263 4434 1351 4499 alind
1377 4437 1565 4501 canonicum

229 4565 292 4610 non
315 4544 460 4627 obsistat,
484 4544 518 4608 in
541 4542 629 4609 dicto
652 4544 844 4610 monasterio
868 4543 992 4608 faciant
1015 4543 1115 4627 repri
1139 4543 1172 4607 in
1196 4542 1396 4608 monachum.

336 4649 546 4736 Cupientibns
583 4650 681 4716 vitam
716 4650 835 4718 ducere
864 4699 871 4715 .
898 4699 905 4714 .
932 4699 939 4715 .
997 4650 1075 4714 Dat.
1110 4648 1204 4714 Avin.
1235 4649 1315 4714 VIII
1348 4649 1392 4714 kl.
1426 4650 1502 4714 maii
1535 4671 1566 4716 a.

230 4757 480 4842 quartodecimo.

385 4866 459 4936 1209.
478 4865 516 4920 95
534 4881 582 4919 nr.
602 4865 665 4919 517.
