3642 5509
825 467 894 523 1330
911 465 986 524 Juni
1006 467 1047 522 17.
1529 467 1582 524 339

246 645 326 715 libet
351 667 538 715 excessuum
562 647 717 714 adversus
741 648 897 715 ecclesias
914 649 1110 715 monasteria
1125 656 1158 714 et
1174 668 1327 734 personas
1343 649 1580 715 ecclesiasticas

246 762 429 841 patratores
452 755 673 841 promulgatas
706 764 838 842 propter
871 757 1026 839 premissa
1059 756 1238 830 incurrisse,
1272 754 1451 821 huiusmodi
1481 756 1579 822 inter-

247 863 367 929 dictum
391 863 424 928 iu
454 862 587 928 civitate
615 862 764 949 predicta
791 871 823 928 et
851 863 940 945 locis,
975 861 1017 928 ad
1050 883 1112 945 que
1145 862 1224 928 dicti
1257 865 1345 928 cives
1379 862 1580 947 perveniunt,

247 970 400 1054 quamdiu
432 976 596 1035 morantur
629 970 662 1034 in
689 972 736 1034 eis
759 977 792 1034 et
815 977 888 1054 post
911 989 1072 1034 recessum
1098 989 1206 1034 eorum
1231 968 1450 1054 pertriduum
1475 991 1581 1038 serva-

246 1084 361 1143 verunt
383 1086 417 1144 et
437 1077 544 1143 adbuc
568 1077 665 1141 etiam
689 1077 862 1142 observant
886 1077 1083 1141 abstinentes
1107 1097 1126 1140 a
1150 1076 1366 1142 celebratione
1391 1075 1579 1143 diuinorum.

246 1186 382 1269 Propter
415 1183 502 1268 quod
536 1181 615 1248 dicti
649 1183 802 1248 officiales
835 1183 983 1249 eonsules
1009 1189 1040 1248 et
1065 1185 1153 1249 cives
1177 1181 1219 1248 ad
1243 1204 1301 1250 nos
1330 1204 1425 1269 super
1451 1183 1511 1251 biis
1535 1205 1581 1250 re·

248 1299 411 1358 currentes
435 1291 528 1356 nobis
551 1290 713 1355 humiliter
736 1291 967 1376 supplicarunt,
993 1299 1027 1355 ut
1051 1311 1091 1355 ne
1114 1291 1177 1376 ipsi
1202 1311 1242 1355 ex
1265 1290 1449 1358 huiusmodi
1473 1312 1580 1358 eorum

247 1398 433 1465 obedientia
456 1399 620 1463 incurrant
636 1400 873 1484 oppressionem
891 1406 923 1463 et
939 1398 1126 1464 scandalum
1151 1398 1334 1482 prefatique
1358 1399 1580 1466 inobedientes

247 1505 423 1571 resultandi
447 1505 603 1572 adversus
626 1505 779 1570 mandata
802 1504 889 1571 sedis
913 1506 1090 1590 apostolice
1115 1505 1225 1588 eisque
1249 1513 1369 1572 temere
1393 1505 1580 1589 refragandi

246 1619 374 1678 sumant
397 1611 577 1695 andaciam,
602 1612 772 1697 providere
795 1611 827 1676 in
852 1613 913 1677 bac
938 1620 1029 1696 parte
1053 1611 1095 1676 de
1119 1619 1274 1696 oportuno
1298 1612 1440 1678 remedio
1465 1612 1580 1695 digna-

246 1739 361 1784 remur.
408 1721 476 1787 Nos
508 1720 619 1801 itaque
651 1718 794 1784 eiusdem
826 1719 1055 1794 universitatis,
1091 1738 1187 1802 quam
1217 1725 1329 1803 utpote
1353 1719 1498 1785 Romane
1529 1739 1579 1784 ec·

248 1827 345 1892 clesie
377 1825 616 1892 devotissimam
648 1825 746 1891 filiam
778 1827 949 1892 retroactis
972 1826 1169 1910 temporibus
1200 1826 1299 1890 fuisse
1324 1832 1355 1889 ct
1379 1826 1580 1909 presentibus

247 1934 387 1999 existere
410 1954 468 2018 per
495 1953 627 2019 opernm
655 1933 831 1998 efficaciam
856 1933 1037 2017 experimur
1061 1931 1220 1998 mandatis
1244 1933 1430 2017 apostolicis
1454 1953 1580 2018 promp-

248 2047 313 2105 tam
330 2042 362 2105 in
378 2040 525 2106 omnibus
545 2050 578 2106 et
593 2041 692 2106 etiam
707 2041 947 2124 obsequentem,
971 2040 1258 2125 supplicationibus
1274 2039 1431 2122 inclinati,
1456 2059 1580 2104 omnem

247 2147 439 2213 senteutiam
461 2145 635 2230 interdicti,
660 2146 687 2212 si
712 2167 807 2230 quam
831 2167 871 2212 ex
894 2147 1060 2231 premissis
1083 2147 1133 2212 vel
1158 2147 1265 2229 aliquo
1288 2147 1513 2232 premissorum
1529 2147 1581 2212 vel

249 2273 449 2337 quocumque
472 2253 567 2320 modo
591 2261 624 2319 et
647 2255 817 2321 occasione
841 2273 961 2339 eorum,
992 2253 1158 2337 [incurrit],
1193 2254 1319 2320 etiamsi
1343 2274 1452 2320 omnes
1476 2273 1580 2336 casus,

249 2362 303 2444 qni
336 2363 540 2445 contigerunt
571 2367 645 2446 post
677 2363 891 2446 provisionem
925 2382 983 2447 per
1016 2381 1073 2426 nos
1106 2362 1227 2427 factam
1262 2361 1302 2426 de
1336 2381 1473 2446 persona
1500 2360 1581 2426 dicti

248 2468 383 2533 Henrici
411 2468 546 2534 ecclesie
574 2470 761 2552 llaguntine
789 2470 876 2535 circa
903 2468 1052 2553 predicta
1075 2470 1204 2534 minime
1232 2470 1482 2555 suntexpressi,
1507 2488 1582 2534 auc·

244 2579 375 2641 toritate
405 2577 584 2660 apostolica
613 2584 724 2641 tenore
756 2577 951 2661 presentium
987 2577 1128 2642 totaliter
1156 2577 1296 2642 tollimus
1319 2583 1351 2641 et
1375 2577 1472 2641 etiarn
1497 2596 1580 2641 amo·

242 2702 364 2765 vernus,
401 2683 545 2748 volentes
578 2689 610 2748 et
644 2688 756 2748 tenore
789 2685 985 2768 presentium
1019 2682 1246 2766 concedentes,
1283 2683 1368 2766 quod
1403 2682 1513 2748 elerici
1547 2689 1579 2748 et

242 2809 378 2875 persone
411 2789 631 2857 ecclesiastice
664 2791 805 2855 civitatis
838 2797 871 2854 et
903 2789 1043 2856 diocesis
1078 2790 1294 2874 predictarum
1329 2791 1361 2854 iu
1395 2789 1580 2855 obedientia

241 2904 351 2962 nostra
374 2903 407 2962 et
429 2897 575 2962 Romane
607 2897 743 2962 ecclesie
773 2896 981 2982 persistentes
1005 2903 1167 2962 resumant
1191 2896 1371 2962 divinorum
1395 2917 1517 2979 organa
1543 2905 1575 2961 et

242 3003 417 3070 solenniter
449 3003 613 3070 celebrent
636 3005 719 3069 sicut
751 3005 838 3089 prius
861 3012 894 3069 et
924 3003 1145 3069 detunctorum
1172 3025 1316 3089 corpora,
1352 3005 1407 3087 qui
1440 3004 1577 3068 durante

243 3109 424 3176 huiusmodi
448 3109 620 3176 interdicto
645 3110 862 3190 decesserunt,
887 3111 950 3176 alio
976 3111 1130 3176 tamenin
1156 3112 1317 3196 premissis
1340 3131 1403 3176 non
1428 3112 1577 3177 obstante

243 3220 408 3301 canonico,
433 3219 653 3285 ecclesiastico
677 3217 821 3300 gaudeat
844 3218 1023 3302 sepultura3
1049 3217 1240 3302 superabis
1264 3238 1340 3283 vero
1364 3218 1493 3282 statutis
1516 3237 1578 3281 non

243 3326 437 3393 intendimus
460 3325 619 3408 derogare
642 3323 808 3409 predictis,
841 3325 993 3409 quinymo
1027 3345 1065 3388 ea
1088 3324 1233 3390 volumus
1262 3324 1357 3388 aliter
1386 3330 1418 3389 et
1441 3325 1522 3390 alias
1545 3323 1578 3387 in

242 3435 292 3500 sni
325 3433 447 3499 roboris
480 3433 625 3499 efficacia
659 3429 844 3515 perdurare.
896 3430 985 3498 Nulli
1015 3451 1092 3514 ergo
1116 3438 1178 3499 etc.
1226 3431 1302 3496 Dat.
1326 3433 1421 3497 Avin.
1447 3431 1507 3497 XV
1532 3431 1576 3496 kl.

244 3541 312 3606 iulii
337 3562 366 3605 a.
391 3539 642 3623 quartodecimo.

393 3683 466 3751 ch.
485 3683 541 3734 115
576 3695 623 3748 pa.
643 3681 679 3734 ΙΙ
692 3680 717 3750 f.
737 3683 794 3735 173
829 3694 876 3735 ar.
897 3681 986 3745 1973,·
1017 3681 1090 3751 Ray.
1110 3679 1149 3734 96
1167 3695 1214 3734 ar.
1234 3681 1328 3746 3350,·
1349 3681 1462 3751 I‘rcper
1480 3679 1513 3735 in
1523 3679 1577 3736 Ab·

393 3771 594 3839 bundluapea
621 3770 676 3824 der
699 3767 768 3824 aar.
787 3770 898 3825 Klasce
918 3770 973 3824 der
993 3759 1183 3824 bidacbeacr
1201 3769 1298 3824 Alcaei.
1319 3769 1374 3824 der
1398 3768 1577 3824 Wiaacnsclt.

394 3861 477 3915 1880.
497 3860 535 3914 Il.
555 3876 603 3914 ar.
623 3861 693 3929 534;
713 3860 752 3930 cf.
773 3861 824 3914 liz.
845 3861 928 3914 1339.

351 4154 468 4222 lale.
495 4156 583 4221 1330
609 4155 956 4243 Jaat17.Avipa0a

353 4299 525 4384 [lohannes
548 4299 658 4384 XXII]
681 4299 853 4385 Rayualdo
878 4301 986 4365 comiti
1012 4299 1168 4365 Geirensi.

352 4410 461 4476 Gratis
485 4409 658 4476 admodum
680 4410 835 4476 relatibus
855 4411 1059 4494 percepimus
1076 4417 1117 4493 te,
1142 4409 1198 4494 lili,
1222 4408 1443 4476 indevotione
1467 4417 1577 4476 nostra

245 4524 278 4583 et
301 4517 335 4582 S.
358 4517 503 4582 Romane
532 4517 668 4582 ecclesie
697 4517 874 4601 perstitisse
899 4522 1083 4582 constanter
1107 4515 1262 4582 hactenus
1280 4566 1286 4580 .
1306 4566 1339 4582 ..
1368 4517 1576 4584 Nobilitatem

244 4631 332 4690 tuam
362 4644 512 4708 rogamus
630 4625 779 4707 quatinus
806 4625 838 4688 in
869 4624 1033 4709 premissis
1150 4625 1322 4708 persistere
1350 4645 1412 4690 non
1437 4625 1577 4707 omittas,

243 4731 355 4798 fideles
372 4732 452 4798 alios
468 4733 500 4796 in
516 4733 582 4798 suis
604 4731 760 4798 fidelitate
783 4730 955 4797 devotione
980 4737 1013 4797 et
1035 4730 1220 4797 obedientia
1243 4731 1416 4812 fulciendo,
1446 4731 1577 4797 nichilo·

245 4840 349 4908 minus
374 4845 408 4908 at
431 4859 498 4927 eos,
522 4839 577 4930 qui
599 4839 710 4908 forsan
733 4839 774 4908 ab
799 4839 846 4907 eis
869 4837 1081 4928 deviaverint,
1107 4838 1149 4906 ad
1165 4839 1247 4926 illas,
1273 4846 1424 4926 quantum
1448 4839 1577 4928 poteris,
