3642 5509
294 401 346 457 224
835 405 904 460 1329
924 403 1042 461 Jauuar
1060 405 1103 461 27.

294 586 402 648 ventui
427 583 505 650 dicti
530 586 714 650 monasterii
742 586 868 670 integre
898 585 1084 668 exhibeant,
1119 587 1248 671 proviso
1280 608 1321 652 ne
1344 588 1445 653 abbas
1471 588 1503 652 in
1527 567 1632 653 terras

294 691 409 756 ducum
440 692 589 756 comitum
621 692 774 757 baronum
798 698 830 757 et
853 692 1007 759 nobilium
1037 693 1255 778 predictorum
1280 694 1631 761 excommunicationes

295 799 343 862 rel
376 798 539 864 interdicti
573 799 764 864 senteutiam
796 799 952 885 proferat,
988 801 1048 865 nisi
1072 821 1093 865 a
1117 821 1202 886 papa
1229 820 1326 886 super
1356 801 1418 866 hoo
1442 801 1628 866 mundatum

293 907 451 990 receperit
474 907 624 990 speciale.

400 1013 449 1076 Ex
474 1020 565 1098 parte
589 1013 778 1079 dilectarum
804 1015 835 1078 iu
860 1012 988 1080 Christo
1005 1063 1012 1078 .
1031 1063 1065 1080 ..
1091 1013 1169 1079 Dat.
1187 1014 1281 1081 Avin.
1300 1014 1378 1080 VIII
1402 1014 1447 1078 kt.
1472 1014 1627 1080 februarii

293 1142 323 1205 p.
342 1142 372 1185 n.
390 1141 418 1186 a.
443 1120 681 1186 terciodecimo.

472 1261 611 1334 Gofflnct,
642 1262 814 1318 cartulaire
843 1265 879 1318 de
910 1261 1162 1333 Olairefontaine‚
1190 1278 1238 1317 nr.
1268 1265 1330 1317 155.
1368 1261 1628 1331 (navarrorum

469 1352 566 1421 mus.
587 1351 624 1420 7.)

395 1668 519 1737 1659.
546 1671 632 1736 1329
655 1671 794 1737 Januar
817 1672 871 1736 27.
895 1668 1061 1756 Aoipuou.

396 1813 553 1880 Iohannes
588 1813 686 1878 XXII
721 1813 861 1878 Henrico
894 1811 936 1878 de
969 1811 1146 1897 Spainhem
1179 1814 1334 1877 canonico
1358 1812 1545 1896 Maguntino
1577 1834 1626 1880 re

289 1929 397 1984 servat
421 1919 612 2003 dignitatem
637 1921 687 1986 vel
711 1925 917 2005 personatum
940 1939 997 1984 seu
1020 1919 1159 1986 officium
1183 1939 1255 1984 curu
1279 1939 1357 1985 cura
1380 1920 1432 1985 vel
1455 1920 1523 1985 sine
1547 1941 1625 1986 cura

289 2028 321 2091 in
355 2027 468 2092 eadem
501 2028 591 2111 eccl„
626 2026 798 2093 dnmmodo
830 2047 892 2092 non
922 2027 964 2092 sit
994 2028 1095 2092 maior
1128 2025 1270 2110 dignitas
1302 2035 1376 2111 post
1409 2026 1624 2112 archiepisco-

288 2135 405 2218 palem,
430 2137 663 2201 nonobstante
687 2133 772 2218 quod
797 2135 1031 2219 preposituram
1055 2135 1133 2200 eccl.
1159 2134 1193 2200 S.
1214 2135 1315 2199 Murio
1338 2135 1497 2217 Aquensis
1520 2133 1623 2201 Leod.

289 2241 372 2307 dioc.
398 2263 438 2307 ac
460 2244 491 2307 in
516 2243 587 2327 ipsa
610 2262 735 2308 necnon
758 2243 790 2306 in
814 2241 925 2307 Coton.
950 2242 1094 2326 Magunt.
1119 2251 1153 2308 et
1169 2243 1302 2307 Trever.
1328 2241 1474 2307 ecclesiis
1497 2245 1625 2308 cononi

289 2357 380 2413 catus
403 2356 435 2414 et
460 2348 640 2434 prebendas
664 2350 797 2415 obtinet.
840 2349 963 2414 Tamen
987 2349 1100 2432 vigore
1124 2349 1280 2434 presentis
1303 2349 1408 2432 gratie
1432 2347 1623 2432 dignitatem

287 2474 345 2520 seu
377 2464 580 2540 personatum
605 2456 656 2522 vel
691 2455 828 2522 officium
862 2462 1037 2538 assecutus,
1071 2454 1192 2521 dictum
1227 2454 1460 2540 preposituram
1492 2455 1621 2521 omniuo

288 2561 449 2628 dimittere
473 2570 630 2629 teneatur.

394 2669 613 2754 Suffragantia
636 2673 694 2737 tibi
718 2672 835 2737 moritu
856 2720 864 2736 .
888 2719 895 2735 .
919 2720 926 2736 .
967 2670 1044 2736 Dat.
1068 2669 1165 2735 Avin.
1190 2670 1235 2734 VI
1259 2669 1304 2734 kl.
1327 2669 1483 2735 februarii
1508 2691 1538 2734 a.
1562 2676 1623 2736 ter·

300 2797 310 2841 1
461 2827 468 2843 .

286 2777 482 2950 todeoIlrlrwe.
499 2906 540 2950 m.
565 2885 598 2951 S.
621 2885 758 2952 Cornelii
775 2885 923 2952 ludensis
939 2884 1050 2952 Goion.
1075 2883 1160 2950 dioc.
1184 2891 1217 2950 et
1233 2884 1268 2950 S.
1284 2883 1492 2951 Pantaleonis
1508 2885 1620 2951 Oolon.

284 2993 547 3058 monasteriorum
571 2993 742 3059 abbatibus
766 3013 805 3059 ac
829 2991 1058 3060 archidiacono
1082 2992 1291 3060 Namnetensi.

445 3135 517 3205 ch.
537 3136 573 3190 90
590 3134 614 3205 s.
635 3136 692 3190 264
709 3151 757 3190 nr.
778 3137 858 3190 1711.

387 3477 509 3543 loco.
537 3477 623 3540 1329
646 3477 786 3542 Jonuar
808 3476 862 3539 25.
886 3472 1051 3560 Aoipnon.

388 3619 558 3703 [Iohannes
581 3616 692 3701 XXII]
724 3616 902 3683 Godeirido
928 3616 969 3683 de
993 3618 1096 3685 Velde
1120 3621 1238 3686 clerico
1261 3619 1374 3687 Colon.
1400 3624 1542 3686 reservat
1564 3619 1618 3684 be

282 3726 431 3793 neficium
457 3726 709 3792 ecclesiasticum
735 3745 805 3789 cum
831 3744 908 3790 cura
932 3725 984 3791 veI
1007 3728 1077 3792 sine
1101 3747 1178 3793 cura
1206 3727 1248 3792 ad
1278 3726 1520 3813 dispositionem
1548 3744 1618 3811 pre

282 3834 378 3920 positi
404 3833 518 3899 decani
542 3840 576 3898 ct
599 3832 733 3917 capituli
767 3831 845 3896 eccl.
875 3833 908 3898 S.
935 3833 1090 3900 Gereonis
1113 3833 1224 3901 Oolon.
1256 3835 1466 3900 communiter
1488 3833 1541 3898 vet
1570 3831 1617 3896 di·

282 3943 375 4008 visim
399 3947 559 4026 spectans,
584 3941 674 4005 euius
697 3939 829 4022 tructus,
854 3940 881 4004 si
906 3947 1061 4022 curatum,
1085 3942 1200 4026 viginti
1225 3941 1376 4025 quinque,
1400 3943 1524 4007 sivero
1547 3940 1616 4005 sine

282 4069 358 4114 cura
390 4049 499 4130 fuerit,
535 4045 716 4131 quindecim
750 4045 950 4111 marcharum
984 4049 1111 4132 argenti
1138 4069 1164 4114 s.
1189 4054 1212 4113 t.
1237 4047 1268 4112 d.
1303 4049 1444 4114 valorem
1477 4066 1616 4112 annuum

280 4177 343 4221 non
368 4153 536 4222 excedunt.

387 4262 511 4329 Meritis
535 4268 588 4328 tue
612 4262 782 4348 probitatis
811 4311 871 4326 ...
925 4263 999 4327 Dat.
1027 4262 1118 4327 Avin.
1137 4262 1182 4326 VI
1206 4261 1251 4326 kl.
1276 4262 1430 4328 februarii
1455 4283 1485 4327 u.
1510 4262 1616 4327 tertio

280 4370 416 4437 decimo.

387 4480 424 4544 In
448 4498 477 4544 e.
493 4499 535 4546 m.
560 4476 683 4543 decano
700 4477 733 4545 S.
752 4477 864 4544 Crucis
887 4476 991 4542 Leod.
1016 4483 1048 4543 et
1071 4476 1271 4543 thesaurario
1287 4477 1362 4542 Met.
1381 4498 1419 4542 ao
1443 4476 1615 4543 scolastico

278 4586 313 4652 S.
337 4584 556 4651 Bartholomei
579 4582 680 4650 Leod.
707 4585 926 4651 ecclesiaram.

438 4710 511 4780 Rep.
531 4707 568 4764 91
587 4709 611 4782 f.
632 4709 690 4764 218
707 4725 755 4764 nr.
775 4709 859 4766 2635.
