3642 5509
742 409 813 474 1330
831 413 1009 489 September
1027 415 1071 474 26.
1522 412 1574 472 367

240 594 413 667 novissime
440 598 635 686 presentatis
666 621 728 666 non
762 600 884 683 absque
916 599 1128 666 admiratione
1157 599 1312 665 contineri
1347 599 1485 666 vidimus
1516 620 1574 666 nos

240 727 336 793 super
368 707 572 774 matrimonio
604 707 687 773 inter
719 712 806 772 tuam
840 707 938 772 filiam
971 713 1003 771 et
1035 707 1180 772 inclitum
1213 707 1389 792 principem
1423 706 1573 774 Ottonem

240 812 356 880 ducem
380 815 508 882 Austrie
534 814 747 901 dispensasse.
796 813 867 879 lloc
891 813 987 896 enim,
1020 812 1075 896 fili,
1109 813 1282 879 secundum
1308 815 1476 879 veritatem
1510 836 1573 880 non

240 920 386 999 fecimus,
402 921 460 988 sed
473 942 583 988 verum
600 928 659 1005 est,
676 921 762 1006 quod
778 928 994 1007 supponentes
1010 927 1042 986 te
1054 920 1231 1003 ducemque
1248 920 1425 1005 predictum
1440 921 1573 988 devotos

240 1025 378 1095 existere
402 1028 484 1096 filios
507 1049 625 1114 sponse
641 1028 770 1105 Christi,
794 1028 1056 1094 ordinaveramus
1073 1029 1270 1093 committere
1291 1028 1386 1093 certis
1403 1029 1572 1115 episcopis,

239 1140 274 1200 ut
298 1137 403 1202 causis
425 1137 554 1203 insertis
578 1137 610 1200 in
633 1135 868 1221 supplicatione
897 1133 990 1201 nohis
1015 1134 1124 1201 oblata
1147 1155 1243 1220 super
1266 1134 1328 1200 hoc
1357 1137 1515 1202 contentis
1538 1157 1573 1202 se

240 1241 380 1308 debeant
412 1242 537 1327 plenius
570 1242 754 1325 informare,
787 1249 820 1307 et
842 1243 869 1306 si
894 1261 949 1308 eas
982 1240 1159 1326 reperirent
1192 1261 1348 1308 consonas
1380 1243 1509 1307 veritati
1541 1249 1573 1308 et

240 1369 311 1416 eam
344 1350 425 1416 alias
458 1349 612 1434 expedire
645 1356 787 1435 possent,
820 1347 996 1434 procedere
1020 1348 1062 1414 ad
1095 1348 1367 1434 dispensationem
1391 1348 1574 1415 huiusmodi

239 1456 423 1522 faciendam
456 1456 608 1539 illamque
640 1477 698 1543 per
729 1455 882 1521 dilectum
915 1455 1014 1520 filium
1047 1456 1184 1541 priorem
1217 1455 1445 1540 Tholosanum,
1479 1475 1574 1540 quem

243 1583 508 1650 proposueramus
544 1564 672 1629 mittere
712 1570 745 1628 et
777 1582 848 1628 eum
887 1561 929 1627 ad
953 1569 1040 1628 tuam
1073 1568 1105 1628 et
1143 1561 1223 1633 dieti
1256 1561 1348 1629 ducis
1379 1564 1573 1648 presentiam

238 1691 297 1756 pro
321 1673 418 1738 certis
441 1671 516 1737 aliis
538 1671 678 1755 negotiis
701 1689 759 1735 nos
782 1676 816 1735 et
839 1688 896 1736 vos
926 1669 1134 1754 tangentibus
1158 1669 1331 1735 destinare.
1378 1668 1462 1735 Sane
1486 1671 1571 1752 quia,

239 1786 411 1861 antequam
435 1777 542 1844 dictus
565 1778 652 1863 prior
675 1778 736 1842 iter
759 1797 851 1843 suum
875 1777 1043 1863 arriperet,
1067 1782 1319 1863 supervenerunt
1343 1777 1449 1842 littere
1474 1777 1571 1860 varie,

241 1885 327 1968 quod
343 1891 376 1950 te
392 1891 595 1971 procurante,
619 1883 663 1949 lili
689 1885 851 1949 carissime
875 1904 932 1949 rex
956 1882 1112 1968 predicte,
1138 1882 1243 1950 dictus
1267 1881 1333 1949 dux
1357 1903 1428 1949 cum
1445 1884 1572 1950 Bavaro

241 1994 339 2058 armis
361 1993 514 2077 proiectis
538 2010 651 2076 pacem
667 1991 793 2056 iecerat
815 2010 915 2073 seque
932 2011 989 2075 pro
1007 1996 1096 2056 certa
1118 2009 1241 2056 summa
1256 1990 1401 2075 pecunie,
1425 2011 1484 2076 pro
1508 2010 1572 2074 qua

238 2099 299 2165 sibi
323 2106 413 2165 certa
435 2097 616 2183 imperialia
639 2104 747 2163 castra
770 2097 811 2162 de
836 2098 934 2180 facto,
965 2117 1036 2162 cum
1060 2096 1102 2162 de
1124 2097 1193 2162 iure
1216 2117 1280 2161 non
1303 2103 1422 2182 posset,
1450 2097 1572 2182 obliga·

239 2212 330 2273 verat
353 2207 484 2288 eiusque
513 2203 757 2290 stipendiarium
780 2205 992 2270 constituerat
1019 2223 1174 2287 suumque
1198 2224 1269 2270 cum
1300 2210 1367 2270 toto
1390 2223 1486 2290 posse
1513 2225 1571 2271 suo

238 2312 271 2378 in
304 2312 477 2378 Alamania
508 2310 663 2376 auxilium
697 2310 800 2376 eidem
832 2312 1023 2397 promiserat
1057 2311 1222 2396 impertiri,
1255 2311 1288 2375 in
1320 2311 1455 2378 instanti
1487 2312 1571 2378 festo

238 2419 471 2506 purificationis
495 2417 623 2483 domine
646 2425 756 2484 nostre
781 2417 964 2502 homagium
988 2424 1023 2483 ut
1046 2418 1115 2503 regi
1139 2424 1171 2484 et
1187 2416 1373 2503 imperatori
1396 2418 1571 2486 solenniter

238 2526 401 2610 exhibere,
425 2527 527 2591 visum
552 2531 601 2590 est
617 2525 709 2591 nobis
733 2532 766 2590 et
788 2531 896 2591 nostro
917 2525 1060 2608 consilio,
1086 2523 1172 2608 quod
1195 2545 1255 2590 nec
1272 2525 1451 2591 commissio
1474 2545 1570 2611 super

237 2634 483 2719 dispensacione
515 2630 663 2718 predicta
686 2632 728 2698 ad
760 2652 891 2718 presens
916 2633 1005 2698 lieret
1039 2653 1099 2698 nec
1132 2631 1175 2697 ad
1199 2652 1256 2699 vos
1287 2633 1375 2718 prior
1407 2631 1571 2719 predictus

236 2741 391 2809 destinari
414 2741 559 2823 deberet,
594 2763 666 2809 curn
689 2741 756 2823 illa,
790 2746 1006 2826 propterque
1037 2741 1141 2825 ipsum
1164 2740 1409 2808 intendebamus
1431 2741 1569 2824 mittere,

237 2850 364 2932 assequi
396 2855 558 2934 speratum
593 2849 742 2916 effectum
774 2870 838 2915 non
870 2854 1011 2933 possent.
1059 2847 1202 2931 ideoque
1234 2847 1353 2913 habeat
1384 2868 1443 2914 nos
1475 2867 1571 2933 super

237 2962 381 3040 utroque,
418 2957 543 3022 scihcet
579 2957 801 3023 commissione
839 2954 1089 3041 dispensationis
1126 2961 1159 3020 et
1191 2976 1254 3022 non
1294 2955 1389 3021 misso
1422 2954 1570 3041 predicto

236 3064 343 3147 priore
377 3065 468 3148 regia
500 3063 746 3149 circumspectio
779 3068 959 3129 excusatos.
1006 3062 1158 3128 hliramnr
1180 3063 1320 3147 insuper,
1355 3060 1441 3144 quod
1473 3082 1570 3147 super

236 3172 442 3256 responsione
465 3178 575 3238 nostra
597 3191 694 3257 super
716 3171 805 3236 facto
821 3170 940 3236 Bavari
964 3170 1007 3234 nil
1032 3168 1189 3235 celsitudo
1212 3168 1304 3252 regia
1326 3169 1418 3234 nobis
1442 3168 1571 3235 duxerit

235 3277 483 3345 rescribendum.
531 3280 692 3345 Promissa
719 3286 826 3344 autem
850 3278 883 3343 in
906 3278 1023 3344 nostris
1050 3279 1167 3343 litteris
1190 3277 1272 3360 eliis,
1306 3297 1386 3360 quas
1409 3297 1474 3342 una
1497 3297 1569 3342 cum

235 3386 306 3452 istis
329 3387 519 3452 excellentie
543 3387 632 3472 regie
656 3387 819 3467 mittimus,
843 3386 969 3470 plenius
984 3386 1103 3470 poterit
1119 3386 1246 3452 intueri.
1294 3385 1356 3449 Pro
1373 3391 1427 3448 tuo
1451 3389 1568 3466 autem,

235 3493 280 3558 lili
304 3494 482 3582 carissime,
503 3499 536 3559 et
552 3494 688 3559 ecclesie
704 3494 851 3559 obtamus
867 3495 902 3574 (l)
926 3492 1093 3558 commodo
1117 3499 1150 3558 et
1174 3493 1302 3575 bonore,
1327 3497 1371 3576 ut,
1397 3511 1492 3575 quam
1516 3492 1569 3574 pie

235 3620 355 3684 sponsa
378 3599 497 3667 Christi
529 3619 600 3665 cum
624 3601 770 3683 genitore
796 3605 850 3665 tuo
873 3620 914 3666 ac
943 3606 1048 3664 tecum
1072 3619 1107 3665 se
1130 3598 1266 3683 gesserit
1295 3597 1484 3682 qualemque
1508 3597 1569 3664 sibi

234 3707 394 3791 rependas
410 3707 676 3791 vicissitudinem,
701 3706 849 3774 deductis
864 3709 897 3773 in
922 3708 1111 3773 consistorio
1128 3707 1272 3790 rationis,
1296 3713 1329 3772 et
1345 3713 1380 3771 ut
1396 3712 1451 3772 tue
1474 3705 1568 3772 saluti

235 3813 407 3898 provideas
422 3820 540 3898 tueque
555 3815 642 3880 fame
660 3815 808 3882 consulas
825 3815 1063 3897 consultiusque
1080 3813 1240 3901 periculis,
1265 3833 1326 3897 que
1343 3813 1401 3879 tibi
1417 3814 1568 3899 posteris-

235 3939 298 4003 que
322 3921 384 3988 tuis
407 3927 539 4007 propter
562 3921 628 3998 illa,
654 3942 715 4005 que
738 3923 771 3987 in
794 3922 937 3989 savorem
955 3922 1073 3987 Bavari
1091 3920 1131 3986 de
1155 3920 1291 3987 diversis
1308 3920 1473 3987 heresibus
1497 3940 1569 3986 con·

235 4026 400 4112 dempnati
436 4028 499 4094 hiis
528 4027 641 4094 diebus
675 4029 822 4095 extitisse
851 4028 1004 4110 nosceris,
1039 4036 1169 4113 possent
1204 4029 1305 4112 sequi,
1341 4049 1404 4093 non
1439 4029 1569 4095 omittas

236 4153 405 4201 occurrere
436 4141 468 4201 et
492 4156 553 4219 que
576 4136 755 4221 improvide
777 4142 871 4220 gesta
899 4142 982 4218 sunt,
1017 4133 1191 4201 reformare
1214 4136 1246 4200 in
1276 4135 1399 4216 melius,
1432 4141 1567 4218 paterno

233 4262 384 4328 rogamus
400 4242 521 4309 affectu
537 4250 569 4308 et
585 4243 681 4326 omni,
706 4263 768 4326 quo
785 4262 962 4328 possumus,
987 4241 1093 4308 studio
1109 4242 1291 4324 invitamus,
1308 4243 1456 4324 sciturus,
1481 4240 1567 4325 quod

145 4361 153 4372 ·
234 4347 355 4416 Christi
390 4354 423 4415 et
457 4350 594 4416 ecclesie
624 4356 729 4417 status
752 4356 785 4416 et
807 4349 883 4416 fidei
917 4367 1090 4432 eorumque
1119 4351 1250 4432 negotia
1277 4367 1317 4414 ea
1349 4355 1423 4414 sunt
1454 4347 1568 4416 indivi-

232 4456 319 4523 sibili
349 4458 465 4524 unione
489 4459 670 4541 coniuncta,
699 4464 736 4524 ut
758 4459 840 4525 alter
862 4457 1012 4524 honorari
1041 4462 1182 4540 nequeat
1204 4456 1336 4539 reliquis
1364 4476 1420 4522 seu
1444 4454 1566 4539 reliquo

233 4585 295 4631 non
319 4565 439 4632 habitis
462 4585 518 4632 seu
542 4586 604 4631 non
629 4565 740 4631 habito
763 4564 797 4631 in
820 4564 950 4630 bonore.
997 4565 1073 4629 Dat.
1092 4563 1135 4628 Vl
1160 4563 1204 4628 kl.
1229 4564 1371 4631 octobris
1394 4584 1477 4629 anno
1493 4563 1566 4632 XV.

394 4715 467 4785 Ray.
488 4716 542 4769 116
558 4715 583 4786 f.
603 4719 639 4770 74
657 4731 705 4770 rar.
724 4716 790 4770 336.
