3642 5509
755 407 825 468 1829
843 406 964 470 Jauusr
981 404 1025 464 26.
1485 401 1539 464 226

309 593 347 658 ln
371 612 399 658 c.
423 612 465 657 m.
490 591 523 658 S.
543 590 750 657 Pantaleonis
774 588 974 658 Colonlensis
996 594 1030 654 et
1053 588 1087 652 S.
1105 587 1237 656 Corneli
1254 585 1403 655 Indensis
1425 587 1538 654 Colon.

202 698 285 771 dioc.
312 700 575 767 monasteriorum
599 697 773 764 abbatibus
796 717 836 762 ac
860 694 1089 764 archidiacono
1113 695 1323 764 Nannetensi.

352 823 425 892 Bag.
445 822 485 876 90
501 821 526 892 s.
545 821 602 877 262
621 836 669 877 rar.
689 822 770 875 1707.

312 1085 433 1152 1656.
460 1087 546 1151 1329
570 1088 709 1152 Jaauor
732 1087 786 1150 25.
811 1082 977 1172 Acipooa.

310 1228 471 1296 Iohannes
495 1227 593 1294 XXII
627 1227 765 1293 Henrico
801 1225 842 1291 de
873 1225 989 1312 Ulpicb
1025 1225 1152 1292 confert
1184 1225 1264 1291 eccl.
1288 1225 1473 1292 Monosterii
1506 1229 1538 1292 in

203 1335 311 1421 Eyflia
334 1335 443 1401 Colon.
469 1333 552 1400 dioc.
587 1335 822 1416 canonicatum,
856 1332 1055 1419 prebendam
1079 1353 1155 1399 vero
1188 1352 1312 1399 necnon
1346 1332 1536 1418 dignitatem

203 1449 408 1528 personatum
442 1442 494 1508 vel
527 1441 664 1508 officinm
697 1442 766 1506 sinc
799 1461 886 1524 cura,
922 1439 1094 1506 dummodo
1127 1438 1307 1506 huiusmodi
1336 1439 1478 1524 dignitas
1506 1443 1539 1506 in

203 1549 318 1616 eadem
341 1550 480 1617 ecclesia
502 1548 689 1635 principaIIs
713 1568 775 1614 non
801 1549 930 1632 existat,
963 1547 995 1613 in
1024 1546 1136 1614 eadem
1161 1546 1265 1612 eidem
1289 1554 1442 1631 reservat,
1475 1568 1538 1614 non

203 1659 352 1724 obstante
385 1655 471 1740 quod
504 1658 536 1722 in
569 1656 649 1724 eccl.
673 1655 707 1722 S.
732 1655 862 1722 Andros
887 1655 997 1724 Golou.
1032 1655 1255 1724 canonicatum
1283 1661 1317 1720 et
1339 1653 1534 1742 prebendam

203 1765 338 1830 obtinet.

311 1871 472 1940 Nobilitas
494 1869 623 1956 generis
645 1888 768 1936 morum
792 1868 914 1936 decor.
934 1919 969 1935 ..
993 1870 1068 1936 Dat.
1094 1869 1187 1935 rivin.
1212 1869 1292 1934 VIII
1315 1867 1361 1933 kl.
1385 1867 1537 1936 februarii

204 1999 233 2043 a.
258 1977 491 2044 tertiodecimo.

310 2086 349 2151 In
372 2105 399 2151 e.
425 2107 466 2150 m.
494 2085 527 2152 S.
554 2085 692 2152 Cornelii
716 2083 863 2151 ludensis
888 2090 921 2149 et
944 2084 1119 2151 Tulliensis
1147 2085 1411 2150 monasteriorum
1441 2084 1538 2150 abba-

203 2192 290 2258 tibus
313 2191 424 2259 (lolon.
447 2191 531 2258 dioc.
556 2213 595 2258 ao
618 2189 847 2258 archidiacono
871 2191 1079 2259 Nannetensi.

353 2315 426 2386 Ray.
445 2317 484 2372 90
501 2316 526 2387 f.
544 2316 612 2372 263¹
630 2332 679 2371 nr.
698 2317 777 2370 1710.

313 2586 435 2655 1657.
461 2588 547 2652 1329
570 2589 709 2655 Juaaar
733 2587 787 2650 25.
811 2585 975 2673 Auipuou.

309 2730 468 2796 Iohannes
491 2729 590 2796 XXII
623 2728 795 2796 Gnillelmo
820 2730 950 2794 Henrici
975 2728 1016 2794 dc
1039 2729 1181 2815 Tungris
1209 2730 1302 2814 layco
1326 2729 1426 2798 Leod.
1452 2730 1536 2798 dioc.

204 2843 350 2904 reservat
381 2838 414 2902 in
447 2837 526 2902 eccl.
551 2837 714 2902 Bonnensi
738 2836 848 2902 Oolon.
874 2835 958 2902 dioc.
992 2857 1089 2902 unum
1122 2836 1163 2904 de
1187 2839 1351 2924 perpatulo
1373 2837 1538 2904 beneficiis

205 2944 366 3010 consuetis
398 2943 555 3028 assignari
585 2942 697 3028 laycis,
732 2963 793 3026 que
817 2943 937 3009 ibidem
968 2943 1131 3028 prebende
1153 2963 1210 3010 seu
1234 2943 1340 3010 officia
1365 2944 1540 3029 vulgariter

204 3058 438 3137 nuncupantur.

312 3158 436 3224 Meritis
459 3163 514 3224 tue
537 3157 783 3243 probitatis...
815 3158 891 3223 Dat.
916 3156 1012 3223 Avin.
1036 3157 1116 3223 VIII
1139 3158 1184 3223 lrl.
1208 3158 1360 3224 februarii
1384 3179 1415 3224 a.
1433 3159 1541 3226 tertio·

204 3265 342 3331 decimo.

312 3373 350 3438 In
383 3391 412 3437 e.
439 3391 481 3437 m.
520 3371 631 3439 abbati
664 3371 849 3438 monasterii
882 3371 916 3438 S.
953 3370 1161 3437 Pantaleonis
1196 3378 1229 3437 et
1263 3370 1387 3437 decano
1419 3373 1453 3437 S.
1477 3374 1540 3439 Ge·

205 3480 288 3564 orgii
311 3478 421 3547 Golon.
457 3497 498 3545 ac
529 3479 684 3564 magistro
718 3477 887 3546 Ambrosio
920 3477 963 3547 de
985 3477 1168 3544 Mediolano
1201 3479 1356 3546 canonico
1389 3479 1538 3546 Mediola-

204 3585 313 3654 nensis
336 3587 553 3654 ecclesiarum.

365 3711 438 3782 Bag.
458 3711 497 3766 90
515 3710 540 3781 f.
560 3710 625 3766 264⁴
644 3727 692 3765 nr.
711 3712 793 3766 1712.

265 4053 270 4064 ,
312 3989 458 4060 *losa
487 3991 574 4057 1329
597 3993 737 4058 Juoaur
756 3991 810 4056 25.
844 3989 1009 4077 Aoipaoa.

313 4134 472 4202 Iohannes
492 4135 592 4200 XXII
616 4133 727 4202 abbati
750 4135 935 4200 monasterii
950 4133 1176 4220 Luccemburg
1190 4136 1323 4202 Trever.
1345 4135 1429 4202 dioc.
1452 4155 1540 4202 mau-

205 4241 274 4325 dat,
303 4243 453 4325 quatinus
477 4241 612 4308 clericos
636 4248 668 4306 et
692 4240 930 4309 ecclesIasticas
952 4262 1118 4328 personas,
1150 4245 1248 4310 etiam
1272 4242 1540 4327 indignitatibus

205 4349 341 4416 Trever.
366 4349 451 4414 dioc.
475 4356 508 4414 et
523 4347 748 4433 personatibus
772 4348 974 4433 constitutas,
998 4369 1123 4417 necnon
1138 4349 1238 4417 ducas
1254 4351 1387 4417 comites
1403 4351 1540 4418 barones

204 4454 330 4523 nobiles
362 4456 481 4522 milltes
504 4461 537 4520 ct
559 4455 641 4520 alios
673 4455 772 4522 laibos
797 4455 930 4523 Trever.
955 4457 1043 4523 civit.
1068 4464 1101 4524 et
1128 4457 1212 4523 dloc.
1237 4458 1292 4541 qui
1315 4466 1423 4524 castra
1446 4458 1540 4525 villas

204 4561 318 4630 domos
342 4563 453 4629 riuaas
476 4568 580 4628 terras
603 4569 666 4628 etc.
691 4582 711 4627 a
734 4564 929 4629 monasterio
945 4562 1134 4631 Clarifontis
1156 4585 1257 4652 prope
1278 4564 1376 4630 Erlon
1393 4564 1538 4651 Cysterc.

204 4668 276 4736 ord.
299 4670 431 4736 Trever.
456 4669 541 4736 dioc.
572 4670 631 4736 sub
660 4689 766 4736 annuo
794 4688 891 4736 censu
915 4690 972 4737 seu
995 4669 1124 4737 redditu
1148 4679 1267 4754 tenent,
1292 4692 1539 4757 percensuram

204 4775 461 4847 ecclesiasticam
485 4777 667 4864 compellat,
693 4776 779 4862 quod
803 4797 934 4844 censum
957 4796 1014 4844 seu
1038 4776 1199 4844 redditum
1224 4779 1388 4847 abbatiae
1411 4787 1444 4846 ct
1466 4799 1539 4848 con·
