3642 5509
284 440 336 499 172
849 437 919 497 1328
937 439 1001 498 Juli
1018 439 1063 497 21.

388 621 569 689 Laudabile
602 621 829 706 testimonium,
865 620 951 704 quod
978 670 985 687 .
1011 671 1019 686 .
1047 671 1054 688 .
1102 622 1177 688 Dat.
1203 620 1298 687 Avin.
1323 621 1390 687 XII
1419 621 1465 688 kl.
1489 621 1618 706 augusti

283 750 312 795 a.
338 729 541 796 duodecimo.

355 911 356 915 Ἰ
389 839 427 903 In
451 858 543 903 em.
580 838 613 904 S.
636 835 781 903 Severini
807 837 908 903 Oolon
933 844 966 903 et
989 836 1022 902 S.
1049 837 1153 902 Mario
1187 834 1229 901 ad
1262 835 1384 921 gradus
1408 836 1517 902 Oolou.
1549 855 1618 922 pre·

283 945 396 1032 positis
419 965 457 1012 ao
486 945 639 1029 magistro
668 944 804 1013 Nieolao
829 943 870 1011 de
895 944 1022 1012 Fraetis
1054 945 1233 1012 litterarum
1266 944 1517 1032 apostoliearum
1550 964 1618 1011 eor·

283 1053 410 1120 rectori.

444 1179 518 1248 Jeep.
538 1179 577 1234 88
593 1178 619 1253 s.
638 1179 703 1236 1021
721 1193 768 1234 ur.
786 1180 869 1234 3266.

389 1475 512 1544 1520.
545 1480 632 1543 1328
653 1477 731 1545 Jott
753 1480 806 1542 21.
840 1476 1005 1564 Aoipnoo.

390 1619 551 1688 Iohannes
574 1621 675 1688 XXII
698 1620 847 1688 Emerioo
871 1627 947 1686 nato
972 1618 1133 1704 quondam
1157 1618 1269 1685 Wiriei
1294 1619 1336 1686 de
1359 1619 1522 1685 Pinsbeim
1545 1639 1618 1685 eon·

283 1725 345 1792 sert
368 1727 448 1794 eool.
473 1727 532 1794 SS.
549 1727 774 1814 Apostolorum
798 1726 908 1794 Color.
934 1726 1169 1810 canonicatum,
1193 1725 1390 1812 prebendam
1413 1746 1490 1794 vero
1512 1725 1615 1794 eidem

282 1841 436 1904 reservat.

390 1940 585 2010 Laudabiiia
617 1941 703 2009 dona
736 1943 888 2009 virtutum
914 1990 922 2008 .
947 1991 955 2008 .
981 1990 989 2007 .
1047 1942 1124 2008 Dat.
1148 1941 1244 2008 Ario.
1268 1942 1335 2008 XII
1358 1941 1404 2009 kl.
1433 1943 1616 2028 augustia.

282 2046 485 2115 duodecimo.

389 2157 425 2221 In
450 2177 478 2223 e.
506 2179 547 2223 m.
584 2158 617 2224 S.
635 2157 781 2224 Severini
806 2155 918 2224 Goion.
943 2163 975 2222 et
999 2156 1033 2223 S.
1059 2157 1161 2223 Marie
1188 2156 1230 2223 ad
1255 2157 1376 2244 gradus
1399 2157 1511 2224 Goion.
1548 2179 1618 2244 pre·

281 2263 395 2347 positia
419 2284 458 2329 ae
486 2265 639 2349 magistro
663 2265 800 2334 NIoolao
829 2263 871 2330 de
895 2264 1022 2331 Fraotio
1054 2265 1232 2332 libterarum
1265 2266 1514 2352 apostolicarum
1548 2287 1616 2333 eor·

280 2371 399 2437 reetori
424 2373 579 2438 eanonioo
602 2373 799 2439 Patraoeusi.
1496 2379 1503 2391 '

441 2506 514 2576 Beq.
533 2507 572 2562 88
588 2506 613 2576 f.
633 2507 697 2562 103‘
715 2522 763 2561 ur.
782 2507 868 2563 3267.

388 2789 504 2856 1521.
533 2793 621 2857 1328
644 2793 720 2859 Jou
743 2795 799 2857 22.
813 2758 990 2878 'Avipaou

389 2933 547 3000 Iohannes
563 2935 662 3001 XXII
686 2935 825 3002 HeurIoo
841 2933 883 3000 de
899 2935 1021 3001 Iuliaeo
1038 2934 1194 3001 eanonioo
1210 2935 1289 3000 eoel.
1307 2935 1487 3001 Bunneuois
1503 2935 1614 3002 (tolon.

282 3037 367 3104 dioo.
399 3048 543 3107 reservat
575 3041 777 3108 obedientias
811 3048 917 3108 curtes
949 3061 1005 3107 seu
1044 3041 1188 3108 decimae
1224 3043 1292 3107 sine
1325 3062 1403 3107 eura
1443 3050 1614 3110 consuetae

282 3146 399 3212 aboiim
433 3151 596 3215 canonicis
629 3149 771 3216 eiusdem
804 3150 941 3216 eoeleaie
973 3150 1142 3233 assignari,
1175 3151 1202 3214 si
1231 3168 1293 3233 que
1323 3169 1380 3235 per
1407 3169 1533 3215 oeaaum
1564 3151 1616 3217 uel

282 3253 448 3321 decessum
478 3258 623 3322 canonici
651 3254 842 3342 prebendati
867 3255 1011 3322 eiusdem
1036 3254 1173 3322 eooleaie
1195 3255 1228 3321 in
1253 3254 1367 3322 eadem
1390 3257 1471 3323 eoel.
1496 3266 1615 3323 vaeant

281 3359 324 3425 ad
347 3383 478 3446 presens
500 3364 553 3429 vel
576 3384 648 3429 oum
671 3365 867 3446 vacaverint,
903 3384 967 3429 non
997 3364 1146 3430 obstante
1178 3362 1262 3446 quod
1294 3364 1358 3428 alia
1386 3363 1542 3430 beneficia
1565 3383 1616 3429 ee·

159 3521 161 3524 .
282 3467 465 3534 elesiastioa
498 3489 569 3536 eum
593 3470 774 3537 huiuamodi
799 3471 944 3537 curtibus
967 3489 1024 3536 seu
1048 3468 1183 3536 deeimIa
1206 3489 1242 3536 oe
1264 3470 1347 3536 alias
1369 3471 1508 3536 iuvioem
1531 3491 1616 3537 eom·

281 3574 440 3658 patientia
463 3574 586 3642 obtinet
609 3594 667 3643 seu
689 3582 850 3663 expectat.

389 3681 532 3766 Exigunt
555 3690 609 3749 tue
633 3685 748 3749 merita
769 3732 820 3750 ...
885 3684 961 3750 Dat.
977 3684 1073 3750 Avin.
1090 3683 1140 3748 XI
1155 3682 1202 3749 kl.
1219 3685 1347 3768 augusti
1364 3706 1395 3750 a.
1412 3682 1614 3750 duodecimo.

389 3789 426 3854 In
450 3807 536 3854 em.
561 3791 594 3856 S.
616 3791 718 3856 Marie
741 3791 784 3856 ad
808 3791 929 3875 gradus
952 3791 1062 3858 colon.
1086 3798 1119 3856 et
1142 3791 1176 3860 S.
1194 3789 1324 3874 Georgii
1349 3791 1459 3857 Coton.
1484 3791 1616 3858 decania

282 3915 321 3961 ao
344 3894 479 3962 Nioolao
503 3895 544 3961 de
567 3897 693 3966 Fructio
726 3899 882 3964 eanonieo
906 3898 1110 3964 PatraoensIs
1143 3897 1221 3963 eeol.
1251 3896 1431 3962 litterarum
1464 3898 1616 3983 apostoli·

283 4023 392 4068 earum
416 4005 598 4069 oorreotori.

431 4146 502 4217 Rep.
522 4149 559 4200 88
575 4146 600 4216 f.
619 4149 657 4201 98
676 4163 726 4212 πη
744 4146 830 4201 3256.

390 4452 511 4520 1522.
539 4455 625 4519 1328
647 4454 724 4521 Jutt
746 4456 800 4518 22.
825 4453 990 4540 Avtpoon.

389 4593 549 4662 Iohannes
572 4595 672 4662 XXII
708 4596 848 4663 Henrioo
879 4595 921 4662 de
944 4596 1067 4662 luliaco
1097 4596 1262 4682 preposito
1286 4597 1365 4662 eoel.
1390 4596 1424 4662 S.
1449 4595 1550 4662 Mario
1573 4594 1616 4661 ad

282 4699 404 4786 gradus
427 4701 537 4768 Goion.
562 4703 687 4770 confert
711 4703 882 4770 ecelesiam
906 4703 941 4770 S.
960 4703 1089 4768 Andree
1111 4704 1314 4771 Patavienuis
1337 4702 1421 4771 dioc.
1447 4709 1617 4770 vacantem

282 4829 340 4895 per
364 4810 485 4876 obitum
509 4810 599 4877 Petri
622 4810 672 4877 tit.
698 4811 731 4877 S.
756 4809 915 4899 Stephani
947 4811 982 4877 in
1000 4809 1197 4878 Oeliomonte
1229 4811 1400 4898 presbiteri
1433 4809 1616 4879 cardinalis.
