3642 5509
272 425 323 478 186
797 425 865 478 1328
885 423 1015 479 October
1034 425 1077 478 14.

271 625 329 669 nos
353 603 455 668 eidem
481 625 660 689 personam,
697 625 759 687 que
791 605 852 688 ipsi
887 604 1023 669 ecclesie
1056 604 1201 688 perutilis
1230 626 1269 669 ac
1297 605 1389 670 nobis
1413 611 1445 669 et
1468 604 1605 670 ecclesie

272 712 414 777 Romano
443 710 547 775 tidelis
578 713 730 776 existeret
759 719 791 777 et
821 708 951 792 devota,
985 709 1138 796 preficere
1163 713 1337 797 cupientes,
1366 709 1408 775 ad
1438 731 1604 796 personam

272 819 382 884 dilecti
407 819 462 884 lilii
488 819 618 883 Henrici
643 819 739 885 electi
757 820 936 906 linguntini
960 821 1116 907 prepositi
1139 820 1277 885 ecclesie
1293 818 1472 884 Bunnensis
1493 818 1604 884 Oolon.

272 925 354 991 dioc.
379 925 506 1010 nepotis
534 927 579 991 tui
610 925 785 994 direximus
813 930 961 994 intuitum
991 929 1108 995 mentis
1136 932 1243 993 nostre
1267 945 1307 991 ac
1330 925 1371 990 de
1395 927 1466 1010 ipso
1489 945 1605 991 memo

271 1040 340 1099 rate
364 1033 500 1099 ecclesie
524 1033 711 1114 Maguntine
736 1083 795 1100 ...
825 1034 1024 1121 providimus
1139 1033 1303 1117 Rogamus
1325 1033 1436 1116 itaque
1460 1031 1605 1098 fraterni·

271 1148 370 1207 tatem
393 1147 480 1205 tuam
505 1147 537 1205 et
560 1142 591 1205 in
617 1139 744 1206 domino
768 1141 982 1225 exhortamur,
1016 1141 1167 1225 quatinus
1200 1138 1304 1206 eidem
1339 1139 1443 1204 electo
1475 1140 1541 1204 suis
1571 1146 1604 1205 et

271 1247 408 1314 ecclesie
430 1267 487 1313 sue
511 1247 630 1313 utiliter
653 1249 880 1333 promovendis
903 1251 1042 1335 negotiis
1065 1249 1196 1316 auxiliis
1220 1246 1360 1314 consiliis
1384 1253 1417 1311 et
1440 1247 1605 1313 favoribus

271 1355 437 1440 oportunis
460 1357 621 1439 assistens,
658 1376 721 1422 una
754 1377 824 1422 cum
858 1359 929 1443 ipso
962 1359 996 1423 in
1029 1356 1124 1423 solita
1157 1356 1339 1422 constantia
1370 1354 1550 1421 devotionis
1573 1361 1605 1420 et

271 1462 346 1529 fidei
377 1464 547 1548 persistere
577 1483 638 1528 non
669 1469 853 1548 postponas.
902 1465 977 1530 Dat.
1002 1464 1098 1530 Avin.
1123 1463 1155 1528 Il
1179 1461 1251 1528 idus
1274 1462 1416 1527 octobris
1440 1481 1469 1526 a.
1495 1462 1603 1527 tertio·

272 1570 408 1637 decimo.

420 1691 492 1760 Rep.
512 1691 565 1744 115
579 1704 629 1759 pa.
651 1689 670 1743 1
685 1690 710 1761 s.
731 1690 776 1744 91²
794 1705 842 1744 nr.
861 1690 925 1746 516.

378 2003 494 2070 lsol.
528 2006 615 2069 1328
638 2005 778 2071 October
807 2006 859 2070 14.
884 2003 1049 2090 Aviprron.

378 2145 549 2230 [lohannes
579 2146 689 2231 XXII]
724 2146 859 2214 Iohanni
893 2147 935 2213 de
964 2145 1159 2215 Constancia
1191 2145 1315 2212 decano
1339 2147 1528 2230 Maguntino
1552 2167 1604 2212 ca·

272 2253 398 2337 pellano
422 2262 539 2320 nostro.

379 2361 481 2438 Quam
513 2361 686 2446 diligenter
716 2369 900 2428 constanter
924 2369 956 2428 et
979 2362 1118 2428 fideliter
1147 2363 1180 2426 in
1208 2360 1348 2446 negotiis
1377 2360 1530 2426 honorem
1554 2381 1603 2426 ec·

273 2468 369 2533 clesie
396 2469 540 2534 Romane
570 2471 776 2554 tangentibus
810 2491 933 2538 necnon
963 2470 1051 2536 circa
1081 2469 1229 2536 solertem
1253 2470 1462 2535 munitionum
1487 2476 1519 2534 et
1542 2469 1605 2536 lor·

272 2574 449 2640 taliciorum
475 2577 612 2642 ecclesie
628 2577 815 2660 Maguntine
839 2584 913 2661 post
937 2578 1058 2643 obitum
1081 2578 1133 2643 bo.
1150 2596 1211 2642 me.
1228 2576 1350 2642 Mathia
1370 2575 1604 2662 archiepiscopi

272 2682 417 2765 Magunti
442 2683 630 2765 custodiam,
664 2691 699 2749 ut
722 2685 779 2768 illi,
814 2705 905 2768 quem
937 2685 1031 2751 sedes
1060 2685 1240 2770 apostolica
1267 2682 1395 2769 prefate
1417 2683 1604 2767 Magantine

271 2789 439 2874 preficeret
463 2790 610 2874 ecclesie,
644 2799 775 2876 possent
798 2793 957 2876 assignari
981 2793 1090 2873 libere,
1124 2799 1156 2857 te
1179 2790 1326 2876 gesseris,
1357 2791 1511 2857 relatibus
1534 2811 1603 2876 per·

272 2895 414 2981 cepimus
445 2896 618 2982 fidedignis
635 2947 642 2964 .
660 2947 668 2964 .
686 2947 720 2963 ..
745 2900 831 2966 Saue
864 2919 936 2965 cum
969 2919 1027 2966 nos
1059 2897 1101 2964 de
1133 2919 1293 2985 persona.
1314 2947 1322 2963 .
1347 2899 1477 2964 Henrici
1508 2897 1604 2963 electi

272 3002 526 3087 bisgemini...
553 3026 646 3088 quem
675 3006 779 3072 eidem
805 3007 993 3090 Maguntine
1020 3006 1158 3073 ecclesie
1187 3006 1297 3071 utilem
1329 3006 1454 3089 tibique
1477 3011 1602 3089 gratum

272 3117 304 3175 et
326 3111 505 3196 propicium
529 3115 668 3178 existere
693 3113 861 3196 credimus,
887 3113 1023 3179 ecclesie
1046 3121 1297 3180 memorate...
1324 3111 1511 3178 duxerimus
1534 3131 1604 3197 pro

270 3207 456 3303 videndum,
480 3220 706 3286 discretionem
729 3226 818 3285 tuam
840 3240 991 3305 rogamus
1015 3221 1170 3286 attentius
1193 3227 1226 3285 et
1248 3218 1423 3302 hortamur,
1455 3219 1604 3302 quatinus

272 3325 469 3394 ...eisdem
494 3326 596 3393 electo
621 3326 749 3410 suisque
774 3327 903 3393 vicariis
927 3333 960 3392 et
983 3326 1176 3394 oiticialibus
1200 3347 1240 3392 ac
1264 3325 1443 3392 ministris.
1462 3374 1469 3391 .
1487 3374 1495 3390 .
1513 3344 1604 3391 cures

271 3434 423 3500 assistere
453 3433 595 3500 consiliis
623 3434 752 3500 auxiliis
776 3441 809 3500 et
832 3435 997 3501 favoribus
1020 3436 1197 3521 oportunis,
1232 3433 1426 3500 munitiones
1449 3439 1482 3499 et
1505 3433 1604 3498 forta-

270 3541 344 3606 licia
368 3539 516 3626 predicta
539 3540 658 3606 eisdem
685 3589 745 3608 ...
770 3540 976 3626 assignando.
1036 3542 1112 3608 Dat.
1138 3541 1233 3607 Avln.
1258 3541 1290 3605 ll
1313 3539 1387 3605 idus
1410 3541 1550 3607 octobris
1573 3559 1604 3605 a.

271 3647 503 3717 tertiodecimo.

431 3771 504 3841 esp.
524 3773 579 3827 115
593 3787 640 3840 ps.
661 3771 680 3825 1
694 3771 718 3840 f.
738 3771 786 3826 921
804 3788 852 3826 nr.
872 3773 940 3829 522.

377 4103 497 4170 lbos.
531 4107 618 4170 1328
641 4104 782 4171 October
807 4107 858 4170 14.
885 4105 1050 4190 Anipaoa.

380 4244 551 4329 [lohannes
577 4246 687 4331 XXII]
712 4246 852 4312 Henrico
876 4247 980 4312 electo
1005 4245 1203 4328 Maguntino.

384 4353 533 4419 Volentes
556 4351 679 4438 pridem
704 4355 767 4419 tuis
790 4361 823 4419 et
852 4353 989 4419 ecclesie
1019 4360 1073 4418 tue
1097 4353 1285 4436 Magantine
1318 4351 1604 4438 indempnitatibus

273 4459 454 4544 providere,
491 4460 586 4543 quod,
622 4462 766 4544 quamvis
798 4459 991 4546 provisionis
1024 4458 1065 4524 de
1094 4466 1127 4524 te
1156 4460 1244 4525 facte
1277 4459 1435 4544 prelibata
1468 4457 1604 4524 ecclesie

274 4566 398 4632 litteras
430 4589 491 4632 non
526 4568 647 4633 babeas
679 4588 740 4633 uec
770 4566 932 4650 ostendas,
966 4566 1277 4633 administrationem
1301 4565 1444 4632 eiusdem
1469 4564 1604 4631 ecclesie

272 4692 331 4758 per
355 4680 387 4740 te
411 4683 546 4757 tuosque
580 4675 716 4740 vicarios
748 4675 903 4741 officiales
932 4680 965 4739 et
988 4674 1150 4741 ministros
1181 4693 1293 4757 gerere
1324 4673 1357 4738 in
1385 4669 1604 4757 spiritualibus

276 4786 308 4846 et
331 4781 562 4867 temporalibus
585 4782 729 4868 plenarie
753 4800 853 4864 nsque
876 4780 919 4846 ad
942 4786 1064 4850 certum
1092 4788 1218 4866 tempus
1241 4779 1351 4847 valeus
1379 4829 1386 4844 .
1410 4829 1417 4844 .
1442 4829 1449 4842 .
1478 4797 1606 4845 conces
