3642 5509
742 453 811 509 1338
830 449 916 523 April
936 451 978 508 17.
1483 451 1537 508 643

203 631 312 697 tinere
359 631 481 698 Tamen
512 631 623 717 vigore
656 631 750 699 huius
784 632 1033 718 dispensationis
1065 631 1256 699 heneficium
1288 634 1320 698 in
1355 633 1535 700 cathedrali

203 739 341 806 ecclesia
364 747 502 823 nequeat
526 741 679 806 obtinere.

310 845 508 913 Constitutus
532 846 564 912 in
590 848 751 933 presentie
775 853 882 913 nostra
908 896 916 912 .
942 897 948 911 .
977 899 983 912 .
1030 848 1105 913 Dat.
1130 846 1225 944 rivin.
1249 847 1311 912 XV
1335 847 1380 916 kl.
1405 848 1480 913 maii
1505 869 1535 914 a.

203 959 327 1035 quarto.

357 1062 428 1132 Req.
447 1063 504 1116 126
522 1060 558 1117 ia
574 1061 634 1132 fine
653 1063 763 1117 colum.

311 1325 438 1392 2326.
469 1329 556 1392 1338
579 1325 681 1412 April
706 1331 757 1393 17.
783 1327 949 1414 Aoiqaoa.

312 1468 506 1535 Benedictus
530 1471 595 1534 Xll
630 1469 859 1536 archidiacono
888 1471 1081 1536 Treverensi
1109 1469 1252 1546 mandat,
1286 1471 1437 1554 quatinus
1468 1491 1539 1536 cum

204 1573 399 1660 Rudengero
432 1576 520 1643 dicto
543 1577 688 1662 Vlymier
711 1576 752 1643 de
777 1577 978 1644 Confluentia
1011 1579 1129 1643 clerico
1153 1577 1361 1644 Treverensis
1389 1576 1473 1643 dioc.
1499 1576 1540 1644 de

204 1683 308 1748 soluto
333 1693 365 1749 et
390 1685 562 1766 coniugata
590 1685 700 1768 genito
730 1683 905 1770 dispenset,
941 1692 975 1750 ut
1003 1705 1067 1750 non
1099 1686 1247 1751 obstante
1270 1684 1417 1770 predicto
1441 1686 1540 1770 impe·

204 1789 346 1856 dimento
370 1791 472 1876 possit
495 1791 536 1856 ad
561 1812 671 1858 omnes
694 1812 804 1859 sacros
827 1792 956 1859 ordines
979 1793 1160 1878 promoveri
1176 1798 1209 1857 et
1226 1791 1415 1858 heneficium
1440 1792 1541 1859 eccle·

204 1899 379 1982 siasticunr,
410 1901 507 1964 etiam
531 1900 558 1964 si
582 1897 701 1964 habeat
732 1919 838 1964 curam
869 1901 1058 1982 animarum,
1088 1900 1241 1966 obtinere.
1289 1899 1410 1983 Vigore
1433 1906 1539 1964 tamen

206 2004 298 2070 huius
321 2005 571 2090 dispensationis
595 2006 783 2072 heneficium
808 2007 839 2071 in
865 2006 1044 2073 cathedrali
1070 2008 1209 2073 eeclesia
1231 2014 1370 2088 nequeat
1386 2007 1539 2073 obtinere.

312 2112 511 2180 Constitutus
534 2116 566 2178 in
590 2115 752 2198 presentia
774 2121 884 2180 nostra
910 2163 918 2178 .
944 2163 952 2178 .
977 2163 985 2178 .
1033 2115 1110 2179 Dat.
1134 2115 1229 2179 Avia.
1254 2113 1316 2178 XV
1340 2113 1386 2178 hl.
1410 2115 1486 2179 maii
1509 2135 1539 2178 a.

206 2227 329 2303 quarto.

366 2329 439 2398 ch.
460 2330 513 2384 126
531 2327 565 2383 ia
582 2327 642 2398 fiac
660 2328 770 2383 volum.

313 2605 442 2672 2827.
477 2609 564 2672 1338
588 2605 689 2692 April
714 2610 766 2672 17.
791 2605 956 2694 Aoiqaoa.

314 2748 509 2815 Benedictus
532 2750 598 2815 XII
633 2748 861 2816 archidiacono
886 2748 1078 2815 Treverensi
1112 2749 1255 2829 mandat,
1292 2750 1441 2833 quatinus
1469 2771 1542 2828 cum

207 2854 366 2921 Michaele
391 2855 432 2921 de
455 2857 637 2942 Epternaoo
662 2857 779 2922 scolari
804 2856 1013 2922 'treverensis
1044 2855 1182 2923 diocesis
1210 2877 1307 2942 super
1334 2858 1466 2924 defectu
1489 2879 1543 2924 na·

207 2961 329 3045 talium,
366 2983 460 3045 quern
493 2966 614 3050 patitur
646 2964 687 3028 de
720 2964 899 3048 presbitero
932 2963 1061 3047 genitus
1094 2971 1126 3028 et
1159 2964 1275 3047 soluta,
1305 2963 1479 3049 dispenset,
1514 2964 1540 3032 si

208 3067 314 3135 dictus
338 3070 418 3135 alias
441 3071 483 3137 sit
505 3071 662 3157 ydoneus,
687 3079 722 3135 ut
738 3072 839 3156 possit
856 3070 899 3135 ad
916 3091 1026 3137 omnes
1050 3070 1178 3136 ordines
1201 3073 1380 3156 promoveri
1399 3079 1431 3136 et
1447 3073 1542 3138 hene·

207 3175 313 3241 ficium
331 3177 595 3260 ecclesiasticum,
613 3179 739 3244 etiamsi
756 3198 864 3244 curam
881 3177 1001 3243 haheat
1017 3177 1205 3260 animarum,
1229 3179 1385 3245 obtinere.
1419 3179 1542 3244 Tamen

209 3280 321 3367 vigore
351 3283 443 3351 huius
472 3285 721 3370 dispensationis
752 3285 940 3351 heneficium
970 3285 1001 3350 in
1033 3285 1211 3352 cathedrali
1240 3286 1381 3352 ecclesia
1403 3293 1542 3368 nequeat

209 3389 363 3456 obtinere.

314 3497 515 3564 Constitutus
537 3500 570 3564 in
593 3500 756 3585 presentia
779 3505 889 3565 nostra
913 3547 920 3563 .
946 3547 954 3563 .
980 3546 987 3560 .
1035 3499 1108 3564 Dat.
1132 3499 1228 3563 Avin.
1254 3499 1317 3564 XV
1340 3498 1387 3564 hl.
1412 3499 1487 3564 maii
1512 3520 1542 3566 a.

210 3615 334 3688 quarto.

370 3714 441 3784 Rep.
463 3713 518 3768 125
538 3729 585 3768 or.
604 3715 668 3768 244.

316 4037 442 4105 2328.
472 4041 559 4104 1338
583 4037 686 4125 April
713 4041 752 4106 17
756 4090 762 4106 .
790 4038 955 4127 Aoiqooo.

317 4182 511 4248 Benedictus
534 4183 600 4248 Xll
633 4183 876 4268 archiepiscopo
905 4182 1089 4248 Coloniensi
1122 4181 1265 4265 mandat,
1299 4182 1448 4265 quatinus
1472 4203 1543 4248 cum

211 4288 353 4355 Iohanne
386 4289 474 4355 dicto
504 4289 649 4356 Schirme
682 4291 800 4356 acolito
829 4289 940 4356 Golon.
970 4289 1054 4355 dioc.
1085 4309 1181 4374 snper
1213 4289 1344 4356 deiectu
1378 4291 1543 4375 natalium,

211 4417 304 4480 quem
328 4397 450 4483 patitur
473 4397 514 4462 de
538 4398 709 4481 coniugato
733 4399 861 4483 genitus
877 4405 910 4464 et
926 4398 1042 4479 soluta,
1067 4398 1094 4462 si
1112 4396 1217 4462 dictus
1233 4397 1315 4463 alias
1330 4397 1372 4462 sit
1386 4395 1543 4480 ydoneus,

211 4504 385 4589 dispenset,
419 4513 454 4568 ut
478 4505 556 4589 ipse,
591 4506 645 4588 qui
675 4525 732 4589 per
754 4505 995 4590 simplieitatem
1019 4512 1052 4571 et
1075 4503 1153 4569 iuris
1177 4505 1388 4588 ignorantiam
1415 4502 1544 4570 ordines

212 4613 350 4676 minores
374 4613 516 4696 suscepit
540 4610 778 4697 dispensatione
802 4633 865 4677 non
889 4612 1033 4694 obtenta,
1063 4613 1094 4676 in
1118 4612 1277 4696 susceptis
1300 4609 1466 4678 ordinibus
1489 4613 1544 4677 mi-

211 4721 347 4785 nistrare
371 4726 403 4784 et
427 4718 469 4784 ad
499 4739 608 4785 ornnes
641 4720 769 4785 ordines
800 4738 911 4785 sacros
943 4719 1123 4804 promoveri
1158 4727 1191 4784 et
1224 4717 1412 4784 heneficium
1445 4719 1546 4786 eccle

211 4828 385 4912 siasticum,
419 4827 517 4893 etiarn
542 4828 568 4893 si
592 4845 701 4892 curam
730 4825 849 4893 habeat
872 4825 1060 4912 animarum,
1094 4827 1238 4892 obtinere
1263 4825 1373 4911 possit.
1421 4827 1544 4894 Tamen
