3642 5509
736 425 804 487 tots
822 425 993 488 November
1012 432 1039 486 8.

338 609 460 678 15⁷2.
488 613 574 678 1328
596 613 784 678 November
806 614 838 677 8.
864 611 1031 698 Aoipuou.

338 755 497 844 lohannes
523 754 623 819 XXII
658 753 832 840 Reyuardo
867 753 1028 837 quondam
1063 753 1247 818 Thilmanui
1279 752 1320 818 de
1343 754 1562 839 Ymmendorp

230 863 408 949 presbitero
442 862 568 928 confert
601 863 680 928 eool.
711 863 745 928 S.
774 863 919 928 Severini
954 861 1065 927 colon.
1099 862 1333 944 canonicatum,
1366 860 1563 946 prebendam

229 990 306 1036 vero
336 977 369 1034 et
392 970 659 1054 supplementum,
696 989 806 1036 meuse
835 969 1012 1052 vulgariter
1040 977 1268 1053 nuncupatum,
1297 968 1401 1033 eidem
1430 971 1463 1033 iu
1493 990 1563 1054 pre-

230 1077 298 1143 lata
322 1077 400 1143 eccl.
429 1084 583 1158 reservat,
617 1097 679 1142 non
708 1077 857 1142 obstante
880 1075 967 1159 quod
994 1076 1029 1141 iu
1052 1075 1192 1142 ecclesia
1215 1075 1248 1142 S.
1274 1076 1430 1142 Gereonio
1453 1075 1564 1143 Oolon.

231 1185 444 1270 capellaniam
474 1183 585 1248 altaris
609 1183 666 1250 SS.
696 1183 832 1250 Fabiani
865 1193 897 1248 et
920 1173 1105 1249 Sebastiaui
1130 1203 1169 1248 ao
1194 1183 1347 1249 vicariam
1371 1183 1508 1250 ecclesie
1532 1185 1566 1248 in

231 1290 449 1378 Greyusvvilre
471 1296 644 1376 perpetuas
667 1289 778 1356 (iolon.
803 1289 886 1356 dioc.
912 1289 1046 1357 obtinet.

338 1398 560 1484 Suffragantia
589 1398 647 1464 tibi
676 1399 815 1464 merita.
846 1444 853 1460 .
884 1446 890 1461 .
939 1397 1013 1463 Dat.
1040 1399 1133 1463 Avin.
1159 1397 1204 1463 VI
1226 1396 1300 1464 idus
1327 1396 1511 1464 novembris
1535 1418 1565 1463 a.

231 1505 465 1573 tertiodecimo.

338 1614 376 1678 lu
399 1632 425 1679 e.
449 1635 489 1678 m.
520 1611 644 1678 decano
668 1618 702 1679 et
723 1611 896 1678 scolastico
920 1610 954 1677 S.
978 1612 1111 1696 Georgii
1135 1612 1244 1678 Colon.
1270 1632 1310 1678 ao
1333 1613 1487 1697 magistro
1510 1612 1567 1680 Ni·

232 1721 325 1788 colao
349 1720 389 1786 de
413 1719 542 1786 Frontis
566 1720 721 1785 canonico
747 1720 951 1785 Patraoensis
975 1718 1054 1784 eccl.

392 1844 465 1915 aeq.
484 1843 523 1899 oo
540 1844 566 1913 s.
585 1846 649 1901 roo
668 1860 716 1899 nr.
736 1844 801 1898 sas.

338 2103 458 2171 1573.
486 2105 572 2168 1328
595 2104 782 2169 November
808 2104 858 2170 11.
887 2101 1079 2191 (Avipuou.)

338 2246 509 2331 [lohannes
532 2244 643 2329 xxn]
670 2245 915 2331 archiepiscopo
938 2246 1131 2312 Coloniensi.

339 2353 521 2437 Antequam
552 2353 592 2418 ad
626 2373 684 2419 uos
712 2372 813 2438 nuper
842 2360 896 2419 tue
920 2353 1132 2420 fraternitatis
1155 2354 1251 2419 misse
1275 2353 1367 2419 nobis
1390 2353 1496 2419 littere
1520 2355 1565 2419 fa-

232 2462 354 2527 cientes
377 2461 570 2526 mentionem
595 2459 635 2526 dc
661 2460 843 2546 provisione
867 2460 1053 2544 Magantine
1077 2461 1214 2526 ecclesie
1236 2460 1484 2545 [pervenerunt],
1508 2482 1576 2553 uos·

232 2567 273 2632 de
297 2587 434 2654 persona
459 2616 488 2635 ..
514 2567 646 2632 Henrioi
672 2568 845 2651 ..nepotis
868 2567 915 2632 tui
939 2567 1131 2633 duxeramus
1156 2566 1310 2633 ..eidem
1334 2568 1471 2633 ecclesie
1494 2589 1566 2653 pro-

233 2674 417 2757 videndum,
451 2675 536 2740 siout
557 2711 600 2720 -
621 2675 685 2739 iam
710 2673 767 2739 diu
789 2680 838 2740 est
857 2709 900 2722 —
922 2694 980 2760 per
1007 2674 1132 2740 litteras
1155 2681 1282 2741 nostras
1303 2675 1471 2759 scripsisse
1495 2676 1565 2751 tibi,

231 2781 342 2864 frater,
366 2783 565 2847 meminimus
589 2790 622 2846 et
638 2801 679 2846 ex
694 2781 851 2846 relatione
875 2781 1064 2846 dilectorum
1089 2781 1224 2846 liliorum
1247 2781 1400 2846 nobilium
1426 2783 1565 2847 virorum

232 2888 365 2974 Roperti
399 2889 526 2955 comitis
558 2887 600 2954 de
624 2887 853 2954 Verneuburoh
882 2888 928 2953 tui
957 2890 1084 2974 nepotis
1108 2895 1139 2954 et
1165 2889 1278 2954 Ponoii
1302 2887 1343 2954 dc
1367 2888 1497 2972 Ungula
1519 2888 1566 2954 ia-

232 2996 366 3063 miliaris
393 2997 502 3077 nostri,
537 2997 590 3080 qui
620 2995 742 3082 pridem
768 3015 840 3061 oum
863 2995 978 3060 litteris
1002 2997 1168 3079 oportunis
1191 2993 1312 3060 dictum
1336 2995 1473 3062 electum
1497 3002 1566 3062 tan·

232 3104 382 3186 gentibus
398 3102 441 3169 ad
458 3123 513 3170 cas
535 3110 644 3189 partes
667 3111 819 3187 tuamque
842 3104 1042 3188 presenciam
1066 3101 1252 3168 direxerunt
1268 3103 1309 3167 de
1332 3109 1442 3168 nostro
1466 3104 1564 3169 bene-

233 3210 353 3294 placito
386 3231 514 3294 gressus
546 3231 630 3294 suos,
668 3226 699 3275 te
731 3210 829 3276 luisse
862 3210 987 3295 plenius
1020 3209 1180 3275 credimus
1212 3209 1427 3275 informatum.
1475 3209 1564 3286 Quas

233 3317 361 3400 quidem
387 3319 511 3384 litteras
543 3325 676 3403 propter
705 3317 829 3383 viarum
858 3317 1000 3402 pericula
1024 3314 1230 3402 dupplicatas
1256 3365 1290 3381 ..
1319 3316 1414 3382 Petro
1438 3315 1479 3382 de
1502 3316 1566 3382 Un-

232 3424 309 3510 gula
336 3426 434 3511 priori
460 3425 642 3491 Tholosane
677 3423 789 3490 domus
813 3422 982 3509 hospitalis
1006 3421 1039 3488 S.
1066 3424 1222 3490 Jobaunis
1246 3423 1495 3490 Jerosolimituni
1519 3425 1566 3489 tui

233 3538 266 3598 et
288 3531 431 3599 eiusdem
464 3532 559 3598 electi
593 3531 721 3598 honoris
745 3537 778 3596 et
802 3529 960 3596 commodi
995 3530 1121 3597 fervido
1154 3531 1286 3597 zelatori
1318 3531 1434 3595 iterum
1466 3528 1565 3597 desti·

232 3659 355 3724 namus,
380 3640 432 3706 cui
454 3639 622 3706 scribimus
647 3638 754 3722 ctiam,
779 3643 814 3704 ut
830 3643 936 3703 tecum
953 3643 987 3704 et
1003 3637 1117 3704 eodem
1140 3637 1245 3703 eleeto
1269 3637 1381 3703 habito
1406 3637 1565 3721 colloquio

232 3754 265 3811 ct
288 3753 438 3830 tractatu,
463 3748 554 3814 vobis
578 3747 708 3812 assistat
731 3763 826 3831 super
850 3744 912 3809 hiis
935 3753 1101 3828 oportune.
1135 3745 1211 3809 Dat.
1228 3744 1277 3808 Ill
1294 3743 1367 3810 idus
1383 3745 1566 3810 novembris

187 3889 195 3903 ·
232 3874 262 3917 a.
287 3853 521 3920 tertiodecimo.

392 3974 464 4043 Rep.
486 3976 538 4027 115
552 3987 601 4041 ps.
622 3970 641 4024 Ι
654 3971 679 4040 s.
699 3971 747 4025 92¹
763 3987 811 4024 ur.
831 3970 908 4038 626,·
926 3970 980 4025 132.
1000 3972 1082 4026 1094.

337 4245 457 4315 15⁷4.
488 4247 574 4313 1328
597 4245 782 4313 November
807 4247 859 4310 11.
884 4245 1049 4332 Aoipuou.

340 4390 512 4475 [lohannes
536 4390 645 4475 XXII]
670 4391 765 4456 Petro
790 4387 831 4454 de
855 4388 985 4472 Ungula
1008 4387 1105 4472 priori
1130 4383 1323 4453 Tholosauo.

342 4499 521 4582 Antequam
545 4497 588 4563 ad
611 4517 668 4563 uos
693 4497 787 4564 misse
810 4495 904 4562 uobis
926 4495 1098 4560 novissime
1127 4500 1180 4559 tue
1203 4493 1310 4560 littere
1332 4495 1564 4580 pervenissent,

232 4605 370 4673 ecclesie
394 4605 580 4689 Maguntine
612 4603 804 4670 duxeramus
837 4611 897 4669 etc.
934 4603 1085 4682 (mutatis
1113 4601 1288 4668 moteridis
1315 4603 1402 4668 elcut
1431 4604 1468 4668 iu
1497 4602 1564 4669 titt.

231 4715 293 4779 aab
325 4733 379 4778 ur.
410 4713 496 4778 1573
527 4709 663 4796 usqum)
699 4709 907 4776 destinamus.
964 4709 1007 4774 ut
1030 4709 1160 4793 iusuper
1182 4709 1352 4775 scribimus
1388 4709 1564 4774 venerabili

233 4821 324 4886 fratri
360 4827 467 4885 nostro
504 4817 674 4904 Balduyuo
709 4817 954 4901 archiepiscopo
978 4816 1168 4882 Trevercnsi
1199 4837 1239 4881 ao
1338 4815 1501 4901 preposito
1529 4865 1563 4886 ..
