3642 5509
280 409 334 477 386
801 417 872 478 1330
889 413 1062 478 November
1081 413 1124 477 30.

277 622 335 687 pro
358 599 494 668 sublatis
518 599 559 666 de
585 598 705 667 eisdem
735 600 853 667 litteris
882 600 994 666 haberi
1018 601 1200 684 volumus,.
1231 651 1238 666 .
1269 651 1275 666 .
1304 603 1336 666 in
1361 602 1543 668 memoratis
1566 601 1612 666 in-

276 714 363 774 serta
395 709 511 774 litteris
542 729 605 774 non
638 708 785 775 fuissent.
844 710 920 774 Dat.
945 709 1040 774 Avin.
1070 710 1102 774 X
1134 709 1179 774 kl.
1213 709 1393 775 decembris
1427 731 1457 775 a.
1490 711 1612 792 quinto·

278 814 414 882 decimo.

427 920 500 990 Rep.
519 923 573 974 116
590 935 637 990 pu.
657 921 676 974 1
690 920 715 990 f,
736 923 791 976 156
809 937 857 976 nr.
877 922 942 977 317.

381 1184 502 1251 lues.
538 1186 626 1251 1330
646 1185 834 1251 November
856 1188 910 1250 22.
948 1184 1114 1272 Aoipooo.

381 1318 542 1386 Iohannes
559 1319 657 1384 XXII
683 1320 824 1386 Roberto
848 1319 889 1385 de
915 1318 1058 1386 Virduno
1083 1319 1238 1384 canonico
1263 1319 1341 1386 oeci.
1366 1321 1404 1386 B.
1417 1320 1546 1402 Agathe
1570 1319 1612 1386 de

274 1425 464 1511 Longuioue
489 1427 620 1492 Trever.
645 1425 730 1492 dioc.
760 1434 904 1493 reservat
936 1426 1123 1492 beneficium
1154 1427 1408 1493 ecclesiasticum
1438 1447 1508 1492 cum
1534 1446 1611 1492 eura

273 1535 325 1600 vel
340 1535 409 1600 sine
432 1554 509 1599 cura
534 1539 719 1600 consuetum
736 1534 861 1600 clericis
884 1534 1085 1599 secularibus
1109 1535 1277 1618 assignari,
1303 1532 1345 1598 ad
1369 1532 1609 1618 dispositionem

274 1640 403 1706 abbatis
427 1647 459 1705 et
483 1646 660 1706 conventus
693 1641 877 1706 monasterii
902 1638 934 1705 S.
964 1641 1065 1705 VItori
1090 1639 1300 1706 virdunensis
1329 1638 1396 1706 ord.
1429 1640 1462 1705 S.
1488 1639 1610 1706 Bened.

275 1747 484 1814 communiter
500 1748 552 1814 rel
568 1747 696 1814 divisim
713 1749 885 1832 pertinens,
911 1748 1004 1814 onius
1021 1747 1154 1828 fruetus,
1179 1749 1205 1813 si
1223 1767 1294 1812 oum
1319 1768 1405 1831 cura,
1430 1749 1610 1832 sexaginta,

274 1855 302 1922 ri
326 1876 404 1922 vero
427 1855 498 1922 siue
522 1875 600 1921 eura
628 1855 736 1936 fuerit,
772 1855 905 1939 triginta
937 1856 1089 1920 librarum
1123 1857 1339 1921 turonensium
1370 1875 1540 1940 parvorum
1565 1875 1611 1920 se-

271 1962 410 2029 eundum
439 1963 637 2028 taxationem
671 1960 796 2028 decime
830 1963 971 2028 valorem
1008 1982 1147 2028 annuum
1178 1983 1239 2027 non
1265 1962 1435 2044 excedunt,
1470 1981 1534 2026 non
1558 1961 1609 2025 ob-

273 2076 381 2136 stante
414 2068 501 2153 quod
535 2069 758 2134 canonicatum
793 2076 826 2135 et
857 2068 1055 2154 prebendam
1084 2069 1118 2134 in
1142 2069 1221 2136 ecel.
1246 2069 1283 2134 Β.
1310 2069 1440 2152 Agathe
1464 2067 1505 2132 de
1528 2067 1612 2133 Lon-

276 2178 396 2261 guione
420 2177 551 2242 Trever.
576 2175 660 2242 dioc.
684 2177 818 2242 obtinet.

384 2283 577 2368 Multiplieia
600 2289 655 2349 tue
677 2283 870 2350 merita...
894 2284 971 2349 Dat.
996 2284 1088 2348 Avin.
1109 2283 1140 2347 X
1164 2283 1210 2348 lrl.
1234 2282 1413 2349 decembris
1436 2302 1466 2346 a.
1488 2282 1612 2364 quinto-

274 2390 411 2457 decimo.

379 2497 418 2562 In
441 2517 469 2563 e.
493 2519 535 2563 m.
559 2496 788 2564 archidiacono
812 2496 949 2562 Metensi
974 2503 1007 2564 et
1032 2497 1166 2562 Iohanni
1190 2497 1232 2563 de
1256 2495 1466 2564 Deieurtodia
1489 2516 1527 2562 ac
1552 2495 1610 2560 Pa-

271 2605 349 2671 risio
376 2604 417 2670 de
441 2605 681 2672 Donoseverino
706 2605 869 2670 canonicis
893 2603 1028 2670 Virdun.
1053 2605 1269 2672 ecclesiarum.

437 2728 511 2798 Rep.
531 2728 610 2799 98s.
632 2729 692 2783 324
709 2743 758 2782 or.
779 2728 843 2782 754.

378 3002 503 3072 1095.
529 3004 617 3069 1330
639 3005 826 3070 November
852 3005 906 3069 25.
933 3001 1097 3089 Aoipooo.

377 3150 536 3215 Iohannes
560 3147 659 3213 XXII
693 3146 836 3212 Aruuldo
867 3146 909 3212 de
938 3145 1043 3212 Lobia
1072 3145 1194 3211 confert
1223 3146 1300 3212 eccl.
1332 3145 1441 3212 Goion.
1473 3145 1604 3211 eanoni-

271 3264 389 3341 catum,
424 3254 620 3343 prebendam
654 3275 730 3321 vero
763 3252 870 3319 eidem
893 3259 1048 3320 reservat.

377 3362 597 3448 Suffrugantia
625 3361 684 3428 tibi
713 3363 829 3427 merita
858 3411 865 3425 .
895 3409 903 3425 .
933 3409 941 3427 .
999 3361 1074 3426 Dat.
1100 3360 1194 3426 Avin.
1219 3361 1282 3426 VII
1307 3360 1350 3426 kl.
1375 3359 1555 3426 decembris
1577 3379 1608 3423 a.

271 3471 520 3556 quintodecimo.

377 3580 415 3643 In
439 3599 466 3643 a.
492 3599 533 3643 m.
558 3575 682 3643 decano
706 3575 961 3661 Engolismeusis
986 3583 1017 3642 et
1042 3575 1211 3642 Gnillelmu
1236 3575 1276 3642 de
1300 3575 1466 3642 Bradesen
1490 3594 1530 3640 ao
1546 3573 1609 3639 Go-

271 3686 399 3753 deirido
423 3684 464 3752 de
488 3684 646 3768 Wylrezis
669 3684 834 3750 canonicis
857 3683 960 3749 Leod.
986 3684 1204 3752 ecclesiarum.

430 3842 504 3911 Rep.
522 3840 560 3896 97
578 3855 626 3896 ar.
645 3841 710 3896 642.

377 4105 500 4176 loeo.
530 4108 617 4174 1330
639 4109 826 4175 November·
849 4108 902 4173 28.
928 4106 1093 4194 Aoipooo.

377 4252 554 4319 Gasbertns
577 4250 839 4336 archiepiscopus
855 4248 1054 4316 Arelatensis
1078 4250 1272 4317 camerarius
1288 4270 1373 4337 pape
1390 4258 1498 4318 notum
1518 4253 1608 4337 facit,

271 4358 357 4445 quod
380 4359 564 4425 Walramus
587 4359 709 4425 electus
732 4358 895 4443 Spirensis
928 4378 986 4443 pro
1019 4365 1111 4444 parte
1140 4360 1314 4425 communis
1344 4361 1472 4426 servicii
1496 4360 1609 4446 prede·

271 4467 408 4534 cessoris
439 4467 488 4533 sui
517 4486 574 4552 per
606 4468 709 4551 ipsum
742 4466 900 4550 recogniti
938 4472 1065 4530 centum
1100 4465 1334 4551 quinquaginta
1365 4465 1504 4534 florenos
1539 4469 1608 4534 anri

271 4593 399 4641 camere
423 4594 509 4660 pape
533 4580 566 4639 et
589 4573 685 4639 XXV
708 4571 777 4638 flor.
811 4592 869 4658 pro
904 4579 1040 4655 quatuor·
1073 4575 1217 4639 serviciis
1251 4573 1443 4639 familiarum
1476 4584 1510 4640 et
1542 4575 1608 4640 offi-

272 4682 402 4749 cialium
427 4700 510 4767 pape
535 4680 650 4764 viginti
678 4679 817 4763 quinque
852 4679 989 4746 florenos
1013 4681 1082 4745 auri
1117 4680 1241 4746 clericis
1269 4700 1395 4746 camere
1424 4681 1505 4748 solvi
1529 4681 1609 4748 fecit

270 4809 329 4878 per
351 4809 463 4856 manus
487 4787 648 4853 Wilhelmi
674 4787 820 4852 canonici
844 4787 877 4853 S.
897 4787 987 4852 Pauli
1014 4787 1269 4855 Wormaciensis.
