3642 5509
291 453 344 512 tao
816 453 885 511 1337
905 452 1036 511 October
1054 453 1097 509 20.

292 638 455 704 venientia
485 637 652 722 presulari,
687 655 790 719 queve
819 642 950 721 possent
980 636 1038 700 tibi
1066 635 1153 701 fame
1176 637 1333 701 iacturam
1355 640 1522 716 statusque
1544 633 1625 719 pen‘·

292 745 397 811 culum
420 764 586 828 generare.
624 745 671 809 Ac
695 742 920 809 nichilominus
936 741 978 806 ad
995 743 1153 808 salubrem
1178 743 1442 809 reformacionem
1461 749 1492 806 et
1508 747 1624 806 statum

292 852 391 917 totius
415 851 551 918 ecclesie
575 851 700 916 illarum
729 851 868 935 partium
898 856 1006 916 nostre
1029 851 1146 915 mentis
1168 850 1272 916 aciem
1297 850 1472 934 dirigentes
1496 869 1535 915 ac
1557 866 1624 932 pre-

292 959 420 1025 habitos
448 961 512 1023 iam
542 957 662 1023 dudum
691 958 778 1022 circa
807 958 963 1042 premissa
991 964 1166 1043 conceptus
1195 957 1236 1023 de
1260 959 1392 1023 consilio
1416 963 1472 1022 tuo
1496 962 1529 1021 et
1551 975 1625 1020 non·

291 1067 448 1132 nullorum
473 1065 608 1130 aliorum
631 1065 824 1150 prelatorum
850 1065 976 1129 illarum
1003 1065 1139 1149 partium
1165 1064 1208 1129 ad
1232 1064 1374 1130 debitum
1399 1063 1548 1130 effectum
1572 1061 1625 1126 de·

293 1173 411 1240 ducere
441 1172 643 1238 intendentes
671 1179 704 1237 et
727 1172 768 1237 ob
793 1171 853 1236 bec
881 1173 1077 1257 presentiam
1107 1179 1195 1238 tuam
1223 1173 1316 1238 nobis
1343 1172 1413 1239 iore
1437 1177 1625 1257 oportunam

292 1287 325 1347 et
359 1281 468 1346 utilem
502 1279 710 1362 extimantes,
748 1278 806 1343 tibi
841 1278 873 1342 in
910 1281 1029 1344 virtute
1064 1279 1248 1345 obedientie
1287 1300 1344 1364 per
1383 1280 1464 1346 alias
1503 1279 1627 1343 litteras

292 1395 418 1455 nostras
447 1386 592 1452 districte
621 1384 769 1452 dedimus
800 1387 834 1450 in
866 1385 1039 1461 mandatis,
1073 1393 1108 1451 ut
1141 1388 1226 1452 omni
1250 1388 1458 1454 excusatione
1481 1393 1515 1451 et
1537 1404 1627 1451 occa·

293 1497 381 1560 sione
404 1493 531 1559 sublata
559 1492 644 1558 infra
672 1490 830 1560 kalendas
861 1493 1002 1559 octobris
1030 1499 1106 1558 tunc
1138 1493 1283 1579 proximo
1307 1493 1430 1561 futuras
1453 1514 1537 1558 nunc
1560 1511 1625 1579 pre

292 1601 406 1668 toritas
429 1599 472 1666 ad
495 1621 554 1666 nos
577 1607 610 1664 et
634 1600 844 1685 apostolicam
868 1599 977 1665 sedem
1008 1600 1156 1666 studeres
1179 1602 1391 1685 personaliter
1414 1608 1447 1667 te
1472 1600 1626 1667 conferre.

293 1709 411 1775 Verum
435 1715 468 1773 tu
493 1706 632 1793 receptis
665 1707 778 1772 litteris
811 1709 929 1773 nostris
956 1714 988 1773 et
1012 1708 1059 1772 eis
1091 1708 1217 1793 plenius
1252 1708 1434 1785 intellectis,
1469 1715 1501 1774 te
1534 1727 1629 1793 super

293 1817 451 1883 contentis
474 1817 506 1879 in
531 1813 651 1880 eisdem
680 1815 789 1899 primis
819 1815 935 1879 litteris
966 1813 1201 1879 rationabiliter
1224 1821 1256 1880 et
1280 1814 1433 1898 veridice,
1457 1816 1540 1881 sicut
1563 1835 1628 1880 cre·

294 1919 408 2002 dimus,
434 1917 596 1984 excusasti
614 1937 653 1982 ac
669 1916 851 2000 attendens,
877 1915 964 2000 quod
986 1923 1095 2002 preter
1117 1917 1226 2002 plures
1250 1916 1332 1983 alias
1355 1937 1470 1984 causas
1493 1918 1631 1983 rationa-

294 2027 385 2109 biles,
418 2045 458 2090 ex
483 2024 599 2108 quibus
622 2031 755 2110 propter
778 2025 934 2091 malitiam
963 2025 1122 2110 presentis
1145 2025 1297 2110 temporis
1320 2023 1468 2090 absentia
1491 2031 1547 2090 tua
1570 2023 1631 2090 Oc

292 2134 426 2199 luniensi
451 2132 600 2214 ecclesie,
625 2133 675 2196 cui
692 2130 847 2217 presides,
864 2140 950 2198 esset
974 2131 1143 2217 plurimum
1167 2132 1328 2214 obfutura,
1352 2132 1630 2217 impresentiarum

292 2241 493 2327 inpartibus
526 2238 662 2304 ducatus
687 2237 854 2304 Westfalie
885 2239 927 2304 ad
958 2238 1093 2305 eandem
1127 2237 1297 2305 ecclesiam
1330 2240 1520 2325 pertinentis
1551 2260 1629 2305 non-

292 2348 369 2414 nulli
405 2345 528 2412 nobiles
560 2352 593 2411 ct
625 2353 772 2429 potentes
802 2351 834 2411 et
863 2345 918 2410 alii
948 2346 1063 2412 vasalli
1093 2353 1126 2411 et
1159 2345 1280 2412 subditi
1314 2345 1457 2412 eiusdem
1491 2347 1629 2412 ecclesie

294 2454 427 2520 orditis⁸
451 2455 534 2519 inter
551 2472 586 2519 se
603 2451 794 2536 quibusdam
812 2453 1103 2538 conspirationibus
1127 2454 1185 2518 tibi
1202 2461 1235 2518 ct
1255 2451 1359 2520 eidem
1384 2454 1522 2520 ecclesie
1545 2453 1630 2520 adeo

295 2567 444 2648 potenter
467 2567 500 2626 et
524 2559 733 2646 pertinaciter
756 2579 791 2625 se
815 2568 992 2646 opponunt,
1017 2559 1103 2643 quod
1126 2561 1187 2626 nisi
1205 2569 1238 2625 tu
1256 2561 1288 2626 in
1306 2560 1439 2626 instanti
1462 2560 1504 2627 ad
1521 2568 1631 2646 partes

294 2668 373 2735 dicti
398 2668 534 2734 ducatus
567 2686 663 2731 manu
693 2666 803 2732 valida
827 2668 965 2753 stipatus
988 2667 1192 2733 multitudine
1215 2675 1408 2734 armatorum
1433 2670 1518 2734 omni
1542 2690 1632 2735 mora

293 2777 472 2862 postposita
501 2774 712 2858 personaliter
743 2781 774 2839 te
804 2775 978 2857 conferres,
1015 2773 1103 2841 dicta
1133 2776 1272 2841 ecclesia
1300 2777 1478 2842 incurreret
1506 2775 1631 2861 procul·

295 2882 393 2949 dubio
425 2884 458 2947 in
491 2882 554 2946 illis
588 2880 732 2966 partibus
766 2880 975 2966 irreparabile
1009 2881 1244 2965 detrimentum,
1282 2882 1490 2949 considerans
1522 2883 1631 2965 etiam,

294 2988 379 3074 quod
403 2988 517 3054 eadem
541 2988 688 3053 absentia
717 2996 848 3074 propter
873 2989 1032 3073 prefatam
1059 2988 1216 3055 malitiam
1249 2992 1403 3075 temporis
1426 2996 1480 3055 tue
1503 2998 1536 3057 et
1558 2989 1631 3055 aliis

294 3097 440 3164 ecclesiis
472 3095 597 3160 illarum
631 3096 769 3180 partium
803 3097 981 3180 apostolice
1016 3095 1103 3162 sedis
1137 3095 1263 3163 devotis
1293 3095 1470 3183 dampnosa
1494 3105 1527 3162 et
1550 3097 1631 3181 peri-

294 3206 403 3270 culosa
426 3203 596 3289 plurimum
629 3201 826 3280 redderetur,
859 3202 952 3268 nobis
985 3203 1147 3269 humiliter
1177 3203 1376 3289 supplicasti,
1410 3217 1456 3288 ut,
1485 3206 1512 3270 si
1540 3205 1631 3269 iuxta

294 3312 472 3379 vocationis
496 3317 604 3376 nostre
627 3309 813 3375 mandatum
841 3308 881 3375 ad
911 3317 1054 3376 nostram
1084 3311 1257 3394 nequivisti
1288 3311 1483 3397 presentiam
1507 3312 1539 3376 in
1562 3331 1632 3397 pre

294 3419 358 3484 fixo
382 3417 516 3483 termino
540 3423 573 3481 te
601 3416 757 3499 conferre,
791 3422 823 3481 te
857 3416 1061 3500 dignaremur
1097 3417 1217 3483 habere
1250 3417 1503 3485 misericorditer
1536 3438 1630 3486 excu-

294 3533 397 3592 satum
422 3531 454 3590 et
477 3543 573 3609 super
602 3521 756 3608 predictis
780 3529 812 3588 et
835 3523 995 3588 nonnullis
1019 3525 1091 3590 aliis
1121 3525 1383 3591 excusationibus
1407 3545 1515 3591 coram
1537 3527 1631 3592 nobis

295 3640 328 3699 et
355 3632 507 3698 fratribus
535 3637 652 3696 nostris
680 3635 791 3695 sancte
819 3629 965 3696 Romane
1001 3631 1138 3697 ecclesie
1167 3631 1385 3698 cardinalibus
1414 3632 1631 3718 proponendis

295 3739 336 3806 ad
361 3739 540 3824 predictam
563 3736 672 3802 sedem
696 3737 854 3821 speciales
877 3737 1012 3803 nuncios
1028 3746 1060 3803 et
1083 3738 1210 3804 litteras
1233 3737 1413 3806 destinasti.
1447 3740 1515 3808 Nos
1532 3741 1631 3825 igitur

295 3847 518 3913 excusationes
550 3843 714 3929 predictas
747 3863 853 3909 coram
882 3844 975 3910 nobis
999 3852 1031 3909 et
1055 3843 1177 3910 eisdem
1205 3844 1362 3911 fratribus
1385 3847 1417 3912 iu
1440 3846 1630 3913 consistorio

296 3955 477 4041 propositas
505 3971 563 4037 per
590 3953 723 4017 nuncios
746 3951 922 4036 prelibatos
947 3952 1085 4036 benigne
1108 3952 1302 4035 audivimus,
1327 3959 1360 4018 et
1382 3955 1459 4037 quia
1481 3953 1574 4021 nobis
1596 3961 1631 4019 et

296 4059 417 4128 eisdem
440 4059 593 4125 fratribus
617 4058 824 4124 rationabiles
848 4060 917 4124 vise
940 4065 1022 4142 sunt,
1055 4079 1111 4125 eas
1139 4058 1181 4126 dc
1212 4059 1369 4126 dictorum
1398 4061 1535 4126 fratrum
1558 4081 1631 4126 con·

295 4168 366 4234 silio
391 4166 538 4232 duximus
566 4163 784 4231 admittendas
812 4173 906 4248 teque
932 4215 939 4230 .
966 4217 972 4230 .
999 4216 1006 4231 .
1029 4167 1185 4234 babemus
1211 4216 1219 4231 .
1245 4215 1251 4229 .
1279 4215 1286 4230 .
1311 4172 1510 4234 excusatum.
1557 4167 1631 4234 Stu-

297 4274 375 4340 deas
407 4275 513 4357 igitur,
548 4273 631 4339 sicut
663 4293 721 4358 per
753 4273 833 4339 alias
868 4274 992 4340 litteras
1022 4279 1146 4340 nostras
1175 4275 1234 4340 tibi
1259 4276 1427 4361 scripsisse
1451 4276 1629 4357 recolimus,

297 4402 375 4466 erga
398 4380 506 4447 sedem
531 4380 666 4446 eandem
691 4389 722 4445 et
746 4380 924 4446 Romanam
949 4382 1118 4447 ecclesiam
1143 4380 1348 4448 devotionem
1376 4401 1499 4467 gerere,
1532 4382 1630 4448 iideli·

297 4496 394 4554 tatem
420 4507 549 4554 servare
573 4493 669 4571 teque
694 4489 777 4553 votis
805 4488 992 4573 apostolicis
1015 4489 1047 4552 in
1072 4489 1217 4572 omnibns
1241 4495 1274 4554 et
1297 4509 1355 4574 per
1379 4491 1486 4555 omnia
1509 4489 1630 4556 confor-

298 4615 394 4679 mare,
419 4595 571 4661 bonorem
596 4603 628 4660 et
652 4594 840 4660 fidelitatem
865 4595 1007 4661 eiusdem
1032 4594 1170 4662 ecclesie
1194 4597 1390 4680 quibuslibet
1412 4599 1530 4682 spretis
1550 4597 1617 4683 peri

298 4741 511 4748 —n——u--u-—a—

398 4832 427 4894 a)
446 4844 540 4883 cora:
564 4829 652 4885 iactis
671 4829 734 4882 vel:
755 4831 835 4884 ortis.
