3642 5509
868 405 938 460 1338
957 404 1019 460 Juli
1040 405 1063 458 1.

393 647 521 712 assa.
559 651 646 712 aas
670 649 747 714 aare
772 650 801 711 1.
830 645 997 732 haylon

392 791 597 856 Benedictus
627 793 702 855 ΧΗ
733 792 982 876 archiepiscopo
1014 788 1202 857 Coloniensi
1232 792 1365 875 eiusque
1394 790 1619 876 suffraganeis

287 906 385 983 atque
408 899 568 983 pluribus
598 900 677 963 aliis
706 899 967 984 archiepiscopis
997 900 1164 979 enunciat,
1198 899 1279 983 qnid
1309 899 1419 963 littere
1449 904 1480 962 et
1503 896 1619 960 nuncii

287 1006 501 1090 quorundam
519 1006 734 1090 prelatorum
752 1007 929 1090 provincie
946 1007 1145 1091 Mapnntine
1168 1006 1233 1070 sibi
1250 1004 1492 1090 proposuerint
1508 1003 1619 1088 quoad

287 1114 592 1178 reconciliationem
616 1115 778 1179 ludovici
801 1115 842 1178 de
866 1115 1021 1178 Bouaria
1044 1135 1118 1178 cnm
1141 1134 1239 1198 papa
1269 1120 1300 1177 et
1327 1113 1408 1197 quid
1437 1113 1483 1175 ad
1507 1132 1547 1175 ea
1569 1130 1619 1174 re-

287 1221 463 1304 sponderit
495 1223 577 1305 ipse.
627 1222 667 1284 In
695 1223 865 1305 responsis
891 1222 931 1307 fit
959 1221 1081 1285 mentio
1117 1222 1246 1285 comitis
1270 1221 1471 1285 lalincensis
1504 1218 1620 1282 nuncii

287 1327 450 1393 Lndooici
467 1329 508 1393 de
525 1329 688 1410 Bovario,
705 1329 949 1412 archiepiscopi
971 1328 1183 1393 lheoerensis
1200 1329 1381 1393 detentoria
1397 1327 1620 1391 monitionum

289 1442 320 1499 et
344 1441 533 1500 castrorum
557 1437 690 1500 ecclesie
713 1436 923 1521 Mapnntine,
948 1436 1192 1520 archiepiscopi
1216 1437 1409 1520 Magnntini
1434 1455 1621 1499 accomma-

289 1545 394 1608 amati
416 1543 559 1618 rebellis,
586 1545 740 1628 Philippi
764 1544 852 1629 repis
875 1544 1020 1608 lbancie
1044 1551 1075 1607 et
1100 1544 1262 1608 Iohannis
1286 1543 1374 1628 repis
1397 1542 1543 1607 Boemie.

398 1663 606 1747 [Benedictus
638 1663 716 1748 XII]
751 1663 994 1748 archiepiscopo
1027 1661 1209 1728 Coloniensi
1246 1663 1376 1745 eiusque
1409 1661 1623 1746 suffraganeis

289 1771 432 1854 graciam
456 1777 489 1835 et
514 1773 766 1837 communionem
791 1771 969 1856 apostolice
992 1769 1079 1836 sedis
1103 1769 1304 1836 habentibus.

396 1878 491 1943 Licet
520 1886 706 1945 cunctorum
739 1878 881 1944 fidelium
914 1884 1039 1943 mentes
1063 1877 1162 1942 latere
1187 1897 1249 1942 non
1273 1876 1401 1962 debeat,
1435 1877 1520 1961 quod
1543 1897 1623 1962 apo·

289 1986 403 2051 stolice
435 1984 522 2051 sedis
554 1987 736 2070 benignitas
764 2007 828 2052 non
856 1985 957 2052 solum
987 1987 1018 2049 in
1043 1984 1208 2050 universos
1232 1993 1265 2050 et
1289 1985 1431 2068 singulos
1455 1984 1565 2050 fideles
1590 1993 1624 2050 et

291 2092 427 2159 devotos
459 2095 572 2160 matris
604 2095 751 2176 ecclesie,
785 2094 843 2160 sed
876 2095 907 2158 in
937 2093 1018 2159 alios
1046 2094 1142 2159 etiam
1173 2111 1229 2177 per
1253 2091 1383 2158 devium
1406 2091 1624 2160 indevotionis

291 2199 448 2265 alienatos
477 2201 518 2266 ab
547 2202 615 2266 eius
643 2201 794 2267 uberibus
817 2201 962 2266 volentes
985 2219 1043 2284 per
1066 2197 1208 2264 debiturn
1233 2200 1465 2265 satisfactionis
1489 2200 1623 2265 consilio

288 2308 460 2374 salubriori
485 2329 651 2392 resurgere
674 2310 809 2374 libenter
833 2315 963 2374 exercet
990 2309 1121 2393 pietatis
1150 2314 1181 2373 et
1205 2306 1424 2374 misericordie
1446 2307 1624 2388 lenitatem,

293 2417 369 2499 quia
397 2423 504 2481 tamen
534 2416 676 2482 nonnulli
704 2436 762 2501 per
785 2415 1031 2481 adinventiones
1054 2417 1180 2498 iniquas
1204 2421 1236 2480 et
1261 2421 1440 2480 commenta
1463 2413 1623 2480 mendacii

293 2524 398 2588 lumen
423 2523 568 2589 veritatis
591 2523 778 2589 obnubilant
801 2531 843 2605 et,
869 2531 903 2588 ut
926 2522 1105 2607 depravent
1129 2521 1300 2587 eorundem
1324 2527 1447 2589 mentes
1470 2521 1623 2605 fidelium,

291 2630 445 2697 adversus
469 2631 577 2696 sedem
603 2630 737 2697 eandem
761 2631 908 2696 relaxare
933 2628 1045 2695 dolosa
1068 2630 1155 2695 labia
1178 2649 1242 2694 non
1258 2627 1443 2710 formidant,
1468 2627 1623 2713 expedire

292 2741 514 2823 cognoscimus
537 2759 587 2815 ea,
616 2759 678 2822 que
702 2760 722 2803 a
745 2739 837 2803 uobis
861 2757 932 2803 eum
961 2737 1086 2803 nunciis
1110 2737 1310 2820 quorundam
1333 2737 1527 2822 prelatorum
1551 2757 1624 2821 pro-

292 2847 397 2912 vincie
420 2847 608 2930 Maguntine
641 2845 683 2910 ad
715 2853 857 2911 nostram
882 2852 914 2910 et
938 2843 1024 2910 sedis
1049 2843 1191 2910 eiusdem
1225 2845 1418 2928 presentiam
1452 2842 1624 2910 destinatis

291 2960 385 3037 gesta
409 2960 442 3018 et
464 2955 511 3018 eis
535 2973 688 3038 responsa
710 2959 794 3030 suut,
828 2974 885 3038 per
908 2953 1033 3018 litteras
1056 2958 1182 3017 nostras
1205 2972 1317 3038 puram
1341 2959 1374 3016 et
1398 2971 1519 3017 meram
1543 2951 1625 3016 veri·

293 3067 393 3126 tatem
418 3063 617 3126 continentes
633 3061 724 3127 vobis
748 3059 890 3126 dilucide
914 3079 1066 3125 reserare.
1099 3058 1241 3142 Ideoque
1257 3058 1299 3125 ad
1321 3059 1467 3124 notitiam
1485 3065 1624 3124 vestram

292 3173 403 3252 utpote
428 3167 628 3234 honorabilia
652 3175 683 3233 et
706 3166 816 3232 fidelia
840 3168 982 3232 membra
1006 3165 1149 3232 eiusdem
1174 3165 1310 3232 ecclesie
1335 3173 1486 3231 contenta
1510 3167 1541 3229 in
1558 3166 1625 3247 qui-

292 3273 428 3340 busdam
453 3275 578 3357 litteris,
612 3295 691 3358 quas
721 3274 800 3340 dieti
825 3275 942 3360 prelati
966 3294 1067 3359 nuper
1090 3274 1183 3338 nobis
1206 3294 1264 3359 per
1287 3272 1392 3338 dietas
1416 3273 1548 3338 nuncios
1571 3271 1625 3337 de-

293 3382 461 3462 stinarunt,
496 3389 529 3446 et
553 3383 790 3467 responsionem
814 3389 965 3461 nostram,
1001 3401 1095 3465 quam
1120 3381 1166 3448 eis
1190 3381 1337 3463 fecimus,
1362 3386 1473 3445 tenore
1498 3399 1623 3466 presen·

295 3491 373 3555 tium
397 3488 603 3573 providemus
626 3488 831 3554 deducenda:

401 3597 489 3661 Dicti
514 3595 670 3678 siquidem
694 3597 809 3682 prelati
834 3599 926 3664 nobis
949 3617 1007 3681 per
1030 3617 1105 3663 suas
1128 3596 1254 3663 litteras
1277 3597 1472 3680 intimarunt,
1496 3617 1531 3662 se
1554 3615 1626 3681 pre-

295 3704 386 3770 cibus
409 3704 550 3770 consiliis
574 3711 606 3769 et
628 3705 823 3770 salutaribus
846 3705 975 3771 monitis
994 3703 1195 3770 Ludovieum
1219 3704 1261 3770 de
1277 3705 1417 3770 Bavaria
1440 3704 1627 3770 exhortatos

295 3812 404 3896 luisse,
437 3818 474 3877 ut
497 3814 566 3897 ipse
590 3811 632 3878 ad
661 3819 802 3877 nostrum
834 3820 867 3877 et
895 3811 1038 3878 eiusdem
1071 3812 1216 3878 Romane
1248 3810 1385 3878 ecclesie
1419 3811 1570 3878 honorem
1594 3820 1628 3877 et

295 3921 507 3987 reverentiam
524 3930 556 3985 et
572 3921 710 4002 quietem
727 3926 758 3984 et
776 3919 934 3985 salubrem
958 3926 1075 3986 statum
1100 3919 1190 4003 regni
1215 3925 1247 3984 et
1270 3919 1395 4004 imperii
1412 3919 1626 3985 Romanorum

297 4029 393 4094 vellet
421 4027 462 4093 ad
580 4035 722 4093 nostram
750 4029 888 4110 gratiam
917 4045 988 4092 eum
1019 4026 1192 4093 devotione
1216 4025 1321 4092 redire
1439 4026 1626 4110 adicientes,

297 4135 383 4221 quod
406 4134 492 4200 idem
516 4134 702 4200 Ludovicus
725 4183 784 4200 ...
811 4153 845 4199 se
870 4134 952 4200 velle
976 4142 1062 4200 stare
1086 4155 1124 4200 ac
1148 4154 1262 4219 parere
1286 4153 1382 4219 super
1406 4136 1541 4200 materia
1564 4133 1628 4200 dis-

296 4243 382 4326 sidii‚
408 4242 491 4326 quod
516 4243 598 4308 inter
622 4242 756 4307 eandem
781 4241 951 4308 ecelesiam
976 4240 1162 4324 dictumque
1185 4239 1386 4307 Ludovicum
1411 4240 1519 4308 extitit
1542 4244 1627 4308 exci-

297 4356 409 4425 tatum,
522 4348 739 4414 informationi
769 4355 801 4413 et
833 4348 1028 4414 ordinationi
1052 4347 1210 4415 dictorum
1235 4348 1440 4435 prelatorum,
1474 4356 1627 4433 quantum

298 4480 370 4525 cum
398 4456 460 4522 deo
488 4458 616 4522 iusticia
644 4463 677 4522 et
704 4456 824 4523 bonore
852 4477 909 4523 suo
941 4461 1049 4541 posset
1076 4455 1156 4540 fieri,
1187 4457 1463 4542 repromisit...
1491 4457 1629 4542 Propter

298 4564 383 4650 quod
419 4563 497 4629 dicti
533 4565 648 4649 prelati
683 4585 813 4650 precum
848 4565 1001 4630 instantia
1036 4583 1094 4628 nos
1129 4565 1298 4648 rogabant,
1334 4571 1368 4629 ut
1400 4562 1554 4631 redeundi
1584 4563 1628 4629 ad

297 4675 454 4756 gremium
477 4679 589 4738 sancte
617 4673 728 4737 matris
751 4671 887 4738 ecclesie
910 4670 1163 4756 promptitudine
1188 4671 1288 4755 ipsius
1312 4669 1470 4737 Ludoviei
1496 4722 1502 4736 .
1530 4721 1537 4736 .
1564 4721 1571 4736 .
1595 4679 1628 4737 et

298 4779 450 4868 periculis
482 4781 665 4866 specialiter
705 4779 850 4845 ecclesiis
885 4783 917 4844 et
950 4779 1094 4863 personis
1128 4777 1358 4845 ecelesiasticis
1390 4779 1629 4846 imminentibus
