3642 5509
740 430 811 485 1340
829 428 951 501 August
969 430 1012 485 30.
1496 426 1548 483 5Ί1

215 611 347 677 Erolens
364 610 405 676 de
421 612 486 677 suis
502 611 643 693 mortuis,
664 610 692 677 si
709 629 764 677 eos
777 616 908 696 propter
928 610 1136 694 pollutionem
1154 610 1205 676 vel
1227 609 1481 676 ecclesiasticum
1506 610 1551 673 in-

215 716 385 784 terdictnm
416 718 502 803 apud
530 738 620 783 snam
650 718 819 783 ecclesiam
850 718 901 783 vel
931 718 1120 783 cimiterium
1150 716 1286 803 sepelire
1318 738 1381 783 non
1413 718 1515 802 possit
1525 725 1550 781 ⁸.

214 826 346 891 Proviso
371 826 532 890 tamenin
557 824 852 906 quolibetcasnum
882 824 1107 909 predictorum,
1138 827 1164 891 si
1194 824 1362 910 presbiter,
1391 823 1432 889 ad
1463 825 1552 890 cuius

216 932 385 998 ecclesiam
409 931 587 996 deferretur
610 939 752 997 mortuus
776 931 909 1013 alienus,
935 931 976 997 de
1000 952 1058 997 sna
1087 930 1259 1017 parrochia
1288 952 1403 1017 corpus
1433 930 1553 996 babeat

215 1038 271 1103 illa
294 1039 346 1103 die
362 1037 554 1104 tradendum
572 1038 792 1103 ecclesiastice
809 1038 983 1124 sepulture,
1009 1038 1093 1121 quod
1111 1039 1164 1104 ille
1188 1039 1276 1124 prius
1299 1038 1405 1122 quoad
1423 1040 1551 1105 missam

216 1154 248 1212 et
277 1145 471 1231 sepulturam
502 1145 588 1211 circa
612 1146 773 1232 proprium
804 1145 1049 1230 parrochianum
1081 1165 1170 1212 suum
1199 1146 1345 1211 officium
1374 1154 1553 1229 exequatur

216 1259 248 1317 et
264 1253 454 1335 oblationes,
479 1272 540 1335 que
557 1252 674 1318 exinde
691 1254 889 1338 provenient,
915 1254 1001 1319 solus
1019 1254 1113 1319 levet.
1153 1254 1270 1320 Omnes
1286 1261 1393 1319 autem
1411 1252 1553 1321 decimus

216 1362 354 1425 minutas
371 1366 403 1425 et
419 1380 558 1444 grossas,
576 1361 608 1424 in
627 1361 877 1444 quibuscumque
894 1362 1080 1443 consistant,
1105 1360 1148 1426 ad
1163 1361 1362 1447 sepedictam
1383 1361 1552 1427 ecelesiam

219 1467 259 1533 de
282 1467 416 1533 Erclens
441 1467 482 1533 ab
506 1468 638 1550 antiquo
662 1474 847 1552 spectantes
877 1473 908 1533 et
937 1468 963 1533 si
995 1488 1059 1550 qua
1087 1469 1151 1533 sint
1174 1468 1238 1533 alia
1261 1475 1368 1553 preter
1394 1468 1461 1551 illa,
1491 1487 1552 1551 qne

217 1594 313 1660 supra
347 1580 420 1639 sunt
454 1574 638 1659 specialiter
661 1594 824 1660 expressa,
859 1595 921 1657 que
944 1595 1028 1641 nunc
1052 1574 1230 1659 spectantb
1254 1582 1286 1641 et
1309 1583 1457 1661 spectare
1481 1595 1553 1641 eon·

216 1689 389 1749 sueverunt
423 1681 463 1747 ad
498 1683 667 1748 ecclesiam
701 1682 742 1747 de
766 1682 898 1748 Erclens
932 1683 1040 1768 sepius
1063 1689 1280 1765 memoratam,
1307 1681 1393 1748 dicte
1417 1682 1554 1749 ecclesie

217 1790 254 1854 B.
270 1790 370 1855 Marie
387 1790 529 1872 Aquensi
546 1790 785 1874 incorporamus
802 1792 1000 1855 annectimus
1024 1798 1057 1856 et
1073 1792 1207 1874 unimus,
1231 1797 1266 1855 ut
1289 1790 1413 1856 scilieet
1427 1792 1553 1875 integre

218 1902 443 1962 convertantur
477 1904 509 1962 et
542 1896 660 1962 cedant
692 1896 735 1963 ad
770 1899 1064 1982 augmentationem
1097 1898 1365 1982 distributionum,
1399 1917 1479 1980 quas
1507 1897 1552 1962 illi

218 2002 387 2069 dumtaxat
410 2004 567 2085 canonici,
592 2004 647 2086 qui
673 2004 909 2090 presentialiter
932 2006 965 2069 in
989 2004 1086 2071 choro
1109 2006 1209 2089 ipsius
1237 2005 1374 2071 ecclesie
1397 2006 1555 2088 Aquensis

218 2111 381 2176 canonicis
409 2110 505 2187 boris,
535 2109 657 2177 diurnis
682 2110 833 2177 videlicet
857 2118 889 2177 et
912 2113 1086 2192 nocturnis,
1110 2111 1297 2193 intererunt,
1321 2112 1499 2197 percipient
1522 2118 1554 2178 et

217 2217 381 2283 habebunt
394 2218 485 2283 iuxta
500 2225 602 2284 ratam
620 2218 790 2284 cuiuslibet
805 2219 882 2284 hore
896 2218 1071 2284 taxandam
1089 2238 1146 2303 per
1158 2217 1286 2283 modum
1303 2218 1553 2305 infrascriptum.

218 2324 379 2389 Videlicet
414 2324 498 2409 quod
532 2325 616 2391 sicut
649 2345 705 2410 per
737 2326 974 2409 inquisitionem
1008 2331 1041 2391 et
1064 2325 1331 2392 examinationem
1357 2348 1451 2414 super
1475 2327 1555 2393 inte-

217 2433 336 2515 gritate
368 2434 506 2497 omnium
540 2431 720 2498 reddituum
754 2434 961 2499 ecclesiarum
995 2433 1211 2519 predictarum
1244 2434 1366 2500 iactam
1399 2456 1554 2521 apparere

219 2539 405 2622 dinoscitur,
430 2540 515 2623 qnod
540 2541 655 2625 portio,
687 2560 747 2623 que
777 2548 922 2606 remanet
951 2548 984 2607 et
1008 2541 1212 2625 imposterum
1237 2560 1401 2608 remanere
1425 2542 1555 2609 debebit

219 2647 354 2713 ecclesie
379 2647 531 2730 Aquensi,
556 2646 729 2713 ascendere
745 2655 851 2734 potest
876 2648 919 2713 ad
942 2648 1180 2715 extimationem
1198 2654 1230 2713 et
1246 2647 1387 2714 valorem
1411 2650 1556 2714 omnibus

219 2754 311 2819 annis
334 2752 542 2821 ducentorum
567 2762 598 2820 et
623 2755 854 2841 qninquaginta
878 2756 1071 2823 florenorum
1096 2775 1265 2842 parvorum
1291 2756 1341 2821 vel
1367 2756 1468 2840 qnasi,
1496 2777 1555 2842 per

218 2861 361 2945 singulos
388 2882 512 2929 menses
542 2861 706 2929 dividetur
734 2883 790 2948 per
818 2864 949 2948 equales
976 2864 1139 2949 portiones
1169 2862 1305 2947 singulis
1333 2862 1446 2930 diebus
1475 2863 1554 2929 divi·

219 2967 343 3035 dandas
365 2989 423 3055 per
445 2969 530 3036 bunc
554 2969 693 3053 modum,
718 2969 869 3037 videlicet
898 2992 956 3056 pro
986 2990 1095 3037 mense
1123 2970 1266 3054 quolibet
1294 2971 1411 3053 viginti
1438 2970 1555 3037 floreni

219 3078 310 3163 parvi
332 3078 382 3142 vel
399 3078 566 3143 extimatio
589 3078 719 3144 alterius
743 3079 876 3164 pecunie
894 3079 1102 3164 equipollens,
1126 3076 1167 3144 de
1191 3098 1255 3161 qua
1274 3098 1398 3144 summa
1420 3079 1555 3163 singulis

218 3182 331 3250 diebus
363 3184 592 3251 distribuentur
620 3193 693 3251 octo
721 3185 825 3270 grossi
854 3192 1050 3268 turonenses,
1081 3205 1215 3269 quorum
1244 3185 1379 3268 quilibet
1408 3184 1552 3252 florenos

219 3291 340 3357 valebit
374 3291 554 3375 duodecim,
597 3294 655 3358 vel¹
685 3294 823 3378 pecunia
861 3293 1069 3378 equipollens,
1112 3300 1178 3358 tres
1213 3294 1244 3357 in
1280 3293 1454 3375 matutinis,
1491 3298 1555 3360 tres

220 3400 251 3462 in
280 3399 376 3464 missa
401 3405 433 3464 et
458 3398 521 3465 duo
544 3401 576 3463 in
600 3400 742 3485 vesperis
767 3401 849 3466 inter
880 3401 1051 3466 canonicos
1084 3398 1314 3482 tantummodo,
1348 3400 1460 3482 quiin
1493 3400 1556 3466 illis

219 3504 306 3569 boris
332 3507 517 3587 intererunt,
550 3506 633 3572 sieut
658 3513 805 3572 tenentur
837 3528 895 3593 pro
930 3508 1002 3573 aliis
1033 3506 1308 3573 distributionibus
1341 3505 1557 3592 percipiendis

219 3614 383 3678 interesse.
440 3614 561 3678 Decem
593 3635 669 3679 vero
702 3614 827 3698 floreni,
866 3615 919 3697 qui
953 3621 1128 3697 remanent,
1163 3613 1213 3678 vel
1250 3619 1352 3678 totum
1383 3613 1555 3696 residuum,

220 3719 305 3802 quod
341 3718 507 3805 completis
540 3721 695 3806 predictis
729 3721 1007 3788 distributionibus
1033 3723 1136 3787 lorma
1168 3728 1201 3786 et
1229 3718 1325 3787 modo
1362 3721 1556 3806 presignatis

220 3826 378 3910 equaliter
415 3835 448 3891 et
492 3826 635 3894 fideliter
673 3830 920 3895 reservabuntur
957 3826 1170 3894 distribuendi
1208 3828 1365 3911 equaliter
1399 3827 1432 3893 in
1468 3829 1556 3911 qnin-

221 3954 282 4016 que
321 3934 567 4001 solennitatibus
612 3936 837 4020 infrascriptis,
877 3935 1030 4002 videlicet
1068 3937 1100 4000 in
1140 3942 1276 4018 quatuor
1313 3933 1557 4001 solennitatibus

220 4042 358 4126 gloriose
387 4040 521 4125 virginis
544 4043 655 4126 Marie,
684 4049 718 4108 ut
742 4042 855 4108 eadem
880 4032 1089 4110 solennitates
1112 4044 1310 4109 reverentius
1337 4049 1370 4108 et
1399 4042 1556 4109 celebrius

220 4168 278 4232 per
301 4154 465 4232 presentes
489 4148 660 4215 canonicos
684 4150 894 4234 celebrentur,
918 4169 1043 4215 necnon
1066 4150 1099 4214 in
1122 4149 1313 4215 solennitate
1335 4150 1556 4235 pretiosissimi

220 4255 359 4319 martiris
371 4254 537 4322 Lamberti
561 4258 687 4341 patroni
704 4258 813 4341 nostri,
839 4256 880 4323 de
904 4277 966 4341 quo
990 4258 1094 4323 minus
1111 4256 1219 4324 debito
1235 4258 1267 4321 in
1284 4255 1397 4322 eadem
1418 4256 1556 4323 ecclesia

220 4362 361 4445 Aquensi
395 4363 557 4428 solennisc
591 4365 743 4429 memoria
776 4364 941 4449 agebatur,
973 4384 1011 4429 eo
1039 4361 1145 4447 modo,
1179 4383 1242 4446 quo
1275 4360 1395 4428 dictum
1429 4368 1487 4446 est,
1523 4363 1554 4427 in

221 4470 384 4535 matutinis
417 4470 513 4535 missa
548 4477 581 4536 et
617 4472 758 4556 vesperis
794 4478 930 4554 quatuor
962 4470 1188 4537 solennitatum
1223 4469 1438 4555 predictarum
1473 4469 1557 4535 inter

221 4576 404 4660 canonicos,
428 4577 481 4659 qui
506 4577 539 4641 in
562 4577 717 4662 predictis
739 4577 826 4644 boris
841 4578 1028 4660 intererunt,
1053 4575 1293 4660 distribuentur,
1318 4576 1404 4642 nullo
1428 4597 1556 4662 prorsus

222 4720 432 4729 unu—*—

329 4826 356 4893 a)
377 4828 492 4897 possint
513 4824 545 4881 in
566 4842 626 4895 rep.
728 4828 759 4893 b)
779 4824 969 4897 spectantia
987 4842 1049 4899 rep.
1130 4828 1158 4895 e)
1178 4828 1332 4883 solemnius
1351 4824 1386 4880 irc
1404 4841 1467 4896 rep.
