3642 5509
835 457 987 519 1³me
1004 457 1048 517 ae.
1442 534 1445 538 Α
1557 456 1610 516 rm

273 649 416 710 reservat
450 642 639 708 beneficium
674 641 928 709 ecclesiasticum
963 663 1036 708 cum
1077 661 1153 707 cura
1188 642 1237 708 vei
1273 643 1341 707 sine
1376 661 1468 716 cura,
1512 642 1604 705 cuins

273 753 406 833 fructus,
431 751 459 817 si
483 769 555 815 enm
580 769 666 832 cura,
692 749 817 832 viginti,
842 749 869 815 si
893 769 969 815 vero
992 751 1062 815 sine
1086 769 1163 814 cura
1186 750 1290 831 fuerit,
1316 746 1499 831 quindecim
1523 768 1604 813 mar·

274 859 404 924 charum
434 858 559 941 argenti
593 856 735 922 valorem
768 877 906 922 annuum
930 879 956 924 s.
983 865 1005 922 t.
1032 855 1064 921 d.
1097 877 1160 922 non
1193 854 1362 936 excedant,
1396 854 1437 920 ad
1471 853 1607 941 disposi-

273 967 391 1031 tionem
428 963 585 1050 prepositi
619 962 734 1028 decani
759 971 791 1029 et
816 964 948 1048 capituli
973 964 1051 1029 eccl.
1077 965 1256 1030 Bnnnensis
1279 963 1389 1029 Goion.
1414 960 1498 1027 dioc.
1524 982 1606 1028 com·

272 1074 409 1138 maniter
433 1071 484 1136 vel
508 1069 638 1136 divisim
662 1069 835 1155 pertinens.

379 1176 573 1244 Laudabilia
601 1183 656 1242 tue
679 1177 850 1262 probitatis
879 1227 885 1242 .
917 1227 924 1242 .
955 1227 962 1242 .
1014 1178 1090 1243 Dat.
1118 1179 1212 1244 Arin.
1245 1178 1309 1244 VII
1343 1176 1386 1241 ki.
1423 1177 1605 1260 augustia.

272 1285 476 1353 duodecimo.

379 1394 417 1459 In
440 1413 469 1458 e.
486 1413 528 1457 m.
553 1391 766 1476 Sybergensis
790 1400 823 1458 et
846 1393 1026 1459 Tuiciensis
1051 1392 1315 1459 monasteriorum
1338 1390 1511 1456 abbatibus
1536 1390 1620 1477 Col.-

272 1501 358 1568 dioc.
382 1507 415 1566 et
438 1499 563 1565 decano
586 1499 666 1564 eccl.
691 1499 725 1565 S.
743 1500 876 1584 Georgii
899 1499 1010 1566 Oolon.

433 1632 505 1701 Ray.
525 1632 563 1685 86
578 1629 604 1700 f.
623 1629 681 1685 204
699 1646 748 1685 nr.
767 1632 848 1688 1539.

378 1947 502 2015 1540.
529 1952 616 2015 1328
639 1949 715 2016 Jcli
738 1950 792 2014 26.
835 1948 1001 2033 Aoipoon.

380 2091 539 2159 Iohannes
562 2092 662 2158 XXII
697 2092 832 2158 Iohanni
856 2090 898 2157 de
921 2091 1116 2175 Aquisgrani
1137 2093 1172 2171 (t)
1196 2092 1372 2178 presbitero
1396 2091 1497 2160 Laod.
1521 2090 1628 2170 dioc„

273 2204 416 2265 reservat
451 2199 641 2266 beneficium
679 2199 934 2265 ecclesiasticum
969 2218 1040 2264 cum
1082 2218 1159 2264 cura
1193 2200 1244 2265 vel
1278 2200 1348 2267 sine
1383 2220 1475 2283 cura,
1515 2201 1607 2265 cuius

273 2305 405 2388 fructus,
438 2307 465 2372 si
490 2313 648 2389 curatum,
674 2304 799 2389 viginti,
833 2307 860 2371 si
885 2325 961 2371 vero
984 2306 1054 2371 sine
1078 2326 1154 2372 cura
1177 2305 1285 2389 fuerit,
1319 2305 1501 2390 quindecim
1525 2327 1608 2372 mar·

272 2411 403 2478 charum
428 2414 555 2497 argenti
579 2433 605 2479 s.
632 2421 654 2478 t.
682 2412 714 2478 d.
739 2413 880 2478 valorem
913 2432 1052 2478 annuum
1084 2433 1147 2478 non
1176 2411 1347 2498 excedant,
1380 2413 1421 2479 ad
1452 2415 1608 2499 prepositi

271 2517 386 2585 decani
420 2527 452 2586 et
485 2521 618 2606 capituli
652 2520 730 2586 eccl.
756 2519 789 2585 S.
817 2519 917 2585 Maris
951 2518 993 2585 de
1016 2521 1212 2604 Aquisgrani
1237 2519 1337 2586 Leod.
1363 2521 1447 2587 dioo.
1472 2521 1634 2607 disposi-‘

273 2627 390 2692 tionem
415 2627 625 2693 communiter
648 2627 699 2693 vel
729 2626 858 2693 divisim
887 2627 1060 2711 pertinens,
1094 2647 1157 2692 non
1185 2627 1333 2694 obstante
1357 2627 1442 2711 quod
1466 2626 1501 2692 in
1524 2627 1604 2693 eccl.

274 2734 435 2800 Bunnensi
459 2733 569 2824 Calon.
594 2731 677 2800 dioc.
703 2734 805 2799 altare
829 2732 860 2799 S.
876 2733 967 2799 Petri
990 2733 1124 2799 obtinet.

376 2840 427 2905 Ex
448 2847 501 2907 tue
523 2839 704 2907 devotionis
718 2890 725 2906 .
741 2889 770 2905 ..
817 2841 893 2906 Dat.
919 2841 1013 2907 Avin.
1039 2841 1101 2906 VIl
1126 2841 1171 2906 ki.
1196 2843 1323 2925 augusti
1347 2864 1377 2908 a.
1402 2840 1604 2908 duodecimo.

380 2949 417 3012 ln
442 2967 469 3016 e.
495 2968 536 3012 m.
570 2946 694 3014 decano
723 2955 755 3012 et
784 2948 907 3014 cantori
932 2968 972 3013 ac
995 2948 1166 3015 scolastico
1190 2947 1269 3014 ecci.
1294 2949 1473 3016 Bunnensis
1496 2947 1604 3015 Goion.

272 3051 355 3120 dioc.

431 3160 506 3231 Rep.
523 3161 560 3215 86
580 3160 604 3230 f.
624 3160 682 3216 206
699 3163 843 3216 nr.1543.

378 3442 493 3511 1541.
531 3447 618 3510 1328
642 3443 773 3531 Aupast
798 3445 849 3509 17.
874 3443 1040 3531 Acipoco.

376 3587 536 3654 Iohannes
561 3586 661 3652 XXII
694 3586 886 3652 Tbilmanno
915 3584 1075 3669 quondam
1098 3584 1262 3670 Lndoipbi
1286 3583 1327 3652 de
1351 3585 1462 3652 Vilika
1484 3587 1602 3654 clerico

273 3714 335 3758 non
360 3695 533 3778 coniugato
556 3714 616 3760 nec
641 3695 674 3759 in
697 3695 797 3759 sacrm
821 3691 987 3760 ordinibus
1012 3695 1184 3759 constituto
1208 3693 1318 3759 Goion.
1343 3692 1438 3778 dioc,
1468 3696 1523 3777 qui
1545 3715 1604 3780 per

273 3801 402 3866 Petrum
426 3801 612 3887 episcopum
638 3801 781 3867 Penestr.
806 3807 954 3885 repertus
976 3799 1039 3864 fnit
1054 3797 1201 3884 ydoneus
1226 3799 1270 3865 ad
1295 3799 1436 3866 officium
1461 3801 1603 3867 tabellio·

273 3915 376 3990 natm,
400 3905 547 3973 concedit
571 3907 751 3973 huiusmodi
775 3906 927 3973 officium.

379 4015 429 4084 Ne
452 4020 673 4081 contractuum
697 4015 850 4080 memoria
887 4064 893 4079 .
924 4063 931 4078 .
961 4063 968 4078 .
1017 4014 1090 4078 Dat.
1115 4014 1210 4080 Avin.
1235 4014 1314 4079 XVI
1338 4013 1384 4080 kl.
1412 4015 1602 4100 septembris

272 4137 301 4180 a.
326 4113 528 4182 duodecimo.

430 4239 503 4309 Rep.
522 4241 560 4294 85
577 4238 601 4309 f.
620 4239 686 4294 ὃσδ’
705 4254 753 4294 nr.
773 4239 856 4293 1034.

378 4561 499 4631 1542.
525 4565 613 4630 1328
635 4561 828 4649 September
852 4565 881 4628 1.
906 4559 1071 4650 Aoipnoc.

379 4707 538 4774 lohannes
569 4706 667 4772 XXII
699 4703 865 4772 Everardo
899 4703 940 4771 de
972 4705 1126 4770 Embrica
1159 4705 1284 4772 confert
1316 4706 1394 4772 eccl.
1428 4706 1462 4773 S.
1491 4706 1602 4773 Crucis

272 4811 374 4880 Leod.
399 4817 633 4898 canonicatum,
657 4812 855 4900 prebendam
872 4834 949 4879 vero
965 4812 1069 4878 eidem
1094 4821 1247 4898 reservat,
1271 4835 1334 4879 non
1351 4815 1499 4880 obstante
1516 4813 1601 4896 quod
