3642 5509
859 410 929 469 1831
948 412 1030 470 murz
1048 403 1074 470 d.
1564 403 1617 469 397

281 608 352 660 curn
387 612 465 662 cura
493 589 544 663 vel
573 595 642 662 sine
675 616 761 678 cura,
796 595 887 662 cuius
921 595 1056 677 fructus,
1086 595 1111 660 si
1143 615 1213 660 cum
1247 615 1334 678 cura,
1369 595 1557 679 vigintique,
1590 597 1617 662 si

281 724 357 769 vero
381 704 451 769 sine
474 724 551 768 cura
574 703 681 785 tuerit,
718 701 897 785 quindecim
928 703 1128 768 marcharum
1159 701 1284 785 argenti
1313 722 1337 767 s.
1367 707 1388 766 t.
1419 701 1450 767 d.
1475 703 1617 768 valorem

280 831 420 875 annuum
452 831 516 876 non
550 809 720 892 excedunt,
755 809 797 874 ad
831 808 1072 894 dispositionem
1102 809 1257 894 prepositi
1289 808 1403 875 decani
1427 816 1460 874 et
1484 808 1616 894 capituli

281 917 360 982 eccl.
385 917 495 983 Gelon.
521 918 728 982 communiter·
752 916 802 981 vel
827 914 956 982 divisim
989 917 1161 1001 pertinens,
1195 936 1257 981 non
1291 918 1438 982 obstante
1468 916 1553 999 qnod
1583 918 1616 981 in

281 1025 360 1093 eccl.
377 1025 622 1091 Monasteriensi
644 1025 679 1089 in
704 1024 887 1108 Meynevelt
911 1025 1134 1088 canonicatum
1161 1029 1193 1088 et
1215 1023 1413 1107 prebendam
1437 1025 1570 1090 obtinet.

387 1132 510 1198 Meritis
533 1138 587 1197 tue
612 1131 859 1216 probitatis...
883 1130 960 1196 Dat.
985 1129 1079 1195 Avin.
1105 1130 1172 1194 llll
1196 1149 1298 1196 nonas
1321 1130 1428 1196 martii
1445 1151 1475 1195 a.
1493 1131 1616 1212 quinto·

281 1237 418 1305 decimo.

388 1347 425 1411 Iu
450 1366 478 1410 e.
502 1368 543 1412 m.
568 1345 602 1412 S.
618 1344 747 1411 Andree
770 1344 881 1411 Goion.
906 1351 939 1410 et
962 1343 996 1411 S.
1014 1345 1137 1409 Florini
1161 1343 1356 1410 Confluentis
1373 1345 1505 1411 Trever.
1530 1343 1614 1410 dioc.

280 1451 415 1519 decanis
437 1473 477 1519 ac
500 1451 673 1519 scolastico
697 1452 858 1518 Tullcnsis
882 1453 1100 1518 ecclesiarum.

442 1577 516 1648 Ray.
537 1577 615 1647 991⁶.
636 1577 704 1631 262¹
724 1593 772 1631 ar.
798 1578 880 1633 1630.

387 1850 530 1916 *2012
558 1853 643 1915 1331
667 1850 767 1915 Mdrz
789 1851 822 1914 5.
848 1847 1014 1935 Acipaon.

388 1992 549 2059 Iohannes
572 1993 671 2058 XXII
706 1990 876 2058 scolastico
910 1992 1047 2058 ecclesie
1081 1993 1118 2058 B.
1143 1992 1243 2058 Maris
1276 1991 1318 2057 ad
1350 1989 1470 2075 gradus
1500 1990 1611 2057 Goion.

280 2100 423 2178 mandat,
448 2102 598 2183 quatinus
622 2120 669 2183 ea,
700 2120 761 2182 que
785 2098 826 2165 de
851 2099 942 2165 bonis
966 2101 1150 2166 monasterii
1175 2099 1207 2165 S.
1233 2099 1327 2165 Glare
1351 2099 1460 2164 Gelon.
1485 2097 1553 2163 ord.
1578 2099 1613 2166 S.

281 2207 375 2274 Glare
408 2207 550 2274 alienata
581 2207 740 2272 invenerit
772 2206 883 2271 illicite
917 2213 949 2272 et
978 2205 1143 2288 distracta,
1179 2205 1222 2272 ad
1249 2208 1298 2272 ins
1322 2213 1354 2272 et
1383 2207 1612 2291 proprietatem

281 2313 423 2381 eiusdem
448 2334 601 2381 revocare
624 2320 783 2400 procuret.

388 2421 440 2487 Ad
474 2420 670 2488 audientiam
704 2425 845 2486 nostram
878 2421 1058 2506 pervenit.
1090 2472 1095 2485 .
1127 2471 1133 2486 .
1190 2421 1266 2486 Dat.
1300 2421 1394 2486 Asin.
1429 2421 1478 2486 llI
1512 2442 1613 2487 nonas

279 2530 385 2594 martii
410 2550 441 2614 p.
458 2551 487 2593 n.
505 2551 534 2594 a.
560 2526 809 2612 quintodecimo.

441 2671 490 2726 Or,
509 2671 632 2726 membr.
653 2685 721 2725 cum
739 2671 864 2738 plumbo
882 2669 973 2738 perid.
1012 2669 1076 2726 Sub
1091 2668 1177 2739 plica
1196 2670 1238 2725 ud
1257 2667 1396 2725 sinister
1416 2705 1450 2760 N·
1463 2633 1609 2760 ’Βῗῃῖω

438 2848 476 2902 In
495 2847 579 2917 plica
597 2848 639 2903 ad
658 2848 771 2903 dextra
790 2847 822 2901 B.
841 2847 880 2902 de
899 2847 1010 2902 Cassia.
1055 2847 1217 2904 ludousa:
1236 2777 1418 2917 Rprdtddldus
1452 2847 1489 2903 de
1502 2847 1611 2904 Nussia

436 2993 463 3046 a
494 2990 565 3046 surr.
584 3009 612 3062 p.
633 2992 670 3046 ue
689 2991 808 3046 vernus
827 3007 882 3068 pm
902 2988 961 3046 sar.
991 3019 1023 3029 -
1053 2989 1147 3045 Pars
1167 2989 1244 3046 arur.
1272 2919 1388 3062 adds.
1417 2989 1503 3046 carra.
1532 2991 1610 3046 caso

435 3097 484 3134 ar.
503 3083 531 3134 6.
551 3111 583 3120 -
604 3080 717 3150 Apoqr.
736 3078 771 3134 irs
790 3078 859 3135 bibl.
878 3078 958 3134 civit.
981 3079 1081 3134 Colca.
1101 3081 1248 3135 Inventor
1266 3095 1314 3133 rar.
1335 3083 1398 3134 166.

379 3345 609 3412 20131331
634 3347 732 3411 Mdrz
755 3347 785 3412 7.
813 3344 979 3432 Aoipaoc.

383 3488 556 3573 [lebannes
579 3489 690 3573 XXII]
723 3491 886 3574 preposito
920 3488 953 3554 S.
979 3489 1149 3555 Kuniberti
1175 3489 1286 3556 Golon.
1311 3496 1343 3554 ct
1372 3487 1495 3554 decano
1527 3490 1610 3556 Buu-

274 3597 381 3661 nensis
405 3596 513 3661 Gelon.
540 3595 622 3661 dioc.
647 3617 686 3661 ac
710 3595 880 3663 scolastico
905 3595 1063 3661 '.l'ullensis
1087 3597 1165 3662 eccl.

380 3704 504 3769 Meritis
528 3704 697 3788 probitatis
721 3703 832 3768 dilecti
856 3702 911 3767 filii
930 3704 1080 3769 lobannis
1104 3702 1145 3768 dc
1162 3704 1279 3788 Siberg
1303 3705 1448 3770 canonici
1473 3705 1609 3770 ecclesio

274 3810 306 3874 S.
326 3810 455 3894 Georgii
474 3809 582 3875 Colon.
602 3859 654 3875 ...
672 3810 749 3876 Gum
767 3811 886 3893 itaque,
903 3810 986 3875 sicut
1003 3832 1042 3875 cx
1056 3819 1166 3876 tenore
1182 3813 1347 3896 petitionis
1363 3810 1441 3878 dicti
1458 3810 1610 3876 Iohannis

273 3916 366 3984 uobis
389 3937 490 4002 nuper
514 3918 621 3983 oblate
638 3918 848 4003 percepimus,
874 3919 1082 3983 canonicatus
1107 3924 1139 3982 et
1164 3917 1328 4002 prebenda
1345 3919 1480 3984 ecclesie
1496 3919 1529 3984 S.
1547 3919 1609 3983 An-

273 4022 349 4089 dree
378 4008 587 4107 Coloniensis,
619 4043 698 4107 quos
728 4024 887 4107 quondam
918 4023 1078 4090 Iohannes
1106 4023 1212 4090 dictus
1244 4023 1285 4089 de
1314 4023 1458 4090 Gladio.
1478 4025 1609 4090 ..obti-

272 4131 380 4214 nebat,
405 4152 461 4216 per
481 4131 601 4196 obitum
627 4130 727 4215 ipsius
751 4130 904 4196 Iohannis
935 4129 975 4196 de
1005 4129 1146 4196 Gladio.
1166 4150 1334 4196 ..vacare
1364 4139 1537 4198 noscantur
1566 4131 1608 4198 ad

272 4258 414 4322 presens,
450 4238 525 4303 licet
550 4237 750 4303 Hermannus
781 4236 886 4304 dictus
917 4236 1056 4302 Fridaob
1076 4234 1235 4302 'eiusdem
1270 4237 1408 4304 ecclesie
1437 4239 1609 4306 canonicus

272 4344 308 4409 S.
332 4344 471 4425 Andree,
496 4345 549 4427 qui
573 4349 723 4430 pretextu
747 4343 946 4428 quarundam
971 4345 1148 4409 litterarum
1173 4350 1362 4428 nostrarum,
1392 4367 1449 4430 per
1474 4347 1609 4427 quasin

272 4452 458 4517 canonicum
472 4453 572 4537 ipsius
585 4452 722 4518 ecclesie
738 4459 887 4538 receptus
899 4451 1095 4536 prebendam
1110 4453 1303 4537 expectabat
1315 4452 1447 4536 ibidem,
1472 4451 1608 4518 eandem

271 4559 468 4644 prebendam
483 4579 542 4644 pcr
554 4560 673 4626 obitum
692 4559 771 4624 dicti
784 4559 936 4624 lobannis
949 4557 990 4624 de
1004 4558 1120 4624 Gladio
1138 4609 1145 4622 .
1165 4609 1171 4624 .
1189 4565 1357 4625 vacantem
1374 4565 1527 4645 tempore,
1545 4580 1608 4643 quo

271 4667 340 4752 ipse
362 4667 565 4732 Hermannns
588 4673 666 4749 erat,
691 4668 774 4732 sicut
797 4665 903 4732 adbuc
929 4667 1067 4732 existere
1090 4665 1217 4750 dicitnr,
1242 4667 1371 4733 maioris
1395 4669 1607 4732 excommuni-

271 4774 407 4841 cationis
436 4775 598 4840 sententia
626 4773 660 4838 iu
687 4793 759 4839 eum
788 4774 854 4838 lata
883 4793 992 4859 per..
1012 4772 1289 4840 .riceauditorem
1322 4793 1489 4841 cansarum
1520 4773 1608 4843 curie
