3642 5509
252 433 304 491 168
817 436 886 493 1388
903 435 979 494 Jnni
996 435 1041 494 80.

250 615 457 684 nistrationes
480 615 622 682 existant
646 623 678 682 ct
702 636 810 683 curam
834 616 979 684 habeant
1002 618 1189 701 animamm‚
1211 638 1313 702 nsque
1336 618 1380 686 ad
1402 620 1583 705 triennium,

251 722 424 789 dummodo
454 723 630 808 dignitates
659 743 716 791 seu
745 731 936 810 personatus
959 724 1140 791 huiusmodi
1163 725 1196 790 in
1221 724 1400 820 cathedrali
1423 733 1496 812 post
1518 729 1585 813 epi·

251 830 415 916 scopalem
444 836 500 896 aut
532 831 564 894 in
598 830 771 915 collegiata
803 831 951 898 ecclesiis
980 833 1117 897 maiores
1143 853 1206 897 non
1239 833 1416 916 obtineant,
1449 833 1584 917 integre,

252 937 425 1004 cotidianis
448 936 727 1003 distributionibus
750 936 920 1003 dumtaxat
942 940 1098 1023 exceptis,
1126 939 1303 1024 percipere,
1336 941 1413 1022 quin
1435 961 1585 1026 persona·

252 1044 325 1110 liter
348 1043 521 1110 resideant.

360 1151 495 1218 Sincera
527 1149 657 1218 devotio
691 1171 785 1234 quam
816 1202 823 1218 .
853 1202 860 1218 .
890 1201 897 1216 .
957 1154 1034 1220 Dat.
1063 1153 1159 1219 Avin.
1182 1153 1262 1220 XVI
1290 1153 1337 1219 kl.
1364 1154 1433 1220 iulii
1455 1175 1486 1221 0.
1510 1153 1586 1221 dno·

253 1257 389 1324 decimo.

360 1365 397 1431 In
422 1385 450 1433 e.
466 1387 508 1432 m.
533 1367 685 1454 episcopo
707 1369 866 1452 Pregensi
889 1374 922 1435 et
938 1368 1071 1435 Trever.
1095 1388 1135 1434 ac
1158 1368 1326 1436 Remensis
1347 1367 1586 1435 arobidIaconis

253 1472 471 1539 ecclesiarum.

413 1598 486 1669 Rey.
505 1597 585 1670 88f.
605 1601 641 1654 71
658 1615 707 1654 nr.
727 1599 815 1655 3194.

360 1863 484 1932 1488.
517 1867 604 1931 1328
631 1866 718 1932 Jant
740 1867 794 1930 20.
828 1865 994 1953 Auipuon.

360 2009 520 2075 Iohannes
536 2009 635 2075 XXII
659 2008 769 2076 Ottoni
794 2009 835 2076 de
859 2010 975 2094 Hagen
999 2009 1146 2095 [persone
1169 2011 1298 2093 generis
1320 2010 1489 2076 nobilitate
1512 2028 1587 2074 eou-

254 2114 376 2200 spIcue]
402 2115 526 2181 confert
555 2115 634 2182 0001.
659 2116 877 2184 Traiectensis
901 2117 1136 2199 canonicatum,
1162 2115 1357 2203 prebendam
1382 2136 1458 2183 vero
1482 2114 1587 2181 eldem

254 2228 399 2289 reservat
422 2242 546 2289 necnon
570 2222 762 2308 dignitatem
785 2224 836 2290 001
864 2230 1070 2310 personatum
1094 2244 1151 2290 sen
1174 2224 1316 2290 officium
1339 2243 1410 2289 curn
1435 2243 1511 2289 cura
1534 2221 1587 2287 vel

254 2329 324 2396 sine
357 2350 434 2396 cura
465 2335 665 2415 spectantem
689 2331 740 2396 rel
773 2337 924 2415 spectans
956 2330 999 2396 ad
1027 2329 1270 2416 dispositionem
1293 2331 1436 2416 episcopi
1459 2328 1588 2394 Traiec-

255 2437 354 2503 tensis
386 2437 419 2502 in
452 2438 585 2503 eivItate
613 2436 664 2504 001
692 2436 814 2504 diocesi
837 2438 1050 2521 Traieetensi,
1083 2459 1146 2504 non
1170 2438 1319 2505 obstante
1342 2434 1429 2521 quod
1452 2436 1530 2503 Otto
1553 2437 1585 2501 in

255 2543 292 2610 Β.
312 2544 413 2610 Marie
437 2545 656 2611 Traiectensis
678 2543 779 2611 Leod.
814 2543 898 2611 dioc.
932 2546 991 2611 sub
1024 2544 1193 2630 dignitatis
1224 2545 1276 2610 vel
1308 2550 1498 2630 personatus
1529 2562 1587 2608 seu

254 2649 353 2717 oflicii
377 2670 448 2716 oum
479 2670 557 2718 cura
581 2651 632 2717 vel
655 2652 725 2718 sine
748 2671 825 2718 cura
849 2658 881 2717 et
903 2653 937 2716 ln
961 2651 1166 2736 Hngardensi
1190 2659 1223 2718 et
1246 2653 1281 2719 S.
1301 2650 1424 2717 Florini
1447 2651 1480 2715 in
1504 2649 1587 2716 Gon·

254 2756 386 2823 fluentia
409 2757 497 2824 dIcte
520 2757 622 2824 Leod.
647 2765 679 2824 et
696 2758 826 2825 Trever.
852 2757 936 2825 dioc.
961 2759 1107 2826 ecelesiis
1129 2759 1189 2826 sub
1213 2756 1447 2844 prebendarum
1471 2776 1586 2842 expec-

256 2866 376 2930 tatione
399 2865 593 2930 auctoritate
617 2865 796 2950 apostolica
827 2867 860 2931 in
890 2866 1078 2936 canonicum
1101 2870 1151 2931 est
1173 2871 1333 2950 receptus.
1379 2864 1456 2931 Vult
1479 2871 1587 2930 tamen

255 2991 351 3057 papa,
388 2971 473 3054 quod
506 2971 627 3056 littere,
664 2973 782 3038 virtute
816 2992 949 3056 quarum
983 2971 1174 3057 dignitatem
1207 2972 1259 3039 vel
1292 2977 1496 3058 personatum
1528 2991 1585 3038 seu

255 3077 396 3144 officium
420 3078 454 3144 in
477 3079 556 3145 eccl.
581 3079 618 3144 B.
640 3079 741 3145 Marde
764 3078 853 3146 dieta
876 3086 1040 3164 expectat,
1071 3087 1104 3145 et
1127 3099 1295 3165 processus
1318 3099 1426 3146 earum
1449 3078 1587 3149 auctori-

254 3191 321 3252 tate
344 3184 446 3251 habiti
469 3187 586 3253 nullius
610 3187 752 3254 existant
774 3187 897 3253 roboris
921 3193 954 3252 et
977 3205 1071 3252 cassa
1093 3207 1134 3252 ao
1155 3187 1254 3252 irrita.

361 3293 438 3358 Illos
459 3292 597 3360 libenter
620 3294 796 3379 apostolice
813 3345 820 3362 .
839 3342 847 3359 .
866 3343 872 3359 .
902 3293 978 3359 Dat.
995 3294 1091 3359 Asin.
1108 3293 1174 3358 XII
1190 3293 1236 3358 kl.
1253 3293 1321 3359 iulii
1337 3314 1367 3359 a.
1385 3291 1585 3360 duodecimo.

361 3401 399 3465 In
423 3419 451 3466 e.
469 3421 510 3467 m.
535 3399 568 3466 S.
586 3402 673 3466 Petri
690 3401 831 3468 TraIeot.
856 3421 896 3467 ae
919 3401 1164 3467 Davantriensis
1179 3401 1322 3468 Traiect.
1346 3399 1429 3466 dioc.
1454 3399 1587 3466 decanis

255 3525 295 3572 ae
318 3505 486 3573 Ambrosio
509 3507 551 3572 de
574 3508 769 3593 Lamnyrola
793 3509 949 3576 canonico
972 3507 1144 3574 Mediolon.
1169 3508 1388 3574 eeclesiarum.

404 3631 476 3700 1109.
496 3633 535 3686 88
561 3631 652 3702 11121
670 3648 719 3686 ur.
738 3633 820 3687 8031.

362 3904 485 3973 1494.
512 3909 599 3974 1328
622 3908 709 3976 Juut'
731 3911 785 3974 22.
814 3907 980 3997 Avtqnon.

362 4049 523 4119 Iohannes
545 4050 644 4117 XXII
672 4051 846 4137 Reynardo
871 4050 912 4118 de
937 4052 1146 4136 Westerbnrg
1169 4050 1326 4118 canonico
1350 4050 1482 4118 Trever.
1506 4047 1585 4115 0001.

256 4165 399 4224 reservat
431 4159 463 4224 in
486 4156 610 4246 :eadem
642 4161 732 4244 0001,
765 4161 798 4226 in
827 4180 891 4243 qua
918 4159 1060 4226 existunt
1087 4158 1224 4244 quedam
1248 4166 1405 4245 perpetua
1429 4157 1584 4225 beneficia

256 4265 488 4350 ecelesiastica,
513 4272 619 4332 curtes
641 4267 711 4333 0100
734 4266 928 4352 obedientie,
957 4268 1037 4333 alias
1060 4266 1157 4353 paich
1182 4268 1264 4349 luel:
1288 4265 1392 4352 peith)
1416 4265 1495 4331 inibi
1519 4265 1587 4330 vul-

255 4374 377 4460 gariter
400 4381 594 4460 nuncupata,
618 4381 773 4442 consueta
797 4375 960 4442 canonicis
984 4376 1084 4459 ipsius
1100 4373 1237 4440 00010010
1254 4373 1462 4459 prebendatis
1485 4373 1587 4455 assig-

257 4482 337 4564 nari,
361 4500 456 4547 unam
480 4501 521 4548 ex
539 4481 693 4568 predictis
717 4483 859 4548 cudibus
886 4483 956 4548 sive
979 4481 1172 4548 obedientIIs
1195 4480 1238 4547 ad
1261 4500 1395 4566 presens
1418 4485 1587 4545 vacantem

257 4587 308 4654 vel
331 4589 476 4673 proxIme
500 4596 697 4674 vacaturam,
730 4610 793 4656 non
827 4590 975 4656 obstante
999 4587 1085 4672 quod
1114 4591 1147 4654 in
1176 4586 1289 4655 eadem
1314 4586 1505 4655 Treverensi
1529 4586 1588 4652 sub

257 4697 482 4782 expectatione
514 4695 682 4783 dignitatis
709 4698 761 4765 vel
793 4705 984 4783 personatus
1016 4715 1073 4762 seu
1105 4695 1202 4762 otiicii
1235 4716 1307 4762 oum
1340 4714 1417 4760 cure
1441 4694 1492 4760 vel
1520 4693 1589 4758 sine

257 4823 335 4876 eura
357 4825 397 4872 ac
431 4808 464 4874 in
494 4805 676 4875 Coloniensi
701 4807 891 4892 Maguntina
924 4805 1085 4873 Bunnensi
1119 4802 1228 4871 Oolon.
1262 4801 1345 4870 dioc.
1380 4800 1590 4870 canonicatus
