3642 5509
239 412 292 480 272
773 416 843 477 1329
862 413 992 478 October
1013 417 1056 477 13.

240 605 491 672 misericordiam
515 603 644 690 superni
669 604 805 670 numinis
828 603 1012 690 adepturos,
1037 603 1182 671 omnibus
1205 619 1282 671 vere
1306 599 1522 690 penitentibus
1538 607 1571 672 ct

240 714 405 794 confessis,
441 715 495 796 qui
529 712 698 777 ecclesiam
731 712 889 796 prefatam
923 714 956 776 in
990 712 1216 796 assumptionis
1250 719 1282 778 et
1315 715 1571 780 annunciationis

239 821 430 886 Beatissime
454 821 554 884 blaric
579 818 711 902 virginis
743 839 782 884 ac
815 820 973 904 passionis
996 821 1033 884 B.
1059 820 1146 884 Petri
1177 818 1391 903 predictorum
1423 820 1515 886 festis
1539 827 1573 886 ct

239 931 272 993 in
296 927 500 994 dedicatione
530 927 631 1011 ipsius
658 927 805 1010 ecclesie,
836 935 974 1008 centum,
1008 927 1070 993 illis
1094 947 1169 992 vcro
1199 929 1252 1010 qui
1277 947 1333 1012 per·
1357 929 1490 995 octabas
1515 928 1570 993 hu·

240 1035 375 1101 iusmodi
408 1035 493 1101 festa
526 1033 710 1100 immediate
743 1041 914 1117 sequentes
948 1034 1065 1100 deuote
1097 1055 1137 1099 sc
1161 1041 1345 1102 reverenter
1369 1035 1571 1101 visitaverint

239 1143 412 1219 annuatim,
446 1139 662 1224 quadraginta
694 1139 764 1205 dics
795 1139 836 1205 de
866 1142 1095 1226 omnipotentis
1118 1141 1171 1206 dei
1194 1141 1413 1207 misericordia
1436 1147 1468 1207 et
1492 1143 1571 1206 Bcu-

239 1256 341 1314 torum
365 1249 452 1315 Petri
477 1255 509 1312 ct
532 1248 624 1313 Pauli
648 1247 864 1332 apostolorum
889 1247 957 1314 cius
987 1248 1180 1314 auctoritate
1205 1248 1327 1331 confisi,
1356 1247 1397 1315 de
1421 1249 1570 1314 iniunctis

239 1357 286 1421 eis
319 1356 503 1441 penitentiis
532 1354 779 1421 misericorditer
803 1354 995 1422 relaxamus.
1042 1356 1117 1422 Dat.
1141 1356 1237 1422 Avin.
1262 1356 1313 1420 Ill
1336 1355 1408 1422 idus
1431 1357 1571 1423 octobris

240 1484 270 1529 a.
295 1462 545 1546 quartodecimo.

399 1607 472 1677 Ray.
491 1609 528 1662 94
545 1623 592 1662 ar.
612 1607 678 1662 284.

345 1894 463 1962 1775.
489 1898 575 1960 1329
601 1897 741 1962 October
765 1898 817 1960 13.
842 1895 1006 1983 Avipaoa.

346 2039 505 2105 lohannes
530 2040 628 2104 XXII
667 2041 806 2105 ilenrico
840 2040 948 2104 comiti
983 2038 1023 2104 de
1052 2039 1208 2106 Nassowc
1238 2046 1270 2104 et
1299 2039 1446 2124 Alehyde
1480 2041 1569 2106 uxori

238 2167 295 2212 sue
318 2145 475 2230 indulget,
509 2154 544 2211 ut
571 2148 737 2214 confessor
760 2167 867 2212 corum
891 2147 1048 2232 ydoneus,
1083 2167 1176 2230 quem
1201 2145 1351 2212 duxerint
1376 2146 1569 2230 eligendum,

239 2255 377 2319 omnium
402 2260 607 2338 peccatorum
631 2255 757 2340 plenam
782 2256 1000 2320 remissionem
1016 2255 1095 2339 ipsis
1111 2261 1143 2318 ct
1160 2255 1291 2318 cuilibet
1315 2255 1454 2339 ipsorum
1471 2255 1569 2320 semel

240 2368 363 2426 tantum
387 2363 419 2426 in
443 2363 554 2431 mortis
578 2363 715 2428 articulo
739 2363 893 2447 impertiri
919 2362 1034 2428 valeat.

347 2469 499 2534 Provenit
526 2489 566 2534 ex
591 2476 696 2536 vestre
725 2468 906 2536 devotionis
932 2518 993 2535 ...
1040 2469 1116 2534 Dat.
1141 2470 1234 2534 driu.
1261 2470 1310 2534 ΙΙΙ
1334 2468 1406 2534 idus
1429 2469 1570 2535 octobris

239 2597 269 2640 a.
294 2575 545 2658 quartodecimo.

399 2701 472 2770 Rea.
491 2701 528 2755 94
546 2717 594 2754 ar.
612 2703 657 2756 87.

345 2959 465 3026 1776.
492 2962 577 3026 1329
601 2961 741 3026 October
768 2962 818 3025 13.
844 2958 1009 3047 Acipaoa.

343 3105 511 3170 Iohannes
543 3107 743 3190 mapistram
776 3106 962 3170 Iohannem
995 3107 1036 3170 de
1071 3107 1223 3171 dialecto
1256 3107 1431 3192 physicam
1463 3105 1569 3170 archi·

240 3213 387 3296 episcopi
402 3209 609 3278 Colonieasis
624 3213 780 3278 habilitat
796 3214 889 3297 eique
904 3215 1046 3279 remittit
1059 3215 1196 3299 fractas
1219 3215 1452 3300 beneficiorum
1472 3213 1571 3280 eccle-

238 3319 451 3384 siasticorum
475 3322 517 3384 ab
541 3320 654 3385 eodem
676 3321 800 3385 iaiastc
822 3327 1005 3405 perceptos.

344 3424 516 3509 [lohannes
540 3425 650 3510 XXII]
685 3427 839 3510 magistro
872 3425 1008 3493 Iohanni
1042 3426 1083 3492 de
1116 3429 1267 3494 Traiecto
1302 3428 1457 3494 canonico
1490 3427 1568 3494 ecel.

239 3532 273 3597 S.
297 3533 398 3599 Maria
421 3533 463 3598 ad
487 3534 606 3617 gradus
631 3533 741 3601 Golon.

346 3640 519 3706 Personam
545 3647 632 3706 tuam
656 3640 697 3706 dc
721 3642 899 3707 litterarum
924 3643 1060 3709 scientia
1078 3697 1084 3712 .
1104 3697 1110 3709 .
1130 3694 1137 3709 .
1162 3645 1248 3710 Sane
1272 3643 1415 3730 peticio.
1435 3691 1442 3708 .
1460 3692 1468 3708 .
1486 3643 1569 3708 Hen-

238 3747 296 3812 rici
320 3745 555 3832 archiepiscopi
572 3748 681 3814 Colon.
700 3768 757 3833 pro
782 3757 874 3834 parte
897 3758 954 3816 tua
976 3752 1069 3817 nobis
1093 3751 1239 3817 exhibita
1263 3752 1458 3834 continebat,
1483 3749 1568 3834 quod
1681 3801 1686 3812 .

238 3860 284 3936 tu,
298 3854 351 3936 qui
368 3855 399 3918 in
417 3853 450 3918 S.
465 3854 565 3920 Marie
581 3853 623 3919 ad
640 3854 761 3939 gradus
774 3856 884 3922 Colon.
901 3865 935 3923 ct
951 3857 983 3923 S.
1001 3858 1100 3924 llarie
1108 3861 1266 3942 Aquensis
1283 3879 1322 3924 ac
1339 3861 1369 3924 in
1384 3859 1570 3944 Heginberg

237 3958 337 4025 Leod.
364 3959 448 4025 dioc.
480 3961 559 4027 ecel.
589 3963 797 4028 canonicatus
821 3970 854 4028 et
873 3963 1063 4049 prebendas,
1089 3968 1214 4031 obtines
1237 3966 1313 4032 olim
1336 3965 1569 4051 parrochialem

238 4067 409 4132 ecclesiam
432 4069 464 4131 in
482 4069 734 4153 Durrcmagbcm
752 4070 862 4137 Oolon.
889 4071 972 4137 dioc.
1062 4072 1211 4157 recepisti
1237 4080 1269 4137 et
1293 4073 1423 4138 tenuisti
1447 4073 1570 4138 fructus

236 4174 418 4258 percipiens
442 4194 483 4239 ex
506 4174 619 4241 eadem
643 4183 758 4242 necte
782 4179 898 4261 fecisti,
933 4187 1026 4264 prout
1051 4178 1202 4261 debebas,
1236 4179 1278 4244 ad
1307 4200 1416 4245 sacros
1439 4178 1569 4244 ordines

237 4282 434 4365 promoveri,
470 4289 502 4346 et
532 4282 617 4365 quod
646 4283 764 4350 deiude
793 4285 929 4351 ecclesia
960 4287 1030 4370 ipsa
1055 4285 1187 4354 dimissa
1209 4285 1444 4371 parrochialem
1469 4285 1570 4350 eccle-

237 4387 318 4452 siam
341 4387 375 4453 in
398 4386 596 4455 Overmorke
626 4389 712 4457 dicte
742 4391 825 4456 dioc.
856 4413 914 4478 per
939 4392 1099 4477 prefatum
1123 4393 1400 4480 archiepiscopum
1424 4392 1483 4457 tibi
1508 4391 1570 4456 col·

237 4494 336 4560 latam
360 4503 525 4562 assecutus
548 4496 638 4562 fuisti
661 4498 785 4564 fructus
809 4501 990 4585 percipiens
1011 4519 1052 4564 ex
1076 4499 1200 4584 eadem,
1224 4501 1309 4567 infra
1333 4509 1458 4586 tempus
1481 4501 1569 4583 iuris,

238 4607 272 4667 ut
288 4601 437 4686 debuisti,
461 4623 523 4669 nec
546 4606 642 4670 etiam
667 4612 738 4690 post
762 4605 805 4671 ad
821 4605 951 4672 ordines
974 4626 1037 4671 non
1061 4615 1234 4691 promotus,
1260 4607 1568 4692 dispensacione...

237 4729 301 4774 non
331 4711 472 4776 obtenta.
520 4711 626 4790 Quare
654 4711 739 4777 idem
768 4712 1029 4799 archiepiscopus
1057 4735 1212 4797 asserens,
1243 4716 1326 4799 quod
1353 4725 1384 4782 tu
1410 4716 1478 4782 eius
1501 4717 1570 4802 pbi-

237 4817 323 4886 sicus
347 4817 434 4882 etin
458 4826 527 4884 arte
559 4819 720 4886 medicine
752 4821 873 4907 peritus
902 4821 1015 4886 existis
1044 4821 1193 4904 quodque
1216 4823 1371 4906 obsequia
1396 4831 1451 4888 tua
1474 4825 1569 4889 saluti
