3642 5509
807 426 877 484 1330
895 427 958 484 Juli
977 425 1003 486 l.
1504 429 1557 486 343

331 606 502 691 [lohannes
537 608 648 694 XXII]
686 608 930 696 archiepiscopo
966 609 1147 676 Coloniensi
1182 616 1215 677 et
1249 612 1400 696 episcopo
1435 610 1555 696 Argen·

224 713 352 781 tinensi.

330 822 560 907 Significarunt
583 826 675 892 nobis
699 825 809 891 dilecti
833 826 890 891 tilii
917 875 950 891 ..
978 827 1173 894 camerarius
1200 876 1232 892 ..
1259 827 1438 893 soulthetus
1455 874 1487 892 ..
1510 827 1557 891 iu·

224 929 314 997 dices
342 981 349 996 .
379 980 387 996 .
418 930 565 998 consules
588 934 752 1016 ceterique
775 934 863 999 cives
887 940 919 999 et
944 934 1047 999 incole
1072 934 1214 1000 civitatis
1237 935 1435 1018 Maguntine,
1471 933 1557 1016 quod

224 1039 286 1125 ipsi
318 1038 528 1121 attendentis,
564 1039 650 1123 quod
684 1040 912 1107 monasterium
948 1041 981 1107 S.
1007 1041 1117 1106 Iacobi
1153 1040 1221 1107 ord.
1251 1041 1284 1106 S.
1310 1040 1430 1107 Bened.
1465 1049 1557 1106 extra

225 1145 346 1212 dictam
379 1146 545 1212 civitatem
577 1168 678 1233 prope
709 1154 818 1213 tamen
851 1169 921 1214 eam
952 1154 985 1213 et
1011 1168 1109 1233 supra
1137 1149 1291 1214 fossatum
1315 1150 1416 1235 ipsius
1438 1149 1472 1213 in
1495 1168 1557 1214 uno

224 1260 331 1320 monte
354 1253 507 1319 situatum
531 1253 574 1319 ad
598 1276 710 1322 manus
733 1254 932 1338 quorundam
957 1255 1094 1322 hostium
1118 1275 1175 1321 seu
1199 1254 1455 1323 adversariorum
1480 1257 1557 1323 civi·

223 1361 300 1427 tatis
333 1360 489 1445 eiusdem,
522 1363 575 1445 qui
608 1361 744 1428 eandem
778 1363 943 1428 civitatem
977 1362 1176 1428 conabantur
1199 1369 1231 1428 et
1260 1361 1367 1428 adhuc
1403 1369 1558 1428 conantur

223 1469 412 1553 impugnare
441 1475 475 1533 et
497 1468 651 1534 invadere
674 1468 843 1552 hostiliter,
868 1469 1077 1554 pervenisset,
1107 1468 1196 1535 dicta
1220 1468 1336 1536 civitas
1360 1469 1487 1536 omniuo
1511 1489 1557 1535 re-

223 1576 393 1642 mansisset
417 1576 558 1660 obsessa,
583 1597 654 1642 cum
678 1597 737 1662 per
753 1576 875 1642 dictum
897 1577 1125 1642 monasterium
1149 1576 1306 1661 patuisset
1329 1576 1491 1660 ingressus
1514 1576 1557 1641 ad

223 1703 294 1748 eam
318 1703 359 1748 ex
382 1686 488 1750 exitus
512 1684 553 1750 ab
577 1683 701 1766 eadem,
734 1684 969 1750 mandaverunt
998 1734 1004 1750 .
1034 1733 1041 1750 .
1071 1683 1181 1749 abbati
1215 1689 1247 1749 et
1280 1682 1447 1750 monachis
1476 1682 1555 1748 dicti

222 1791 407 1857 monasterii
520 1791 749 1858 adherentibus
772 1791 948 1857 venerabili
978 1791 1070 1856 fratri
1099 1796 1208 1857 nostro
1237 1838 1244 1853 .
1275 1838 1283 1854 .
1311 1790 1557 1876 archiepiscopo

223 1897 413 1963 Treverensi
447 1898 489 1964 ad
522 1899 793 1984 impugnationem
824 1904 857 1964 et
885 1899 1084 1964 invasionem
1108 1897 1251 1963 civitatis
1275 1896 1416 1963 eiusdem
1442 1917 1499 1982 per
1523 1916 1558 1963 ιε

223 2009 255 2070 ct
279 2005 359 2070 alios
382 2002 571 2089 intendenti,
601 2013 636 2071 ut
666 2005 865 2072 dimitterent
891 2005 1118 2071 monasterium
1143 2011 1352 2071 memoratum
1377 2003 1559 2070 custodien-

223 2110 299 2177 dum
331 2132 389 2196 per
422 2111 510 2179 eires
543 2113 685 2196 eosdem,
722 2115 836 2197 quihus
863 2114 983 2180 abbate
1007 2119 1039 2178 et
1063 2111 1229 2178 monacbis
1252 2109 1555 2178 recedentibus...

222 2219 264 2285 de
293 2221 486 2286 monasterio
515 2241 573 2305 pro
602 2220 744 2287 eiusdem
775 2221 916 2287 civitatis
945 2221 1118 2286 securitate
1149 2225 1181 2284 et
1205 2219 1306 2285 tutela
1331 2218 1491 2302 quoddam
1519 2219 1552 2283 in

223 2327 439 2411 expugnabile
473 2332 613 2394 castrum
645 2348 701 2393 seu
734 2328 940 2394 tortellicium
974 2333 1314 2394 construxerunt...
1356 2325 1552 2411 Igitur...

222 2433 417 2500 fraternitati
435 2441 540 2500 vestre
558 2484 565 2500 .
584 2483 591 2498 .
611 2485 617 2499 .
635 2435 834 2518 mandamus,
859 2437 1031 2518 quatinus.
1051 2484 1059 2500 .
1078 2485 1085 2500 .
1102 2435 1128 2501 si
1148 2485 1155 2500 .
1173 2485 1181 2500 .
1199 2483 1206 2498 .
1224 2433 1393 2520 repperitis
1409 2434 1456 2499 ita
1473 2452 1552 2516 esse,

223 2541 352 2608 eosdem
377 2543 587 2607 camerarium
610 2543 780 2608 scultetum
808 2591 868 2609 ...
896 2549 929 2608 et
958 2561 1113 2625 sequaces
1141 2562 1249 2607 eorum
1274 2541 1315 2607 ab
1339 2541 1553 2606 excommuni-

223 2650 358 2717 cationis
381 2650 542 2715 sententia
569 2699 577 2715 .
607 2699 615 2715 .
644 2699 652 2716 .
682 2651 890 2716 absolvatis.
920 2698 927 2712 .
958 2701 965 2717 .
1005 2650 1080 2716 Dal.
1105 2649 1200 2718 Avin.
1217 2649 1262 2715 kl.
1285 2647 1354 2714 iulii
1371 2668 1401 2713 a.
1423 2653 1552 2731 quarto·

222 2756 356 2823 decimo.

381 2865 454 2934 Περ.
474 2863 514 2918 96
531 2880 580 2918 ar.
599 2865 694 2930 3626,-
719 2865 772 2920 Rc.
792 2866 877 2921 1340.

326 3169 441 3238 1921.
472 3174 587 3256 (1330)
615 3175 692 3243 Jatt
713 3177 745 3240 4.
770 3175 996 3260 Luaecmburq.

329 3313 495 3383 Johanues
524 3312 577 3380 dei
607 3312 719 3398 gracia
749 3313 880 3379 Boemie
903 3318 937 3378 et
959 3311 1092 3378 Polonie
1116 3331 1173 3377 rex
1196 3330 1236 3376 ac
1259 3309 1554 3394 Lucemburgcnsia

222 3441 329 3489 comes
361 3422 532 3508 spectabili
564 3421 633 3487 uiro
667 3421 767 3485 Azoni
801 3420 842 3486 dc
866 3419 1129 3500 vicecomitibus,
1164 3418 1305 3484 civitatis
1328 3423 1362 3484 et
1389 3415 1554 3482 districtus

221 3528 469 3595 Mediolanensis
492 3530 577 3596 sacri
600 3527 725 3613 imperii
741 3528 863 3593 vicario
887 3527 1040 3611 generali,
1065 3525 1168 3592 amico
1192 3531 1300 3592 uostm
1325 3524 1500 3608 carissimo,
1521 3529 1554 3588 et

222 3635 413 3703 salutemet
437 3635 642 3702 dilectionem
658 3637 693 3717 ll)
717 3634 898 3701 affeetum1.

329 3742 434 3828 Super
456 3763 504 3826 eo,
539 3742 624 3826 quod
652 3761 711 3808 nos
739 3742 911 3826 legationis
934 3742 1052 3808 robist
1081 3761 1122 3807 ex
1145 3746 1238 3826 parte
1261 3746 1371 3807 nostra
1392 3760 1451 3826 per
1474 3746 1553 3808 stre-

222 3870 318 3915 nuum
342 3851 445 3915 virum
469 3850 642 3935 Symonem
665 3848 707 3914 de
731 3849 856 3915 Vienna
887 3849 1022 3914 militem
1055 3855 1087 3914 et
1120 3848 1153 3913 in
1186 3847 1248 3914 hae
1281 3853 1374 3932 parte
1403 3849 1553 3914 nuncium

222 3963 364 4023 nostrum
387 3957 446 4022 sub
471 3958 640 4023 commissa
668 3957 728 4022 sibi
758 3956 928 4022 eredencia
952 3963 985 4022 et
1008 3955 1142 4042 provide
1167 3961 1199 4020 et
1222 3954 1385 4040 sapienter
1408 3957 1554 4041 exposite

222 4069 309 4129 mota
343 4084 402 4149 per
435 4064 560 4129 litteras
594 4071 730 4139 nostras,
767 4083 828 4148 que
863 4062 969 4128 eidem
1003 4063 1095 4128 militi
1129 4062 1161 4127 iu
1191 4062 1337 4129 dicendis
1370 4082 1427 4150 pro
1460 4069 1552 4149 parte

222 4175 331 4237 nostra
363 4169 459 4237 tidem
492 4177 525 4237 et
553 4170 673 4237 relatus
697 4171 845 4237 credulos
868 4171 1088 4252 conferebant,
1122 4190 1180 4236 nos
1203 4171 1336 4238 nuncios
1361 4177 1486 4237 nostros
1510 4169 1552 4237 ad

222 4297 280 4344 ros
302 4278 336 4342 in
351 4277 497 4362 proximo
521 4279 672 4344 missuros
689 4279 779 4345 vohis
802 4298 903 4365 nuper
927 4277 1073 4345 duximus
1097 4277 1322 4363 pollicendum,
1347 4277 1553 4344 dilectionem

223 4388 363 4450 vestram
386 4404 449 4449 non
472 4382 583 4461 lateat,
608 4384 693 4468 quod
716 4385 921 4451 obstantibus
944 4385 1081 4470 plurium
1106 4383 1301 4450 diversorum
1318 4384 1552 4468 negociorumb

222 4490 307 4557 curis
341 4490 403 4556 hoc
436 4491 593 4558 hactenus
627 4491 793 4559 commode
829 4491 1029 4574 nequivimus
1061 4489 1247 4577 adimplere.
1295 4493 1389 4561 Nunc
1412 4513 1489 4559 vero
1512 4492 1552 4560 de

329 4695 359 4762 a)
378 4695 466 4750 nobis
485 4708 547 4763 rep.
719 4693 750 4762 b)
771 4694 958 4747 diversorum
980 4693 1169 4748 diversorum
1189 4693 1326 4764 negociis
1344 4691 1378 4748 in
1390 4709 1453 4766 req.

330 4819 357 4888 1)
376 4819 492 4874 Harum
511 4819 679 4875 litterarum
699 4825 801 4876 textus
821 4827 866 4875 cst
886 4819 976 4876 valde
995 4825 1164 4891 corruptus.
