3642 5509
286 427 321 481 60
830 429 898 483 1327
917 427 1040 497 August
1057 429 1083 484 5.

285 607 428 674 officium
451 607 482 672 in
507 607 679 672 Bilrcbckc
709 657 768 673 ...
797 609 956 673 obtineret
980 615 1012 673 et
1035 607 1077 673 de
1100 607 1256 693 predictis
1279 611 1470 676 canonicatu
1494 616 1526 677 et
1549 632 1619 696 pre·

284 715 390 781 banda
407 736 446 780 ac
463 714 623 780 decanatu
640 715 776 781 ecclesie
794 715 1074 781 Halbcrstadensis
1091 765 1098 780 .
1117 765 1124 781 .
1143 766 1150 781 .
1168 716 1418 801 providissemus
1435 768 1464 783 ..
1484 718 1617 799 .eidem‚

284 843 415 906 quorum
534 823 766 907 possessionem
800 823 1013 907 corporalem,
1047 822 1186 888 nondum
1220 823 1337 906 fuerat,
1371 833 1406 889 ut
1439 824 1617 906 dicebatur,

284 930 421 1015 adeptus
449 949 508 995 nec
532 929 653 1012 aliquid
678 936 866 1014 perceperat
894 950 935 995 ex
960 929 1091 995 eisdem.
1138 931 1186 995 Ac
1210 932 1377 1012 voluimus,
1402 931 1486 1014 quod
1511 930 1619 997 dictus

286 1037 452 1119 Henricus,
486 1043 655 1122 postquam
689 1037 848 1121 prefatam
883 1038 1116 1121 preposituram
1145 1039 1258 1104 fuisset
1281 1039 1416 1123 pacifice
1439 1047 1617 1119 assecutus,

284 1145 355 1222 iuri,
381 1143 466 1226 quod
490 1146 521 1209 in
547 1143 634 1209 dicto
659 1143 817 1210 decanatu
835 1192 841 1206 .
857 1191 863 1205 .
880 1193 887 1207 .
904 1143 966 1208 sibi
988 1145 1202 1230 competebat,
1227 1146 1430 1210 renunciaret
1446 1164 1503 1211 seu
1519 1145 1618 1224 illum,

286 1251 314 1316 si
338 1258 415 1317 tunc
437 1253 540 1336 ipsum
565 1251 678 1317 fuisset
701 1250 836 1336 pacifice
860 1257 1025 1317 assecutus
1048 1271 1173 1317 necnon
1194 1253 1220 1317 si
1236 1252 1469 1337 preposituram
1494 1252 1619 1338 predic·

284 1367 360 1440 tam,
373 1359 556 1444 priusquam
574 1358 764 1423 decanatum
783 1359 886 1443 ipsum
903 1359 1037 1443 pacifice
1053 1366 1286 1441 assequeretur,
1299 1359 1459 1443 prefatum
1476 1359 1618 1426 officium

286 1515 337 1534 ...
356 1466 518 1531 dimittere
542 1471 727 1531 teneretur.
747 1515 753 1530 .
773 1515 779 1530 .
798 1466 915 1530 Verum
939 1485 1020 1547 cum,
1045 1466 1129 1530 sieut
1152 1464 1294 1531 eiusdem
1308 1466 1437 1531 Henrici
1455 1467 1547 1531 nobis
1563 1467 1618 1531 ob·

285 1572 351 1638 lata
375 1573 488 1657 petitio
512 1573 707 1653 continebat,
731 1573 801 1658 ipse
818 1572 958 1638 officinm
983 1571 1185 1656 postmodum
1209 1571 1343 1637 evicerit
1359 1592 1399 1637 ac
1414 1571 1494 1637 illud
1517 1573 1618 1657 possi-

285 1677 361 1744 deat
380 1686 478 1745 ...et
503 1679 639 1744 nondum
666 1679 821 1745 dictorum
846 1678 1022 1744 decanatus
1049 1687 1082 1744 et
1104 1679 1305 1764 prepositure
1327 1678 1427 1744 fuerit
1450 1679 1617 1765 pacificam

285 1788 516 1870 possessiouem
540 1786 677 1871 adeptus
700 1786 884 1868 dictumque
908 1786 1051 1852 officium
1074 1807 1133 1871 per
1156 1786 1333 1853 decanatus
1349 1787 1400 1852 vel
1416 1787 1618 1872 prepositure

287 1942 293 1958 .
312 1943 319 1958 .
338 1893 624 1978 ‚adbipiscendam
640 1895 873 1979 possessionem
888 1895 921 1959 in
937 1896 1083 1979 proximo
1099 1913 1216 1960 vacare
1232 1901 1377 1979 speretur
1392 1893 1561 1975 nullusque
1577 1892 1618 1958 de

285 2000 393 2065 officio
417 2001 487 2085 ipso
512 2051 570 2069 ...
596 2009 704 2086 preter
728 2022 785 2068 nos
813 2022 853 2067 ea
875 2004 947 2066 vice
971 2001 1141 2086 disponere
1164 2002 1274 2086 possit,
1303 2021 1361 2086 pro
1384 2021 1422 2065 eo
1451 1999 1536 2084 quod
1559 2020 1618 2066 uos

285 2106 404 2172 dudum
429 2127 538 2173 omnes
566 2108 742 2192 dignitates
772 2113 961 2193 personatus
990 2107 1100 2174 officia
1128 2115 1299 2190 ceteraque
1329 2106 1485 2174 beneficia
1517 2108 1617 2178 cccle-

285 2215 416 2280 siastica
437 2235 706 2298 quorumcumque
728 2235 785 2300 per
802 2217 1034 2281 assecutionem
1052 2216 1186 2280 aliorum
1202 2215 1395 2297 dignitatum
1413 2222 1616 2301 personatum

287 2321 464 2388 officiorum
481 2329 514 2388 et
534 2323 665 2388 aliorum
685 2323 909 2389 beneficiorum
933 2323 1223 2388 ecclesiasticorum
1244 2342 1302 2407 per
1321 2342 1379 2388 nos
1402 2342 1458 2388 seu
1481 2323 1618 2388 auctori·

285 2437 352 2495 tate
368 2437 477 2495 nostra
501 2430 547 2495 eis
572 2431 757 2495 collatorum
775 2437 809 2495 et
825 2429 1088 2496 conferendorum
1110 2478 1169 2496 ...
1192 2429 1394 2515 dispositioni
1417 2436 1524 2495 nostre
1547 2447 1617 2513 spe·

284 2537 411 2602 cialiter
433 2542 632 2602 reservantes
656 2538 856 2603 decrevimus
873 2557 913 2602 er
930 2546 1006 2602 tune
1030 2537 1151 2601 irritum
1176 2543 1208 2601 et
1224 2538 1329 2619 inane,
1354 2537 1381 2603 si
1405 2557 1498 2602 secus
1520 2554 1617 2622 super

285 2645 347 2710 biis
379 2665 436 2729 per
469 2663 684 2727 quoscumque
714 2693 720 2708 .
751 2693 759 2708 .
785 2693 792 2708 .
822 2644 994 2727 contigerit
1022 2644 1222 2729 attemptari,
1255 2664 1314 2709 nos
1432 2642 1618 2710 discretioni

284 2757 415 2816 vestre.
436 2801 442 2815 .
462 2801 468 2814 .
487 2751 684 2832 mandamus,
720 2752 869 2834 quatinus
886 2801 893 2814 .
912 2799 919 2815 .
939 2805 946 2819 .
964 2751 1123 2836 prefatum
1147 2750 1298 2833 officinm,
1327 2751 1424 2816 etiam
1452 2752 1479 2816 si
1508 2770 1617 2817 curam

284 2857 404 2923 habeat
428 2859 616 2939 animarum,
640 2879 711 2924 cum
735 2857 839 2922 illud.
859 2879 1027 2924 ..vacare
1051 2857 1235 2942 contigerit,
1263 2907 1322 2922 ...
1348 2856 1454 2923 eidem
1476 2856 1617 2922 ilenrico

284 2966 477 3030 auctoritate
501 2971 610 3030 nostra
634 2964 864 3031 commendetis
888 2967 930 3031 ab
954 2965 1067 3031 eodem
1091 2964 1240 3046 Henrico,
1270 2964 1376 3048 quoad
1400 2964 1528 3045 vixerit,
1553 2984 1617 3030 una

285 3092 355 3137 cnm
385 3071 545 3138 decanatu
573 3121 580 3137 .
599 3121 606 3136 .
625 3121 632 3137 .
658 3073 710 3137 vel
739 3091 802 3136 una
831 3093 902 3138 cum
928 3073 1152 3158 prepositura.
1171 3120 1178 3136 .
1197 3120 1204 3136 .
1229 3070 1457 3156 possidendum
1476 3121 1484 3137 .
1502 3119 1510 3136 .
1528 3119 1535 3135 .
1552 3090 1617 3136 nou

285 3180 486 3247 obstantibus
514 3230 521 3245 .
551 3229 558 3244 .
589 3228 595 3243 .
636 3179 721 3262 quod
754 3179 840 3244 idem
866 3179 1022 3244 Henricns
1051 3180 1084 3243 in
1108 3178 1196 3244 dicta
1220 3178 1357 3244 ecclesia
1380 3179 1413 3243 S.
1440 3178 1540 3243 llarie
1564 3197 1617 3243 ca-

285 3288 468 3352 nonicatum
493 3296 525 3353 et
555 3286 751 3372 prebendam
780 3286 903 3351 obtinet
927 3291 960 3350 et
983 3285 1044 3349 sibi
1068 3284 1109 3350 de
1133 3284 1302 3350 Werdensi
1326 3283 1526 3351 coloniensis
1549 3283 1616 3349 dio·

285 3395 391 3462 cesis.
412 3394 609 3460 ..duximus
633 3393 865 3479 providendum
889 3398 946 3458 aut
969 3391 1053 3475 quod
1082 3391 1114 3455 in
1140 3391 1383 3458 Monasterieusi
1407 3391 1554 3478 predicta
1577 3413 1617 3457 ac

286 3500 446 3567 Buunensi
465 3550 472 3565 .
491 3550 522 3565 ..
550 3503 697 3568 ecclesiis
720 3503 778 3566 sub
803 3501 1026 3585 expectatione
1051 3499 1285 3585 prebendarum
1312 3549 1345 3564 ..
1371 3501 1403 3564 in
1428 3500 1617 3565 canonicum

285 3613 334 3673 est
357 3614 514 3692 receptus,
539 3628 634 3692 super
657 3628 719 3690 qua
740 3605 905 3693 prebenda
929 3607 1064 3673 ecclesie
1076 3606 1336 3674 Monasteriensis
1359 3607 1392 3671 in
1416 3605 1505 3672 dicta
1528 3604 1618 3671 curia

285 3715 424 3780 noscitur
454 3715 593 3798 litigare,
629 3715 758 3799 proviso
782 3712 867 3797 quod
901 3712 1077 3779 decanatus
1109 3734 1165 3779 seu
1193 3715 1395 3799 prepositura
1419 3720 1452 3779 et
1475 3711 1617 3779 officium

285 3821 465 3888 huiusmodi
494 3843 533 3886 ac
561 3822 625 3886 alia
657 3820 811 3886 benefida
840 3819 1027 3906 supradicta
1051 3819 1169 3886 debitis
1193 3820 1319 3886 interim
1342 3841 1404 3886 non
1428 3819 1618 3886 fraudentur

284 3928 435 4012 obsequis
460 3935 492 3995 et
516 3928 692 3994 animarum
722 3948 808 4010 cura,
833 3929 859 3994 si
884 3947 949 4011 qua
972 3927 1059 3994 dicto
1083 3927 1190 3994 officio
1213 3927 1367 4011 imminet,
1400 3930 1433 3992 in
1457 3947 1495 3993 eo
1518 3926 1616 3991 nulla·

285 4042 377 4104 tenus
401 4037 663 4130 negligatur...
696 4036 771 4100 Dat.
789 4036 881 4101 Avin.
900 4056 1002 4102 nouas
1025 4037 1152 4119 augusti
1177 4057 1207 4100 a.
1232 4033 1411 4101 undecimo.

433 4162 505 4230 Καρ.
525 4163 563 4215 84
580 4160 604 4230 f.
624 4161 690 4214 368⁴
709 4175 756 4214 nr.
777 4160 863 4216 2946.

391 4340 513 4409 1247.
549 4342 635 4407 1327
659 4340 791 4426 August
814 4342 846 4405 5.
886 4339 1051 4426 Aoipnon.

392 4483 551 4550 lohannes
567 4483 667 4549 XXII
691 4480 842 4549 Gemodo
863 4482 955 4548 dicto
979 4482 1106 4549 Gruwel
1131 4483 1256 4548 confert
1279 4483 1358 4548 eccl.
1375 4479 1561 4547 Monasterii
1584 4480 1617 4544 in

284 4589 446 4656 Meinveld
470 4591 601 4656 Trever.
631 4589 714 4656 dioc.
745 4591 980 4669 canonicatum,
1009 4588 1205 4675 prebendam
1229 4609 1306 4655 vero
1334 4588 1439 4655 eidem
1462 4593 1617 4671 reservat,

284 4718 347 4764 non
380 4698 528 4764 obstante
562 4697 648 4781 quod
681 4697 905 4783 capellaniam,
941 4698 991 4765 cni
1022 4717 1098 4763 cura
1121 4717 1182 4762 non
1207 4697 1351 4763 imminet
1374 4697 1561 4777 animarum,
1584 4695 1616 4760 iu

286 4805 405 4873 Dribur
429 4805 572 4890 Magum.
596 4804 681 4871 dioc.
706 4805 839 4871 obtinet.
