3642 5509
274 479 328 536 232
835 477 903 532 1329
923 477 1005 533 Mdrz
1024 476 1048 532 7.

275 662 395 746 placito
428 658 609 725 huiusmodi
638 665 693 724 aut
722 679 779 744 per
802 679 927 726 cessum
951 657 1002 723 vel
1026 657 1192 723 decessum
1218 662 1305 722 tuum
1330 655 1458 740 prefata
1481 653 1608 720 decima

274 790 337 835 non
361 768 561 853 intelligatur
584 787 711 849 vacare,
745 766 803 833 sed
827 767 869 833 ad
893 767 1015 832 dietam
1038 786 1182 830 mensam
1205 765 1305 831 libere
1329 771 1509 830 revertatur
1533 815 1540 828 .
1566 811 1573 826 .
1600 813 1607 829 .

276 878 351 941 Dat.
376 875 472 941 Avin.
497 876 529 940 II
553 895 617 940 nen
641 874 747 940 martii
772 896 801 939 a.
826 874 1058 940 tertiodecimo.

382 983 419 1046 In
444 1001 473 1046 e.
495 1003 536 1048 m.
571 981 695 1047 decano
730 989 762 1047 et
794 980 994 1046 thesaurario
1019 980 1214 1045 xanctensis
1237 979 1348 1046 Colon,
1372 979 1458 1069 dioc.
1482 999 1522 1045 ae
1545 1001 1609 1044 ma-

275 1091 377 1176 gistro
400 1089 520 1155 Iacobo
545 1087 585 1153 de
608 1086 733 1152 Mutina
757 1088 927 1154 scolastico
952 1087 1112 1153 Tullensis
1136 1087 1216 1153 ecel.
1241 1087 1409 1172 capellano
1433 1086 1554 1172 papali.

439 1213 511 1282 ch.
531 1211 610 1282 92f.
631 1213 684 1267 177
701 1226 749 1266 ur.
769 1212 852 1266 3282.

382 1445 500 1511 1681.
534 1447 620 1510 1329
646 1445 744 1509 Mdra
771 1447 800 1510 7.
837 1444 1003 1531 Avipaoo.

383 1584 541 1651 lohannes
580 1584 678 1649 XXII
724 1583 968 1668 archiepiscopo
1008 1581 1191 1649 Coloniensi
1227 1582 1360 1664 eiusque
1397 1583 1610 1665 suffraganeis

275 1691 418 1775 mandat,
442 1692 593 1774 quatinus
616 1691 806 1756 Michaelem
831 1689 872 1754 de
896 1690 1023 1756 Oeueua
1046 1690 1121 1754 olim
1146 1689 1266 1755 ordinis
1291 1691 1425 1754 fratrum
1449 1689 1609 1754 Minorum

275 1801 452 1865 ministrum
485 1798 678 1884 generalem,
713 1799 976 1881 Bonamgratiam
1009 1796 1051 1862 de
1074 1796 1186 1862 ordine
1212 1796 1358 1882 predicto
1383 1804 1416 1862 et
1440 1795 1610 1879 quemdam

275 1906 446 1991 Anglieum
471 1913 618 1972 uocatum
643 1905 845 1971 Guillelmuur
869 1904 975 1971 Okam
999 1903 1121 1972 ordinis
1144 1904 1305 1991 prelibati,
1340 1904 1394 1987 qui
1418 1904 1555 1969 latenter
1578 1911 1611 1968 et

275 2013 394 2079 furtive
427 2012 468 2078 de
501 2013 590 2079 curia
613 2013 760 2079 Romana
792 2012 999 2095 aufugerunt,
1032 2013 1223 2096 ubicumque
1252 2010 1371 2097 reperti
1396 2010 1525 2092 luerint,
1559 2030 1610 2074 ea-

275 2121 366 2205 piant
398 2121 549 2205 ipsosque
583 2121 739 2186 carcerali
772 2120 956 2204 mancipent
981 2119 1127 2186 custodie
1151 2140 1191 2184 ae
1215 2118 1256 2185 de
1278 2120 1357 2203 ipsis
1381 2117 1535 2183 exhibere
1559 2137 1611 2182 eu·

275 2233 346 2292 rent
380 2229 471 2292 iuxta
505 2228 688 2292 sanctiones
723 2227 894 2293 canonicas
930 2228 1056 2292 iusticie
1080 2227 1357 2312 complementum,
1392 2226 1544 2291 invocato
1568 2222 1610 2290 ad

275 2333 347 2417 hoe,
372 2333 400 2401 si
424 2352 503 2419 opus
527 2333 632 2416 fuerit,
658 2334 777 2398 auxilie
801 2332 925 2398 brachii
949 2333 1112 2399 secularis.

385 2440 478 2506 Sient
501 2446 640 2506 vestram
665 2439 824 2506 eredimus
850 2490 857 2504 .
883 2489 890 2504 .
920 2489 927 2504 .
974 2441 1050 2504 Dat,
1076 2441 1169 2506 Avia.
1195 2460 1297 2505 nonas
1319 2441 1426 2505 martii
1450 2461 1480 2504 a.
1505 2440 1611 2504 tertio

276 2547 413 2614 decimo.

383 2656 422 2720 In
439 2674 468 2720 e.
482 2675 523 2718 m.
540 2654 728 2738 Maguntino

385 2763 422 2827 In
439 2781 467 2828 e.
480 2783 522 2826 m.
540 2761 732 2827 Treverensi

384 2871 421 2934 In
438 2888 465 2934 e.
480 2890 521 2933 m.
540 2867 810 2952 Magdeburgensi
861 2868 1116 2954 archiepiscopis
1139 2877 1172 2934 et
1195 2869 1418 2952 suffraganeis.

383 2977 420 3040 In
436 2996 465 3041 e.
479 2997 520 3040 m.
539 2975 703 3040 Bremensi

383 3085 420 3148 In
439 3103 466 3148 e.
480 3103 520 3151 m.
539 3081 767 3166 salzburgensi

437 3207 509 3276 Ray.
531 3209 584 3260 115
599 3221 650 3276 pe.
670 3206 690 3259 I
701 3206 726 3276 f.
746 3207 794 3260 861
812 3222 860 3260 nr.
880 3206 952 3271 49&
983 3208 1035 3261 Ba.
1057 3208 1139 3261 1143.

378 3478 500 3544 1682.
532 3481 594 3545 Um
618 3481 705 3544 1329
729 3480 828 3544 Mora
852 3480 921 3558 (72)
947 3478 1139 3563 (Acipnoo).

384 3620 544 3687 Iohannes
568 3621 669 3686 XXII
694 3621 832 3687 Gerlaco
856 3626 890 3686 et
913 3621 1053 3686 Henrico
1077 3620 1247 3688 comitibus
1271 3620 1312 3686 de
1334 3622 1492 3689 Nassawe
1515 3622 1611 3706 pluri·

277 3727 400 3810 busque
416 3727 498 3793 alias
521 3727 681 3794 nobilibus
705 3727 846 3793 destinat
870 3727 1004 3810 litteras,
1028 3729 1144 3811 quibus
1160 3749 1215 3794 eos
1238 3736 1332 3813 rogat
1356 3735 1388 3793 et
1412 3727 1610 3810 exhortatur,

277 3833 435 3915 quatinus,
472 3834 499 3898 si
524 3833 664 3899 Michael
697 3833 738 3898 de
772 3834 897 3900 Oesena
930 3855 970 3900 ac
999 3835 1195 3919 Bonagratia
1228 3843 1261 3900 et
1293 3835 1482 3901 Guillelmus
1505 3835 1611 3900 Okam

277 3946 380 4006 terras
410 3959 518 4005 eorum
549 3939 665 4005 ditioni
699 3941 860 4007 subiectas
884 3943 1099 4024 transiverint,
1134 3941 1264 4008 eosdem
1289 3944 1419 4027 capiant
1440 3942 1503 4028 ipsi
1527 3961 1612 4026 pape

277 4055 309 4113 et
342 4047 412 4114 sedi
447 4048 625 4134 apostolice
658 4049 702 4112 ad
735 4068 894 4133 expensas
928 4069 1056 4115 camere
1085 4051 1264 4135 apostolice
1291 4051 1351 4116 snb
1375 4048 1440 4115 lida
1464 4048 1611 4115 custodia

275 4154 551 4222 transmittendas.

382 4261 464 4327 Eam
488 4261 530 4327 de
554 4269 610 4328 tua
634 4263 679 4327 lili
707 4313 712 4327 .
741 4313 781 4328 ..
830 4264 906 4328 Dat.

425 4385 498 4456 Rep.
519 4389 571 4440 115
589 4399 635 4454 pa.
656 4387 672 4440 1
689 4386 713 4456 f.
734 4387 780 4441 97¹
799 4403 847 4441 nr.
867 4391 940 4453 555,·
967 4389 1018 4443 Ra.
1038 4391 1117 4444 1106.

384 4601 509 4666 1683.
535 4603 622 4666 1329
645 4603 744 4668 Mdrz
770 4606 800 4668 7.
825 4601 993 4690 Aoipaoo.

382 4743 553 4828 [lohannes
577 4743 688 4828 XXII]
734 4745 885 4830 episeopo
911 4746 1094 4813 Leodiensi.

383 4851 501 4918 Petilio
534 4851 645 4919 dilecti
675 4851 733 4917 lilii
766 4853 881 4919 nobilis
915 4855 973 4919 viri
1008 4855 1143 4941 Reperti
1177 4857 1301 4923 comitis
1334 4855 1376 4922 de
1411 4858 1614 4942 Virnenbnrg
