3642 5509
270 514 324 568 434
809 514 878 570 1332
896 512 1033 570 Februar
1052 511 1078 568 4.

270 683 460 761 electionem
486 698 687 761 consueverit
711 697 782 778 quis
806 697 933 776 assumi,
959 694 1131 760 dummodo
1153 693 1339 778 principalis
1355 712 1410 758 seu
1427 683 1606 776 principale

271 802 304 867 in
329 803 442 868 eadem
468 824 531 869 non
556 805 686 885 existat,
717 806 807 868 cuius
830 804 954 869 fructus
978 801 1193 886 qnadraginta
1217 801 1368 866 librarum
1392 800 1607 865 turonensium

271 930 441 995 parvorum
467 930 492 975 s.
511 919 533 975 t.
551 910 582 974 d.
601 910 741 975 valorem
767 931 906 975 annuum
930 931 993 974 non
1018 909 1188 991 excedant,
1214 929 1275 973 non
1300 908 1448 973 obstante
1472 906 1557 988 quod
1574 905 1607 969 in

271 1016 385 1081 eadem
409 1038 448 1082 ac
472 1019 505 1082 in
530 1019 566 1082 B.
592 1018 720 1082 Martini
745 1019 778 1081 in
804 1017 952 1102 Carpcna
986 1017 1194 1082 canonicatus
1227 1027 1259 1080 ct
1292 1013 1474 1100 prebendas
1507 1035 1545 1078 ac
1575 1013 1606 1077 in

271 1122 312 1188 de
336 1125 445 1189 Duren
470 1125 580 1190 Colon.
605 1124 689 1189 dioc.
724 1125 804 1189 eccl.
840 1129 1027 1208 perpetuam
1063 1122 1218 1188 vicariam
1251 1122 1383 1187 obtinet.
1435 1121 1471 1186 Si
1500 1128 1605 1186 autem

270 1249 328 1317 per
351 1233 489 1314 priorem
514 1232 727 1317 provisionem
751 1232 944 1315 dignitatem
969 1231 1020 1296 vel
1051 1238 1255 1315 personatum
1280 1249 1335 1294 seu
1360 1229 1498 1294 officium
1522 1248 1606 1293 asse·

271 1345 363 1404 cutus
386 1337 492 1422 suerit,
516 1347 683 1424 presentes
707 1340 815 1404 littere
838 1341 901 1404 sint
924 1359 1016 1405 casse
1040 1347 1072 1403 et
1096 1338 1186 1404 irrite
1210 1336 1316 1420 quoad
1341 1337 1530 1422 dignitatem
1556 1334 1606 1401 vel

270 1453 474 1532 personatum
499 1467 555 1512 seu
579 1447 727 1511 officium.

378 1552 573 1619 Laudabilia
602 1560 656 1619 tue
686 1555 801 1619 merita
829 1603 836 1618 .
867 1604 874 1618 .
905 1604 912 1618 .
973 1555 1047 1620 Dat.
1072 1554 1168 1619 Avin.
1193 1554 1241 1617 Ill
1270 1571 1371 1619 nonas
1400 1551 1553 1617 februarii
1577 1571 1606 1615 a.

270 1660 502 1728 sextodecimo.

378 1769 415 1834 In
440 1790 536 1835 e..m.
574 1769 699 1835 decano
722 1771 756 1836 S.
782 1771 914 1853 Georgii
945 1769 1054 1835 Colon.
1090 1775 1122 1833 et
1154 1768 1316 1834 Tullensis
1349 1788 1388 1832 ao
1422 1765 1607 1832 Monosterii

271 1876 377 1962 Eyllie
400 1876 509 1942 Colon.
535 1876 619 1943 dioc.
643 1877 823 1942 scolasticis
846 1877 1065 1942 ecclesiarum.

432 1997 506 2066 Rep.
526 1997 582 2052 102
598 2013 645 2050 rar.
665 1997 748 2049 1674.

377 2277 506 2347 2098.
533 2282 619 2343 1332
644 2281 797 2345 Februar
820 2283 851 2343 4.
875 2279 1040 2366 Aoipaoa.

379 2421 539 2488 Iohannes
556 2422 654 2487 XXll
678 2422 851 2507 Radulpbo
876 2422 917 2486 dc
942 2422 1035 2508 Rupe
1060 2422 1214 2487 canonico
1236 2421 1433 2486 Zamoriensi
1458 2419 1607 2485 concedit

272 2531 458 2596 facultatem
489 2527 666 2613 recipiendi
696 2531 797 2615 ipsius
826 2549 910 2614 pape
941 2537 974 2594 et
998 2529 1133 2594 ecclesie
1158 2528 1301 2594 Romane
1325 2529 1453 2592 nomine
1477 2549 1496 2593 a
1521 2527 1606 2592 Wal-

273 2659 361 2703 ramo
385 2637 489 2702 electo
514 2637 697 2704 Coloniensi
721 2635 887 2702 fidelitatis
911 2638 1121 2702 iuramentum
1146 2636 1239 2700 buius
1263 2635 1396 2700 tenoris:

377 2745 448 2828 Ego
474 2744 653 2810 Walramus
681 2744 732 2809 dei
765 2751 797 2808 et
820 2745 998 2828 apostolice
1022 2743 1108 2809 sedis
1132 2745 1239 2828 gratia
1263 2744 1384 2809 electus
1409 2742 1607 2808 Coloniensis

272 2852 425 2937 promitto
458 2859 490 2915 et
523 2852 603 2932 iuro,
640 2849 736 2934 quod,
773 2850 926 2933 quamdiu
959 2853 1082 2933 vixero,
1117 2850 1221 2916 fidelis
1255 2869 1308 2915 ero
1342 2849 1545 2916 sanctissimo
1576 2851 1608 2912 in

274 2958 403 3025 Christo
426 2959 510 3042 patri
536 2966 568 3022 ct
591 2957 721 3023 domino
745 2978 815 3022 meo
840 2957 969 3022 domino
994 2958 1020 3022 I.
1046 2956 1157 3022 divina
1180 2957 1384 3041 providentia
1408 2977 1493 3042 pape
1509 2956 1608 3020 XXII

274 3074 306 3132 et
330 3067 363 3132 S.
389 3066 535 3131 Romane
566 3066 703 3130 ecclesie
732 3086 771 3130 ao
800 3066 1040 3130 successoribus
1068 3065 1133 3130 suis
1167 3066 1320 3130 canonice
1354 3065 1546 3129 intrantibus
1570 3082 1609 3127 ac

274 3172 426 3239 honorem
450 3181 483 3238 ct
507 3179 625 3239 statum
649 3173 800 3257 ipsorum,
836 3179 989 3254 quantum
1018 3173 1050 3236 in
1079 3193 1129 3237 rne
1154 3171 1258 3252 suerit,
1293 3171 1491 3238 conservabo
1515 3169 1607 3256 ipsis·

274 3301 336 3364 que
359 3279 522 3345 adberebo
546 3287 580 3344 et
594 3300 652 3365 pro
669 3299 764 3364 posse
780 3279 908 3344 favebo.
943 3278 1087 3363 Legatos
1111 3287 1143 3344 et
1167 3280 1299 3344 nuncios
1322 3278 1408 3344 sedis
1432 3277 1608 3362 apostolice

274 3389 455 3472 benigniter
478 3389 511 3452 in
536 3390 629 3452 terris
658 3388 795 3453 ecclesie
824 3387 921 3452 michi
951 3388 1118 3451 commisse
1141 3387 1312 3470 suscipiam
1337 3385 1473 3469 dirigam
1499 3391 1531 3450 et
1555 3383 1608 3448 de-

273 3495 403 3561 fendam
427 3514 638 3577 securumque
662 3493 813 3558 ducatum
838 3495 990 3578 prestabo
1016 3492 1136 3559 eisdem
1160 3513 1230 3575 nec,
1265 3495 1297 3557 in
1326 3499 1477 3575 quantum
1502 3494 1534 3556 in
1558 3511 1608 3556 me

273 3604 381 3685 fuerit,
414 3603 596 3687 permittam
625 3602 714 3665 cisa
745 3621 903 3682 quoquam
934 3601 1083 3666 iniuriam
1115 3599 1183 3666 lieri
1207 3599 1260 3665 vel
1288 3600 1399 3664 inferri
1424 3606 1458 3666 et
1481 3600 1607 3683 quibus·

274 3729 418 3792 cumque,
444 3710 498 3790 qui
522 3713 635 3773 contra
658 3707 813 3791 premissa
836 3708 886 3772 vel
913 3727 1021 3772 corum
1046 3707 1177 3790 aliquod
1203 3716 1393 3772 conarentur
1417 3705 1539 3789 aliquid
1563 3713 1609 3770 at·

275 3823 446 3901 temptare,
488 3822 641 3898 quantum
681 3814 816 3880 comode
851 3823 980 3900 potere,
1020 3835 1071 3880 me
1107 3836 1277 3899 opponam.
1336 3814 1537 3882 Offensiones
1577 3820 1608 3878 et

274 3923 415 4008 dampna
447 3921 585 4006 predicti
618 3920 737 3987 domini
770 3925 869 3987 nostri
898 3932 931 3986 et
959 3922 1095 3988 ecclesie
1120 3922 1274 4005 Romane,
1309 3929 1461 4004 quantum
1485 3929 1607 4007 potero,

275 4031 404 4098 evitabo
428 4049 489 4095 nec
518 4049 571 4094 ero
601 4031 634 4093 in
663 4029 797 4097 consilio
822 4029 873 4094 vel
904 4036 1055 4110 tractatu,
1089 4031 1121 4093 in
1155 4031 1269 4113 quibus
1293 4037 1405 4095 contra
1429 4031 1531 4114 ipsum
1556 4027 1607 4094 vel

275 4137 410 4204 eandem
435 4137 611 4201 Romanam
646 4137 817 4202 ecclesiam
850 4137 960 4219 aliqua
993 4137 1122 4203 sinistra
1145 4137 1195 4202 vel
1229 4136 1457 4221 preindiciaria
1489 4135 1609 4202 machi-

274 4253 389 4310 nentur
412 4252 454 4324 et,
479 4243 506 4308 si
530 4244 609 4308 talia
632 4265 653 4308 a
669 4244 833 4326 quibusvis
857 4245 1023 4328 procurari
1047 4264 1165 4308 novero
1190 4244 1241 4310 vel
1265 4244 1410 4326 tractari,
1434 4243 1607 4328 impediam

274 4352 337 4418 hoc
360 4371 418 4435 pro
442 4370 537 4434 posse
561 4357 604 4434 et,
638 4371 733 4432 quam
759 4351 858 4416 cicius
881 4357 994 4435 potero
1019 4349 1161 4432 comode,
1195 4350 1385 4434 significabo
1415 4348 1475 4415 hoc
1503 4350 1608 4416 eidem

275 4458 404 4524 domino
437 4464 545 4524 nostro
578 4478 663 4543 pape
696 4457 881 4523 immediate
912 4457 963 4523 vel
996 4458 1235 4524 successoribus
1264 4459 1340 4524 suis.
1388 4457 1450 4524 Ubi
1475 4456 1608 4523 veroid

275 4566 322 4632 eis
345 4565 527 4649 significare
550 4585 613 4630 non
636 4585 773 4650 possem,
797 4565 988 4649 significabo
1006 4565 1109 4648 alteri,
1134 4585 1301 4649 perquem
1318 4564 1421 4650 possit
1442 4563 1484 4630 ad
1501 4585 1607 4630 corum

274 4673 426 4739 nunciam
449 4674 627 4758 pervenire.
674 4674 756 4737 ltem
775 4671 941 4736 Ludovico
958 4671 998 4736 de
1017 4673 1156 4737 Ravaria
1180 4692 1237 4738 seu
1261 4673 1333 4737 aliis
1357 4673 1608 4756 quibuscumque

275 4801 333 4867 pcr
361 4781 530 4846 ecclesiam
566 4781 728 4845 annotatis
758 4780 808 4846 vel
844 4781 1051 4864 imposterum
1088 4781 1291 4858 annotandis,
1329 4779 1480 4863 quamdiu
1516 4785 1609 4845 extra

275 4888 414 4974 gratiam
437 4895 471 4953 et
494 4889 745 4954 communionem
776 4887 862 4954 sedis
889 4886 1035 4971 predicte
1058 4889 1302 4972 permanebunt,
1336 4907 1400 4952 non
1423 4885 1508 4954 dabo
1532 4907 1606 4974 quo·
