3642 5509
271 419 324 477 444
834 422 903 478 1332
924 421 997 478 Juni
1018 423 1060 478 18.

379 604 415 668 In
440 624 468 670 c.
490 625 532 668 m.
566 604 730 690 preposito
755 604 934 672 Bonnensis
957 605 1067 671 Oolon.
1100 604 1183 670 dioc.
1208 613 1240 671 et
1264 605 1388 673 decano
1411 605 1446 672 S.
1470 603 1604 673 Bartho-

166 775 171 782 .
272 711 367 780 lornei
390 733 430 781 ae
453 711 624 778 scolastico
647 712 681 777 S.
706 712 798 780 Pauli
822 711 922 780 Leod.
947 713 1166 781 ecclesiarum.

432 845 504 916 Rep.
525 847 580 902 103
598 859 645 899 ar.
666 846 734 900 335.

374 1115 495 1184 2126.
527 1120 613 1182 1332
637 1119 723 1184 Jaai
747 1120 800 1183 18.
825 1116 996 1204 Aoipuon.

379 1259 538 1326 Iohannes
558 1260 657 1326 XXII
680 1263 843 1347 preposito
867 1263 899 1327 S.
920 1261 1066 1328 Severini
1090 1268 1123 1328 et
1147 1261 1269 1328 decano
1285 1261 1319 1327 S.
1338 1261 1468 1344 Georgii
1493 1260 1603 1327 Colon.

271 1386 310 1433 ao
333 1366 505 1433 scolastico
529 1367 689 1434 Tullensis
713 1368 792 1434 6661.
821 1367 965 1450 mandat,
999 1370 1148 1452 quatinus
1176 1369 1346 1435 ecclesiam
1371 1367 1604 1454 parrochialem

270 1474 304 1539 in
327 1475 462 1540 Eswilre
486 1473 616 1541 ludensi
640 1475 751 1542 Solon.
776 1474 860 1542 dioc.
885 1496 981 1559 quam
1004 1484 1175 1543 vocantem
1199 1496 1240 1542 ex
1263 1495 1312 1559 eo,
1342 1474 1427 1560 quod
1452 1475 1605 1560 Hilgerus

271 1581 312 1646 de
336 1581 551 1666 Liscnkirgen
581 1582 655 1648 olim
685 1584 754 1648 oius
782 1590 888 1650 rector·
910 1603 946 1650 se
970 1605 1033 1650 non
1057 1584 1180 1650 fecorat
1203 1583 1286 1650 infra
1311 1589 1437 1668 tempus
1461 1581 1604 1648 debitum

270 1689 302 1753 iu
326 1689 539 1774 presbiterum
572 1689 724 1773 ordinari,
758 1691 809 1756 bo.
837 1712 878 1756 m.
917 1691 1076 1757 Henricus
1111 1690 1373 1776 archiepiscopus
1406 1689 1605 1757 ColoniensIs

271 1798 463 1862 anctoritate
495 1795 659 1862 ordinaria
692 1799 825 1863 contulit
849 1797 1019 1864 TiImanno
1049 1797 1091 1863 de
1115 1797 1233 1865 Zoinze
1263 1798 1380 1864 clerico
1410 1796 1604 1880 Coloniensi,

271 1903 312 1968 de
335 1924 418 1970 novo
443 1904 610 1969 conferant
634 1903 738 1970 cidem
762 1904 804 1969 ad
829 1906 1000 1988 cautelam,
1025 1925 1097 1971 cum
1122 1905 1163 1971 ab
1187 1904 1348 1988 aliquibus
1372 1904 1546 1989 dubitetur,
1564 1925 1605 1970 au

270 2011 370 2097 ipsius
393 2012 529 2078 66616616
553 2011 683 2078 collatio
707 2032 747 2078 ea
770 2013 843 2078 vico
866 2012 910 2078 ad
935 2012 1059 2079 dictum
1083 2010 1281 2078 ordinarium
1305 2013 1505 2098 pertinuerit.

377 2119 451 2186 Vite
474 2139 514 2186 ao
537 2139 658 2186 morum
683 2119 911 2187 honestas...
943 2122 1019 2187 Dat.
1045 2122 1139 2189 Avin.
1164 2121 1265 2186 XIIII
1289 2120 1334 2186 kl.
1358 2120 1426 2185 iulii
1449 2140 1479 2186 a.
1503 2126 1606 2186 sexto-

273 2224 408 2293 decimo.

431 2334 504 2404 Rep.
523 2333 581 2389 102
594 2350 641 2388 nr.
663 2337 745 2391 1548.

375 2607 495 2675 2127.
525 2609 797 2674 1332166118.
822 2608 987 2694 Aoipaon.

376 2751 535 2818 Iohannes
551 2752 650 2817 XXII
674 2752 816 2817 llarsiIIo
840 2752 882 2817 de
906 2751 1069 2836 Steildorp
1094 2751 1217 2816 confort
1241 2751 1320 2816 eccl.
1347 2748 1388 2815 de
1413 2750 1606 2817 llonasterio

271 2859 377 2943 Eyflie
401 2859 511 2925 Goion.
543 2859 627 2924 dioc.
653 2858 888 2940 canonicatum,
918 2857 1116 2945 prebendam
1140 2878 1216 2923 vero
1246 2877 1285 2922 ae
1309 2866 1428 2924 curtem
1453 2878 1509 2923 sou
1534 2857 1607 2923 ohe-

272 2966 427 3031 dientiam
451 2976 637 3033 consuetam
667 2988 725 3052 por
748 2967 920 3034 canonicos
947 2967 1047 3052 ipsius
1073 2965 1210 3031 ecclesio
1234 2965 1407 3048 gubernari
1431 2964 1535 3031 cidem
1559 2985 1606 3030 re·

271 3080 388 3155 servat,
422 3095 485 3140 non
513 3075 661 3140 obstante
689 3073 774 3157 qnod
805 3073 1039 3158 parrochialem
1071 3071 1241 3140 ecclesiam
1270 3073 1302 3137 in
1327 3071 1490 3158 Steildorp
1520 3071 1606 3138 dicte

274 3180 358 3246 dioc.
383 3182 517 3247 obtinet.

379 3288 523 3374 Exigunt
545 3296 600 3355 tue
623 3290 762 3354 merita.
783 3339 816 3355 ..
842 3288 916 3352 Dat.
936 3287 1031 3354 Avin.
1044 3288 1145 3353 XIIII
1169 3287 1213 3352 lrl.
1239 3286 1307 3352 iulii
1332 3307 1361 3352 a.
1378 3285 1605 3365 sextodecimo.

379 3397 416 3461 In
441 3417 468 3462 6.
486 3419 526 3461 m.
552 3397 715 3481 preposito
740 3396 774 3461 S.
792 3395 940 3461 Severini
965 3402 998 3460 ot
1021 3394 1144 3461 decano
1168 3394 1227 3461 SS.
1246 3395 1471 3480 Apostolorum
1496 3392 1605 3458 Colon.

273 3525 312 3570 ac
336 3504 506 3571 scolastico
531 3502 691 3569 Tollensis
716 3503 934 3569 eeclesiarum.

432 3629 505 3698 Rep.
525 3627 582 3682 102
599 3643 647 3681 ar.
667 3626 752 3681 1213.

378 3914 503 3981 2128.
534 3917 621 3980 1332
644 3915 731 3981 Jaai
755 3917 809 3980 28.
832 3913 999 4002 Aoipaon.

381 4058 551 4142 [Iohannes
578 4058 689 4143 XXII]
802 4059 955 4146 episcopo
986 4057 1228 4125 Padehnrnensi
1258 4065 1291 4124 ot
1404 4056 1515 4122 abbati
1543 4076 1606 4121 mo·

275 4167 405 4231 nestorii
430 4165 470 4231 do
495 4165 603 4232 Insula
627 4173 720 4231 extra
749 4186 855 4232 muros
877 4165 1062 4232 hlindenses
1086 4186 1125 4231 ao
1152 4214 1185 4230 ..
1211 4165 1373 4250 preposito
1397 4163 1475 4230 eccl.
1500 4163 1534 4230 S.
1558 4163 1607 4228 Io·

273 4273 389 4340 hannis
413 4273 681 4357 Osnahurgcnsis.

381 4381 527 4448 Vacante
560 4379 681 4446 dudum
714 4379 854 4447 ecclesia
887 4378 1131 4462 Hildesemensi,
1165 4400 1223 4464 pro
1256 4399 1294 4446 eo
1328 4377 1438 4462 quod.
1456 4426 1491 4442 ..
1530 4377 1607 4445 Otto

274 4488 446 4574 episcopus
559 4487 657 4554 cessit
687 4490 774 4553 oneri
804 4486 969 4572 regiminis
1000 4487 1100 4571 ipsius
1130 4487 1267 4554 ecclesie
1291 4484 1377 4571 apud
1401 4485 1509 4552 sedem
1533 4505 1607 4569 apo-

274 4596 421 4661 stolicam
439 4644 445 4660 .
465 4646 472 4660 .
491 4645 498 4660 .
516 4615 573 4662 nos
591 4647 598 4660 .
617 4645 624 4660 .
643 4644 649 4656 .
668 4594 711 4660 ad
734 4615 903 4680 personam
922 4644 929 4660 .
948 4641 980 4658 ..
1009 4593 1109 4659 Eirici
1133 4593 1229 4659 electi
1253 4592 1508 4660 Hildesemensis
1531 4598 1606 4657 tnnc

275 4705 428 4790 prepositi
455 4703 592 4769 ecclesie
616 4703 869 4786 HamburgensIs
893 4751 899 4767 .
921 4749 954 4766 ..
978 4699 1154 4786 dirigentes
1178 4701 1327 4767 intuitum
1351 4701 1467 4766 mentis
1488 4705 1606 4782 nostro,

276 4810 318 4877 de
341 4808 411 4895 ipso
434 4811 542 4877 Eirioo
567 4811 703 4877 66616616
721 4809 953 4876 Hildesemensi
970 4807 1115 4895 predicte
1134 4859 1140 4874 .
1159 4857 1165 4870 .
1184 4862 1192 4878 .
1209 4807 1473 4895 providimus...
1490 4807 1607 4873 Verum
