3642 5509
717 428 787 486 1³27
805 428 974 484 December
991 428 1035 483 27.
1491 424 1543 481 107

206 608 356 695 predicta
388 608 449 675 luit
481 608 574 675 nobis
606 608 767 674 humiliter
794 609 1083 695 supplicatum
1130 608 1197 675 Nos
1220 608 1398 691 itaque...
1423 614 1539 689 tecum,

208 716 293 799 quod
316 717 442 782 ratione
464 716 545 781 dicti
568 715 745 782 decanatus
765 722 798 780 et
820 716 996 789 scelesti-ie,
1021 734 1115 798 quum
1140 716 1172 779 iu
1196 715 1334 780 ecclesia
1351 715 1540 798 Maguntiua

207 844 249 889 ex
270 822 513 909 dispensatione
535 824 715 908 apostolice
738 831 770 888 te
794 824 910 889 asseris
933 822 1078 889 obtinere
1100 822 1169 888 siue
1193 842 1280 904 eure,
1312 843 1376 887 uon
1400 823 1539 887 tenearis

207 929 249 995 ed
274 929 465 996 diaconatus
488 936 521 995 et
543 930 774 1016 presbiteratus
797 930 927 997 ordines
950 948 1051 1012 usque
1075 928 1116 993 ad
1141 927 1301 994 biennium
1325 950 1345 994 a
1368 928 1445 993 data
1468 948 1538 1013 pre-

206 1037 344 1104 sentium
367 1036 598 1102 numerandum
622 1038 814 1123 promoveri,
838 1035 1012 1127 dummodo
1036 1036 1161 1100 iuterim
1185 1034 1314 1101 statutis
1335 1036 1439 1100 aiure
1463 1041 1539 1099 teru-

206 1144 339 1229 poribus
361 1143 396 1209 in
417 1143 649 1210 subdiaconum
672 1144 717 1210 sis
738 1150 952 1230 promotus..
973 1194 980 1210 .
1004 1141 1227 1228 dispensemus
1246 1190 1252 1205 .
1270 1189 1305 1208 ..
1352 1141 1426 1206 Dat.
1444 1141 1537 1205 Aviu.

206 1251 253 1317 v1
275 1249 322 1316 kl.
344 1251 482 1317 ianuarii
505 1272 535 1316 a
560 1249 761 1318 duodecimo.

357 1367 429 1439 Rep.
448 1367 487 1421 88
504 1365 528 1440 f.
548 1365 615 1423 218‘
632 1381 680 1421 nr.
699 1367 782 1423 3674.

314 1656 436 1723 1368.
462 1658 550 1723 1327
571 1657 755 1723 December
777 1659 831 1723 27.
865 1655 1030 1743 Aoipnon.

313 1799 474 1866 Iohannes
499 1799 598 1864 XXII
632 1800 770 1866 Erberto
794 1798 836 1865 de
859 1798 1025 1866 Hervorde
1054 1800 1208 1865 canonico
1233 1798 1311 1865 eccl.
1337 1797 1538 1863 Suseciensis

207 1906 319 1973 Oolou.
343 1905 437 1989 dioc,
471 1908 504 1972 in
537 1925 601 1989 qua
633 1912 769 1989 quatuor
800 1906 963 1992 prebende
992 1907 1130 1972 minores
1158 1912 1191 1972 et
1213 1904 1364 1971 nonnulle
1388 1905 1451 1970 alie
1474 1926 1538 1969 ruu-

205 2013 291 2080 iores
323 2013 473 2095 existunt,
508 2019 654 2079 reservat
686 2033 782 2078 uuum
816 2012 857 2079 de
886 2014 1069 2089 maioribus,
1105 2034 1168 2079 uou
1203 2013 1350 2080 obstante
1385 2010 1471 2096 quod
1506 2013 1537 2076 iu

206 2119 321 2186 eadem
354 2120 433 2186 eccl.
469 2121 692 2187 oauouicutum
725 2127 759 2185 et
791 2119 911 2186 dietam
944 2122 1097 2187 minorem
1130 2118 1326 2205 prebendam
1358 2118 1482 2186 obtinet
1505 2125 1538 2185 et

205 2226 291 2311 quod
321 2225 442 2293 dudum
476 2228 506 2293 ei
539 2234 589 2294 est
620 2227 815 2293 auctoritate
843 2228 1022 2313 apostolica
1049 2228 1081 2293 iu
1118 2227 1219 2293 forma
1253 2246 1430 2312 pauperum
1464 2246 1536 2312 pro·

206 2335 309 2401 visum
342 2333 384 2400 de
415 2334 572 2400 beneficio
605 2334 825 2401 ecclesiastico
858 2336 1054 2421 competenti
1087 2355 1159 2400 cum
1187 2354 1265 2400 curu
1287 2334 1340 2400 vel
1369 2334 1438 2400 sine
1461 2352 1538 2401 eura

205 2448 375 2526 spectante
408 2441 619 2507 communiter
650 2440 693 2506 ad
727 2440 969 2526 dispositionem
1000 2441 1115 2507 decani
1140 2447 1173 2508 et
1195 2442 1327 2527 capituli
1352 2440 1430 2506 eccl.
1455 2440 1538 2506 Buu-

204 2549 314 2615 nensis
338 2548 447 2616 Golou.
481 2547 576 2630 dioc,
610 2567 652 2613 ex
684 2566 747 2632 quo
780 2547 900 2613 nullum
931 2546 1037 2614 adhuc
1065 2553 1230 2615 assecutus
1254 2556 1303 2613 est
1327 2545 1537 2613 commodum.

205 2656 331 2721 Tamen
362 2654 514 2721 maiorem
546 2654 743 2740 prebendam
781 2654 960 2741 predictum
995 2660 1161 2722 essecutus
1196 2654 1357 2720 dimittere
1392 2662 1539 2721 teneatur

205 2760 329 2830 dictam
351 2764 516 2830 minorem.

314 2871 479 2939 Attributa
511 2872 571 2938 tibi
603 2873 719 2939 merita
744 2920 751 2933 .
777 2921 818 2938 ..
876 2872 954 2937 Dat.
978 2871 1074 2937 Aviu.
1099 2871 1144 2937 VI
1173 2870 1218 2937 kl.
1248 2870 1384 2937 ianuarii
1408 2892 1439 2937 u.
1463 2870 1539 2937 duo·

206 2975 342 3043 decimo.

311 3086 351 3151 In
374 3106 403 3152 e.
420 3109 460 3152 m.
486 3087 670 3154 monasterii
686 3087 721 3154 S.
738 3086 924 3172 walburgis
948 3094 1040 3153 entra
1063 3107 1169 3153 muros
1185 3087 1393 3154 Susacienses
1417 3096 1450 3153 et
1473 3109 1538 3153 mc·

206 3192 308 3277 gistro
331 3193 505 3259 Gnillermo
529 3193 571 3260 de
594 3195 715 3261 Sancto
740 3193 869 3260 Victore
903 3194 1071 3279 capellano
1103 3194 1213 3279 papali
1236 3194 1270 3261 S.
1297 3195 1384 3260 Petri
1413 3193 1454 3260 de
1479 3196 1538 3260 Fo-

206 3306 293 3365 resta
308 3299 419 3366 Golou.
436 3307 469 3366 et
485 3301 712 3384 Aquinatensis
736 3299 819 3367 dioc.
843 3302 1016 3387 prepositis
1039 3322 1079 3367 uc
1095 3300 1218 3367 decano
1235 3302 1268 3369 S.
1281 3300 1410 3368 Andree
1427 3302 1537 3368 (lolou.

206 3404 426 3473 eeclesiamm.

355 3514 428 3585 Ray.
446 3516 485 3570 88
499 3514 524 3585 f.
543 3515 600 3570 104
617 3530 666 3570 nr.
684 3514 769 3571 3268.

313 3777 436 3845 1360.
467 3780 554 3844 1327
577 3780 762 3845 December
784 3781 838 3845 29.
863 3778 1027 3867 Avipnon.

313 3922 481 3987 Iohannes
498 3922 609 3987 XXII
628 3923 878 4009 archiepiscopo
905 3923 1095 3991 Coloniensi
1117 3925 1267 4007 mandat,
1293 3926 1453 4009 quatinus
1475 3923 1536 3989 Ar·

205 4029 348 4094 naldnm
371 4029 545 4096 deStratu
561 4032 797 4114 aparentibus
820 4031 991 4116 qnondam
1014 4038 1165 4097 coactum
1188 4032 1234 4097 ud
1256 4032 1538 4117 inpreds'endnnrn

206 4131 359 4196 ordinem
393 4128 665 4198 Cistereiensinm
697 4140 729 4198 et
758 4140 878 4219 postca
911 4133 958 4199 ad
989 4141 1116 4200 statum
1147 4134 1334 4200 secularem
1367 4156 1537 4201 reversum

204 4238 363 4303 nenitnat
385 4239 431 4303 nd
454 4239 577 4304 bonum
596 4240 740 4325 famum.

313 4379 486 4464 [lebannes
507 4379 618 4466 XXII]
642 4382 885 4469 archiepiscopo
909 4382 1099 4450 Coloniensi.

312 4486 554 4574 circumspecta
583 4490 614 4553 iu
645 4491 711 4555 suis
739 4492 865 4558 notibus
996 4490 1081 4557 Saue
1108 4540 1142 4557 ..
1168 4491 1329 4558 Amcldus
1352 4492 1393 4559 de
1416 4492 1535 4579 Strata,

206 4600 260 4659 tue
283 4592 484 4661 coloniensis
508 4593 645 4662 diocesis
669 4596 701 4661 in
724 4605 835 4664 uostra
857 4600 1020 4683 presentie
1044 4600 1312 4666 constitutus...
1334 4600 1426 4667 uobis
1450 4623 1535 4667 mon·

205 4700 332 4778 stravit,
365 4699 451 4784 quod
478 4702 553 4768 olim
582 4704 652 4788 ipse
679 4704 766 4769 inira
793 4706 921 4770 tertium
945 4704 1146 4771 undecimum
1168 4706 1201 4787 (l)
1219 4708 1315 4773 etatis
1338 4727 1394 4773 sue
1417 4728 1535 4774 anuum

206 4807 257 4874 vel
281 4806 410 4874 circiter
434 4810 584 4892 existens,
619 4817 759 4876 tractatu
792 4810 911 4878 ducatu
944 4819 976 4878 et
1005 4819 1091 4879 motu
1122 4821 1290 4899 parentum
1320 4833 1448 4880 suorum
1471 4834 1536 4879 mo-
