3642 5509
302 305 356 362 cuc
852 305 918 362 1341
940 305 1027 378 spru
1046 307 1088 362 13.

304 485 454 571 quatinus
486 486 825 553 excommunicationis
857 488 1076 573 suspensionis
1109 493 1142 554 et
1173 488 1338 555 interdicti
1365 487 1541 554 sententias
1570 487 1637 552 iam

303 595 336 658 in
369 593 524 659 decanum
557 603 590 660 et
623 595 797 680 capitulum
830 597 967 662 ecclesie
992 595 1025 661 S.
1043 595 1199 681 Stephani
1233 594 1419 680 Muguntine
1454 616 1578 661 necnon
1604 595 1637 659 iu

304 701 474 767 Gerlacum
499 701 619 768 dictum
636 704 725 768 Moer
740 703 945 768 scolasticum
970 703 1105 768 ecclesie
1129 704 1161 768 in
1179 703 1483 788 Munstermcynvelt
1499 703 1636 769 Trever.

304 807 387 874 dioc.
412 810 556 894 prolatas
578 830 618 874 ex
642 829 690 888 eo,
716 809 801 893 qnod
819 809 975 876 Gerlacus
998 829 1033 874 se
1057 810 1213 876 violenter
1237 812 1409 876 intruserat
1433 811 1464 874 in
1489 808 1641 874 eiusdem

304 913 440 978 ecclesie
457 912 490 978 S.
507 912 665 998 Stephani
691 912 915 978 canonicatum
946 919 978 977 ct
1001 911 1207 998 prebendam,
1236 932 1316 995 quos
1342 933 1429 998 papa
1458 912 1642 978 contulerat

305 1019 438 1085 Iohanni
467 1019 509 1084 de
532 1019 759 1102 Rudenshcim,
793 1027 974 1104 aggravent
1002 1021 1152 1085 invocato
1183 1018 1224 1084 ad
1248 1019 1321 1101 hoe,
1354 1020 1381 1085 si
1414 1039 1493 1104 opus
1526 1019 1639 1100 fuerit,

304 1127 424 1192 auxilio
450 1126 572 1192 brachii
596 1127 759 1194 secularis.

410 1234 568 1320 Exposuit
590 1235 683 1301 nobis
706 1233 914 1303 dilectus...
940 1235 1015 1300 Dat.
1043 1234 1133 1302 Aviu.
1157 1234 1229 1300 idus
1252 1235 1405 1299 februarii
1430 1254 1459 1298 a.
1486 1233 1638 1317 septimo.

466 1365 655 1438 ch.129f.
677 1367 741 1421 119¹
759 1383 807 1422 nr.
827 1368 872 1422 27.

410 1564 532 1632 2881.
570 1567 656 1630 1341
679 1563 782 1650 April
806 1569 858 1630 13.
883 1566 1049 1653 Aoiqaou.

409 1707 604 1775 Benedictus
627 1709 694 1773 XII
727 1710 971 1796 archiepiscopo
995 1711 1176 1777 Coloniensi
1206 1709 1347 1792 mandat,
1381 1709 1532 1792 quatinus
1563 1726 1639 1771 cum

303 1817 402 1883 nobili
427 1818 496 1881 viro
518 1815 719 1882 Theoderico
743 1816 785 1882 de
807 1838 906 1902 greve
930 1839 992 1882 van
1015 1818 1112 1884 Olcvc
1136 1818 1236 1882 milite
1259 1822 1292 1882 et
1313 1816 1415 1880 Maria
1437 1823 1517 1879 nata
1541 1833 1641 1895 qnon-

304 1923 378 1989 dam
395 1922 531 1989 Gerardi
556 1922 615 1988 dez
638 1944 759 2006 grenan
783 1946 845 1990 van
863 1924 945 1990 Onllr
962 1927 1007 2006 (l),
1031 1946 1094 2008 que
1118 1925 1288 2010 ignorabat
1311 1925 1394 1988 inter
1418 1941 1473 1987 eos
1497 1922 1638 1986 existere

304 2052 343 2096 ex
369 2051 417 2113 eo,
447 2028 532 2112 quod
561 2031 664 2115 prima
687 2029 882 2097 Theoderici
906 2051 986 2097 uxor
1010 2031 1113 2097 eidem
1138 2033 1239 2097 Maria
1264 2031 1297 2096 in
1321 2030 1422 2095 tercia
1446 2029 1638 2111 consangui-

304 2139 415 2202 nitatis
438 2136 524 2202 linea
546 2137 715 2220 attinebat,
748 2138 1009 2223 impedimentum
1041 2137 1128 2204 dicto
1157 2144 1264 2205 tamen
1289 2135 1491 2202 Theoderico
1515 2143 1637 2214 notum,

305 2243 478 2328 dispenset,
512 2248 548 2307 ut
582 2243 615 2308 in
650 2245 697 2310 sic
732 2253 897 2311 contracto
934 2248 1136 2311 matrimonio
1171 2247 1261 2311 licita
1295 2263 1460 2310 remanere
1495 2241 1636 2320 valeant,

305 2352 426 2435 prolem
449 2357 631 2435 susceptam
656 2358 689 2414 et
711 2352 949 2436 suscipiendam
971 2373 1011 2418 ex
1028 2353 1207 2419 huiusmodi
1232 2351 1433 2417 matrimonio
1457 2348 1637 2432 legitimam

304 2456 517 2524 decernendo.
569 2457 654 2522 Ante
688 2456 959 2544 dispensationem
995 2467 1102 2525 tamen
1137 2460 1285 2526 absolvat
1320 2457 1557 2523 Theodericum
1594 2455 1636 2520 ab

303 2564 641 2647 excommunicatione,
678 2584 773 2647 quam
808 2567 995 2652 incurrerat,
1033 2567 1127 2650 eique
1162 2568 1309 2650 iniungat
1342 2564 1551 2651 penitentiam
1583 2583 1634 2628 sa·

304 2673 449 2739 lutarem.

409 2779 460 2844 Ex
483 2784 593 2842 tenore
616 2779 858 2863 petitionis...
883 2782 958 2846 Dat.
984 2782 1079 2847 Avin.
1104 2781 1175 2849 idus
1199 2781 1309 2867 aprilis
1331 2801 1361 2846 a.
1386 2780 1533 2864 septimo.

464 2903 537 2973 ch.
558 2902 630 2956 1219
644 2901 671 2972 f.
690 2903 759 2958 225‘
777 2920 825 2959 rar.
843 2905 911 2959 302.

412 3159 539 3228 2382.
567 3165 651 3226 1341
676 3163 749 3226 Mai
771 3162 802 3224 9.
832 3159 997 3247 Aoiqcoa.

410 3304 585 3372 Bendictus
605 3305 671 3370 Xll
694 3305 823 3370 Danieli
848 3302 890 3368 dc
915 3301 1033 3368 hrakol
1059 3302 1184 3368 confert
1209 3303 1286 3367 eccl.
1306 3304 1343 3368 Β.
1357 3303 1458 3370 llarie
1476 3303 1637 3387 Aquensis

305 3413 527 3477 canonicatum
552 3423 584 3478 et
608 3412 802 3497 prebendam
827 3417 981 3476 vacantes
1005 3430 1063 3494 per
1087 3411 1208 3475 obitum
1226 3411 1388 3476 Wilhelmi
1413 3411 1453 3476 de
1470 3411 1635 3476 Stoeheiru

305 3519 450 3584 canonici
475 3519 617 3585 eiusdem
642 3519 778 3585 ecclesie
802 3523 834 3582 ct
864 3516 1023 3601 capellani
1051 3517 1137 3582 sedis
1161 3516 1349 3602 apostolice,
1379 3520 1431 3601 qui
1455 3525 1548 3583 extra
1572 3517 1634 3582 Ro-

305 3647 432 3692 manam
457 3626 578 3691 curiam
602 3625 688 3691 diem
713 3625 828 3690 clausit
852 3631 1038 3690 extremum.

409 3734 596 3818 Apostolice
619 3732 706 3799 sedis
730 3733 963 3816 circumspecta
988 3780 995 3795 .
1022 3780 1028 3795 .
1054 3780 1061 3795 .
1103 3731 1178 3796 Dat.
1203 3731 1297 3796 Avin.
1325 3733 1386 3798 Vll
1410 3731 1481 3798 idus
1505 3731 1580 3797 maii
1604 3753 1634 3797 a.

305 3839 453 3925 septimo.

411 3948 446 4012 ln
470 3968 498 4013 e.
523 3969 564 4012 m.
589 3947 752 4033 preposito
776 3947 809 4012 S.
834 3946 982 4012 Severini
1006 3951 1038 4010 et
1062 3944 1185 4010 decano
1210 3945 1269 4012 SS.
1282 3946 1506 4030 Apostolorum
1523 3945 1634 4012 Colcn.

305 4074 345 4120 ac
368 4055 521 4140 magistro
546 4054 669 4121 Thome
692 4055 819 4120 Fastoli
841 4052 1069 4118 archidiacono
1093 4053 1311 4120 Norwicensis
1334 4055 1413 4120 eccl.

465 4180 538 4250 Rep.
558 4179 616 4234 129
632 4177 657 4248 f.
677 4179 741 4233 166¹
759 4193 808 4232 nr.
828 4179 890 4232 141.

412 4420 538 4490 3383.
573 4423 658 4487 1341
682 4423 769 4488 Jaai
795 4424 846 4486 13.
871 4419 1037 4505 Aoipaoa.

410 4567 501 4632 Anno
526 4586 588 4650 quo
612 4585 710 4652 supra
733 4562 948 4649 [dcccxci]
981 4562 1035 4627 die
1065 4560 1177 4628 ultima
1200 4561 1316 4628 mensis
1340 4561 1415 4626 maii
1440 4561 1634 4626 venerabilis

305 4677 355 4748 vir
387 4673 533 4742 dominus
561 4675 720 4740 lohannes
744 4673 854 4758 Ogen'i
888 4671 1030 4738 decenus
1054 4669 1219 4735 Bclnensis
1249 4669 1402 4734 collector
1434 4667 1634 4734 residuarum
