3642 5509
849 469 920 527 1328
938 471 998 527 Mai
1017 472 1042 529 5.
1540 474 1592 531 149

255 651 489 748 parrochialem
513 650 685 717 ecclesiam
700 672 765 718 una
780 672 852 719 cum
876 651 1036 721 decanatu
1060 652 1206 741 predicte
1230 654 1366 721 ecclesie
1382 654 1590 724 Treverensis

254 788 289 848 at
322 777 460 865 quadarn
494 776 560 842 alia
593 778 707 840 curata
739 767 877 836 ecclesia
909 772 1021 832 contra
1054 773 1197 834 tenorem
1231 764 1466 831 constitutionis
1495 786 1591 851 snper

253 889 440 975 pluralitate
470 888 673 973 dignitatum,
702 894 938 974 personatuum,
967 888 1144 955 officiorum
1175 895 1207 954 et
1235 887 1460 955 beneficiorum
1489 889 1590 955 eccle·

255 998 457 1066 siasticorum
474 1047 482 1064 .
502 1048 510 1063 .
528 1047 535 1064 .
553 996 673 1063 dudum
697 1019 717 1064 a
741 998 833 1065 nohis
857 998 945 1066 edite
969 1000 1186 1065 ...retinere
1208 998 1402 1083 presumpsit
1427 1005 1459 1064 et
1483 997 1589 1065 adhuc

254 1104 296 1174 de
319 1105 407 1174 facto
431 1103 556 1173 detinet
578 1112 781 1192 occupatam,
815 1106 857 1173 de
879 1108 948 1173 iure
973 1127 1090 1174 vacare
1113 1112 1266 1173 noscatur
1289 1106 1330 1171 ad
1354 1126 1497 1191 presens,
1529 1127 1589 1174 nos

255 1213 520 1282 ...discretioni
543 1220 649 1281 vestre
667 1264 674 1281 .
694 1264 700 1276 .
720 1263 727 1279 .
751 1214 951 1297 mandamus,
977 1216 1127 1299 quatinus
1153 1261 1212 1280 ...
1240 1212 1365 1281 vocatis
1389 1214 1443 1297 qui
1468 1213 1589 1281 fuerint

253 1321 423 1406 evocandi,
446 1324 474 1389 si
497 1329 547 1388 est
570 1322 632 1403 ita,
662 1328 698 1388 ut
720 1322 889 1408 prefertur,
922 1323 1058 1388 eandem
1087 1319 1323 1407 parrochialem
1347 1319 1516 1388 ecclesiam
1540 1324 1588 1391 sic

252 1435 422 1498 vacantem
445 1429 572 1516 prefato
588 1430 722 1516 Symoni
746 1429 798 1498 rel
821 1432 1020 1516 procuratori
1044 1450 1126 1498 sno.
1146 1429 1344 1496 ..conferre
1368 1435 1400 1495 et
1422 1432 1588 1515 assignare

254 1540 382 1621 curetis,
400 1588 408 1603 .
427 1589 434 1604 .
454 1588 461 1604 .
480 1544 587 1604 amoto
612 1537 729 1604 exinde
753 1537 841 1604 dicto
865 1538 1008 1603 Iohanne
1032 1544 1065 1603 et
1089 1537 1232 1621 quolibet
1255 1534 1319 1602 alio
1342 1535 1454 1602 illicito
1479 1536 1589 1604 deten-

252 1651 332 1729 tere,
363 1667 428 1713 non
451 1646 653 1713 obstantibus
763 1645 849 1729 qnod
882 1644 987 1712 dictus
1020 1644 1141 1730 Symon
1169 1645 1201 1710 in
1230 1644 1421 1711 Treverensi
1451 1652 1485 1710 ct
1517 1667 1588 1731 par·

252 1752 388 1820 rochiali
412 1753 454 1819 de
477 1753 699 1821 Theonisrilla
733 1752 888 1839 predictis
917 1760 1089 1839 perpetuas
1118 1752 1256 1819 vicarias
1286 1752 1409 1818 obtinet
1439 1759 1471 1818 et
1494 1752 1528 1817 in
1551 1754 1585 1821 S.

251 1860 430 1928 Salvatoris
464 1861 600 1928 Metensi
642 1859 790 1928 ecclesiis
823 1861 884 1928 sub
920 1859 1148 1947 expectatione
1186 1856 1351 1945 prehende
1390 1861 1584 1927 auctoritate

251 1968 431 2054 apostolica
460 1968 492 2033 in
529 1970 716 2035 canonicum
750 1975 799 2036 est
831 1974 990 2053 receptus.
1037 1968 1190 2033 Volumus
1218 1972 1334 2049 autem,
1369 1967 1454 2050 quod
1480 1966 1585 2035 dictus

251 2077 381 2163 Symon,
406 2098 502 2160 quam
525 2078 662 2163 primum
685 2077 754 2163 ipse
770 2078 883 2161 vigore
906 2077 1063 2161 presentis
1086 2075 1192 2159 gratie
1215 2072 1361 2160 predicte
1385 2074 1522 2141 ecclesie
1545 2074 1586 2140 de

251 2183 472 2251 Theonisrilla
495 2186 729 2270 possessionem
754 2183 924 2269 pacificam
947 2184 1046 2250 fuerit
1060 2188 1236 2259 assecutus,
1262 2181 1423 2267 prefatam
1440 2189 1584 2248 curatam

250 2291 429 2358 vicariam.
449 2288 662 2358 ..dimittere
684 2298 831 2358 tencatur
848 2344 856 2360 .
875 2338 909 2357 ..
933 2291 1009 2357 Dat.
1035 2291 1130 2356 Avin.
1155 2290 1204 2355 ΙΙΙ
1228 2310 1329 2356 nonas
1354 2288 1432 2355 maii
1455 2310 1484 2355 a.
1509 2288 1584 2355 duo·

251 2399 386 2466 decimo.

398 2507 472 2578 ch.
490 2508 529 2561 87
544 2505 569 2575 f.
589 2506 645 2561 106
662 2521 709 2561 ar.
730 2505 816 2561 2306.

359 2775 480 2843 1473.
515 2780 603 2843 1328
626 2778 701 2843 Mai
724 2778 756 2843 5.
788 2775 955 2864 Acipaoa.

355 2919 515 2987 lohannes
534 2921 635 2986 XXII
666 2941 737 2993 cum
771 2920 926 3003 magistro
950 2916 1115 2987 Ererardo
1144 2916 1231 2986 dicto
1255 2918 1406 3001 Saurage
1431 2916 1585 2983 canonico

251 3026 452 3109 Treverensi‚
483 3029 535 3095 cui
559 3028 680 3095 dudum
704 3028 782 3095 eccl.
808 3029 940 3095 Trever.
966 3030 1188 3095 canonicatum
1213 3027 1356 3111 contulit,
1390 3022 1586 3111 prehendam

251 3155 327 3200 vero
351 3155 390 3200 ac
413 3133 605 3220 dignitatem
638 3136 690 3203 vel
725 3142 931 3222 personatam
964 3156 1020 3202 seu
1053 3135 1196 3202 officium
1230 3154 1300 3200 cum
1334 3153 1411 3199 cura
1438 3132 1490 3197 vel
1517 3132 1587 3197 sino

252 3262 330 3307 cura
352 3242 384 3306 in
409 3240 497 3308 dicta
521 3243 658 3309 ecclesia
681 3245 869 3322 reservavit,
892 3265 956 3310 non
981 3243 1183 3310 obstantibus
1206 3243 1289 3307 inter
1311 3247 1420 3307 cetera
1443 3237 1529 3323 quod
1553 3239 1586 3303 in

251 3347 286 3414 S.
309 3348 479 3434 Symeonis
503 3350 634 3418 Trever.
664 3350 899 3436 preposituram
932 3351 1050 3417 modici
1079 3350 1208 3431 valoris,
1242 3354 1277 3413 ut
1306 3346 1452 3428 asseruit,
1487 3352 1519 3411 et
1552 3346 1586 3411 in

250 3455 365 3523 eadem
389 3463 422 3523 et
445 3456 479 3522 S.
496 3457 622 3523 Paulini
640 3459 771 3526 Trever.
797 3464 830 3524 et
853 3457 894 3524 de
917 3457 1112 3524 Monasterio
1135 3455 1320 3542 Meynevelt
1344 3474 1383 3521 ac
1406 3451 1448 3519 de
1472 3448 1586 3519 Ivodio

251 3570 284 3630 et
307 3563 349 3630 de
372 3564 541 3645 Longnion
566 3565 713 3631 ecclesiis
736 3564 868 3631 Trever.
898 3564 981 3631 dioc.
1017 3566 1225 3633 canonicatus
1257 3569 1290 3629 et
1322 3560 1504 3648 prehendas
1533 3562 1587 3627 ob·

250 3670 385 3754 tinehat,
409 3670 523 3737 addita
547 3672 742 3751 conditione,
766 3680 801 3739 ut
824 3680 993 3740 assecutus
1016 3671 1197 3739 huiusmodi
1227 3670 1418 3756 dignitatem
1442 3669 1494 3736 vel
1518 3688 1588 3754 per-

250 3784 397 3845 sonatum
425 3798 482 3843 seu
515 3778 657 3845 officium
690 3778 833 3846 dimittat
865 3781 1026 3864 prefatam
1059 3779 1303 3865 preposituram,
1339 3777 1514 3863 dispensat,
1550 3783 1586 3842 ut

250 3884 444 3970 dignitatem
459 3885 511 3952 vel
527 3893 732 3971 personatum
755 3907 811 3954 seu
835 3887 975 3954 officium
999 3886 1180 3953 huiusmodi
1205 3888 1349 3971 recipere
1372 3891 1405 3950 ct
1428 3903 1585 3951 unacum

249 3994 453 4077 prepositura
476 3991 574 4074 dieta,
599 3995 650 4059 cui
674 4014 752 4059 cura
773 4014 837 4060 non
859 3994 1004 4060 imminet
1028 3995 1215 4075 animarum,
1239 3993 1377 4058 retinere
1402 3991 1512 4077 possit.

357 4098 537 4167 Laudabile
560 4102 787 4184 testimonium,
812 4099 923 4185 quod.
952 4152 959 4167 .
987 4150 994 4167 .
1034 4101 1111 4166 Dat.
1136 4100 1230 4166 lirin.
1255 4099 1306 4165 ΙΙΙ
1329 4118 1431 4165 nonas
1454 4098 1530 4167 maii
1555 4118 1584 4165 a.

250 4206 452 4273 duodecimo.

254 4309 257 4312 ’
411 4314 484 4385 ch.
503 4315 541 4369 87
558 4313 583 4384 f.
603 4313 667 4369 108‘
685 4330 733 4369 ar.
754 4314 840 4369 2312.

355 4597 475 4667 1474.
502 4602 590 4666 1328
613 4601 687 4666 Mai
709 4600 741 4666 5.
766 4596 932 4686 Aoipaoa.

355 4741 515 4809 Iohannes
538 4741 639 4808 XXII
662 4740 774 4807 Iifrido
798 4741 839 4807 de
863 4740 1071 4807 Herenshach
1095 4742 1219 4809 confert
1243 4742 1323 4809 eccl.
1336 4741 1584 4810 Wormacicnsia

249 4848 485 4935 canonicatum,
509 4847 707 4936 prehendam
724 4868 801 4916 vero
825 4845 930 4916 eidem
952 4855 1108 4935 reservat,
1131 4870 1195 4916 non
1218 4849 1367 4917 obstante
1390 4849 1476 4933 qnod
1500 4850 1532 4915 in
1548 4848 1582 4916 S.
