3642 5509
256 399 289 456 14
787 405 857 462 lact
876 402 1013 463 Febrnar
1030 407 1056 464 5.

253 590 286 649 ct
309 583 387 650 alibi
420 583 608 668 aliquandiu
639 588 756 652 morari
789 589 958 672 oportebat
990 587 1143 674 dictoque
1171 588 1301 656 edificia
1324 597 1356 657 et
1381 611 1432 657 res
1456 591 1511 656 vix
1534 591 1586 657 vcl

253 710 414 774 nunquam
445 691 606 758 redificari
640 699 672 758 et
703 694 872 760 reformari
905 701 1056 780 poterunt
1086 697 1128 762 de
1143 699 1257 782 Ipsius
1279 698 1463 764 monasterii
1486 697 1587 764 facul-

252 800 372 865 tatibus
400 799 470 865 sine
493 798 652 866 adiutorio
676 800 813 886 plurium
837 803 971 868 allorum
998 855 1005 868 .
1033 852 1041 870 .
1067 853 1074 870 .
1121 804 1228 883 Quare
1248 826 1307 891 pro
1331 811 1423 891 parte
1446 807 1586 889 ipsarum

251 906 344 973 uobis
368 907 476 972 extitit
497 906 660 974 humiliter
682 908 907 995 supplicatum,
942 915 989 994 ut,
1021 931 1061 976 ne
1085 911 1207 977 dictum
1230 913 1466 989 monasterium,
1499 911 1585 996 quod

253 1014 384 1081 aclarc
407 1016 558 1082 memorie
581 1015 732 1102 Adolpho
765 1035 842 1100 rege
866 1015 1082 1083 Romanorum
1113 1018 1332 1103 predictorum
1360 1019 1524 1085 abbatisse
1553 1027 1586 1083 et

143 1171 146 1178 .
250 1123 387 1206 comitis,
418 1120 549 1210 {prouta
580 1120 669 1188 dicta
701 1122 866 1190 abbatissa
909 1125 1034 1207 asserit,
1078 1127 1112 1190 in
1146 1129 1274 1213 proprio
1312 1127 1380 1194 solo
1420 1146 1478 1192 suo
1511 1147 1586 1192 con·

250 1235 405 1298 structum
429 1236 463 1296 et
486 1229 630 1297 dotatum
655 1229 775 1313 existit,
799 1231 949 1298 maximis
971 1232 1121 1300 oneribus
1144 1244 1256 1319 pereat
1280 1241 1539 1319 pregravatnm„
1554 1282 1583 1298 ..

250 1337 485 1422 parrochialem
508 1337 679 1404 ecclesiam
702 1339 734 1403 in
751 1338 873 1404 Wizele
896 1346 951 1404 tue
975 1337 1125 1424 diocesis,
1150 1342 1240 1407 cuius
1263 1341 1313 1407 ius
1335 1347 1526 1426 patronatus
1541 1340 1581 1406 ad

249 1443 371 1512 dictum
394 1446 621 1512 monasterium
645 1465 686 1511 er
709 1443 884 1511 donatione
907 1465 965 1511 seu
988 1446 1212 1513 collatione..
1241 1446 1384 1534 Adolphi
1407 1447 1499 1513 ducis
1523 1448 1584 1513 Ba-

248 1551 338 1619 varie
361 1573 401 1620 ac
426 1552 506 1632 Reni
530 1550 657 1620 comitis
672 1551 825 1636 Palatini,
848 1551 905 1617 filii
930 1552 1091 1635 quondam
1111 1554 1276 1620 blathildis
1299 1554 1429 1621 ducisse
1446 1555 1583 1621 Bavarie

248 1659 335 1727 dicte
358 1660 522 1727 abbatisse
544 1661 672 1738 sororis,
697 1680 791 1744 qnam
815 1659 963 1745 prelatus
984 1659 1169 1728 [rudovicus
1191 1661 1233 1727 de
1250 1663 1391 1728 Bavaria
1412 1681 1516 1744 usque
1539 1660 1582 1727 ad

248 1767 392 1835 eiusdem
421 1767 550 1836 ducisse
578 1769 699 1835 obitum
723 1767 831 1833 extitit
856 1786 926 1832 cum
950 1765 1126 1835 inimicicia
1148 1769 1272 1835 sevicia
1294 1774 1327 1834 et
1351 1767 1436 1851 odIo,
1467 1769 1583 1853 quibus

247 1882 384 1962 poterat,
417 1881 614 1962 persecutus,
648 1875 788 1960 pertinet
819 1873 914 1960 pleno
937 1874 1016 1958 iure,
1046 1875 1250 1960 incorporare
1273 1881 1307 1941 et
1330 1881 1502 1940 annectere
1520 1923 1528 1939 .
1546 1923 1580 1940 ..

248 1984 461 2069 dignaremur.
521 1982 604 2061 Quia
627 2001 703 2048 vero
733 1980 775 2046 de
804 1980 968 2066 premissis
997 1982 1149 2047 noticiam
1173 2003 1236 2047 non
1260 1981 1414 2048 habemus
1432 2032 1439 2048 .
1457 2031 1492 2047 ..
1516 1982 1580 2048 fra·

246 2093 390 2159 temitati
412 2096 467 2157 tue
581 2087 780 2171 mandamus,
817 2089 977 2172 quatinus,
1012 2088 1040 2154 si
1071 2095 1215 2174 tempore
1248 2089 1431 2156 donationIs
1453 2088 1580 2156 ...ad

246 2199 366 2266 dictum
391 2197 576 2283 Adolphum
600 2196 713 2263 ducem
741 2198 791 2262 ius
818 2204 1032 2281 patronatus.
1051 2245 1058 2261 .
1076 2245 1084 2260 .
1100 2196 1294 2282 pertinebat,
1330 2198 1500 2264 ecclesiam
1518 2245 1526 2263 .
1543 2244 1551 2262 .
1570 2245 1578 2263 .

245 2304 350 2374 eidem
379 2305 573 2372 monasterio
601 2305 785 2390 incorpores
813 2305 905 2370 unias
928 2309 961 2369 ct
984 2309 1148 2384 annectas,
1178 2304 1226 2368 ita
1256 2302 1343 2387 quod
1366 2303 1503 2370 cedente
1527 2305 1578 2370 vel

243 2412 422 2481 decedente
445 2411 587 2480 ciusdem
612 2411 749 2478 ecclesie
773 2417 907 2494 rectore,
936 2411 990 2494 qni
1016 2429 1102 2475 nunc
1124 2417 1183 2492 est,
1213 2410 1311 2477 liceat
1334 2410 1455 2477 eisdem
1479 2412 1578 2478 abba·

243 2521 321 2589 tisse
344 2527 377 2588 et
400 2521 562 2587 sororibus
586 2518 785 2605 corporalem
809 2518 1043 2604 possessionem
1066 2516 1209 2582 elusdem
1233 2518 1395 2584 ecclesie.
1414 2539 1577 2604 ..appre

242 2627 460 2696 bendere...
507 2628 583 2694 Dat.
607 2627 702 2693 Asin.
726 2625 794 2691 IIII
816 2644 919 2691 nonas
941 2623 1096 2691 februarii
1118 2644 1148 2689 a.
1173 2623 1352 2690 undecimo.

401 2754 475 2824 Rep.
493 2750 573 2823 841⁴.
592 2753 628 2808 17
645 2767 695 2807 aar.
711 2749 806 2819 2039;
824 2750 876 2806 Ra.
896 2749 960 2804 806.

344 2963 460 3034 11³4.
485 2967 572 3030 1327
596 2965 751 3030 Fehraor
775 2963 809 3031 5.
829 2959 995 3048 Aoa'qaon.

345 3090 517 3178 [Iohannes
532 3089 643 3176 XXII]
667 3089 911 3175 archiepiscopo
936 3085 1129 3154 Coloniensi.

345 3199 399 3267 Ad
424 3201 549 3267 culmen
572 3206 626 3265 tue
644 3249 651 3262 .
670 3247 703 3262 ..
729 3196 807 3263 Cum
831 3196 930 3280 igitur
952 3213 1055 3279 nuper
1077 3192 1120 3258 ad
1145 3199 1199 3257 tue
1222 3212 1264 3258 er
1287 3200 1378 3277 parte
1401 3200 1458 3258 tua
1481 3195 1575 3260 nobis

238 3309 347 3376 oblate
379 3308 545 3394 petitionis
577 3304 764 3372 instantiam
790 3352 850 3370 ...
876 3301 1051 3368 Iohannem
1076 3300 1261 3385 episcopum
1285 3299 1494 3384 Scopiensem
1512 3349 1520 3367 .
1539 3351 1573 3369 ..

237 3417 330 3484 nohis
352 3435 410 3502 per
434 3421 466 3480 te
490 3421 523 3480 et
546 3421 617 3480 taos
646 3413 779 3479 nuncios
808 3409 1029 3494 multipliciter
1052 3405 1311 3472 commendatum
1336 3406 1473 3473 ecclesie
1496 3408 1574 3475 Sco

238 3523 341 3613 piensi
370 3529 446 3588 tunc
469 3528 598 3608 pastore
622 3519 745 3586 carenti
768 3568 775 3583 .
794 3570 801 3584 .
820 3565 826 3582 .
849 3514 1130 3602 profecerimus..
1149 3560 1156 3577 .
1174 3533 1232 3579 nos
1249 3563 1256 3578 .
1275 3561 1283 3577 .
1302 3561 1309 3577 .
1334 3513 1573 3580 fraternitatem

237 3639 325 3698 tuam
348 3648 499 3716 rogamus
516 3679 524 3696 .
543 3679 550 3696 .
568 3677 576 3695 .
593 3629 743 3712 quatinus
766 3623 910 3710 graciam
934 3642 991 3708 per
1013 3641 1072 3687 nos
1095 3621 1128 3685 in
1151 3639 1290 3706 persona
1310 3619 1412 3706 ipsius
1429 3622 1572 3708 episcopi

237 3739 297 3806 tibi
320 3738 442 3805 factam
466 3735 583 3803 devote
605 3732 786 3827 suscipiens
810 3729 946 3796 eaodem
964 3728 1151 3813 episcopum
1166 3725 1288 3792 habeas
1307 3776 1314 3791 .
1332 3777 1339 3792 .
1359 3730 1573 3813 ‚propensius

236 3845 493 3914 commendatum
522 3849 555 3910 ct
577 3844 611 3909 in
639 3841 705 3909 suis
738 3839 887 3905 oneribus
920 3841 953 3902 et
984 3832 1231 3903 necessitatibus
1263 3833 1492 3919 supportandis
1524 3836 1572 3902 sio

236 3953 372 4023 eundem
405 3954 591 4040 episcopum
625 3950 671 4015 tui
699 3947 818 4014 favoris
845 3942 987 4030 presidio
1010 3941 1226 4027 prosequaris,
1260 3939 1346 4023 quod
1369 3941 1439 4026 ipse
1463 3942 1496 4006 in
1520 3963 1573 4008 ne-

235 4062 384 4130 cessariis
407 4060 528 4127 nullum
552 4057 777 4124 detrimentum
808 4053 840 4117 in
868 4047 1061 4137 pontificalis
1085 4045 1254 4130 dignitatis
1284 4046 1489 4131 opprobrium
1513 4068 1567 4133 pa·

235 4178 361 4239 teatur.
377 4218 407 4236 ..
438 4169 514 4234 Dat.
539 4165 634 4232 Arin.
658 4181 760 4228 nonas
783 4158 939 4226 februarii
962 4177 992 4222 a.
1016 4152 1195 4222 undecimo.

385 4292 457 4363 Περ.
476 4291 515 4348 82
530 4289 556 4359 f.
574 4286 631 4344 389
649 4302 697 4342 nr.
717 4285 776 4339 996
782 4306 792 4350 ,-
812 4284 865 4339 Ra.
883 4282 948 4337 806.

337 4515 453 4584 1135.
478 4515 564 4582 1327
589 4513 743 4580 Februor
768 4510 820 4576 10.
851 4506 1017 4594 Aoipaoc.

339 4660 500 4727 Iohannes
527 4656 627 4724 XXII
654 4651 796 4741 capitulo
824 4647 962 4716 ecclesie
991 4642 1274 4712 Halberstadensis
1306 4642 1447 4728 nunciat,
1483 4645 1569 4728 qnod

234 4765 473 4784 *-

340 4806 369 4871 a)
388 4818 443 4876 pre
461 4806 496 4858 ut
514 4798 549 4856 ta
567 4814 630 4872 rep.
