3642 5509
252 401 305 455 326
814 400 884 454 laeo
903 399 963 453 Mai
981 399 1007 453 4.

252 588 344 646 tenor
366 581 499 646 inferius
523 586 571 645 est
594 581 742 660 insertus,
772 581 865 645 nobis
890 579 1052 644 lrumiliter
1075 579 1296 665 supplicarint,
1332 583 1365 643 ut
1395 582 1440 644 eis
1469 577 1510 642 de
1534 578 1589 642 ab·

255 687 428 753 solucionis
457 687 611 752 beneficio
641 687 681 751 ab
707 687 1054 752 excommunicacionis
1078 693 1110 751 et
1133 688 1226 772 penis
1249 687 1331 769 aliis,
1356 707 1435 768 quas
1459 692 1589 770 propter

253 795 408 878 premissa
446 795 616 860 incurrisse
658 802 849 875 noscuntur,
891 792 1062 878 providere
1098 794 1138 858 de
1175 795 1374 876 benignitate
1409 793 1588 878 apostolica

252 901 501 966 misericorditer
524 901 739 984 dignaremur,
768 921 827 965 nos
851 899 995 966 eiusdem
1019 901 1254 985 archiepiscopi
1284 921 1407 965 necnon
1432 900 1587 965 carissimi

252 1009 285 1072 in
303 1008 430 1073 Christo
455 1007 509 1071 lilii
534 1009 634 1072 nostri
658 1007 812 1072 lobannis
835 1009 922 1089 regis
939 1006 1072 1071 Boemie
1096 1007 1227 1072 illustris
1251 1008 1344 1072 uobis
1367 1008 1469 1072 eciam
1493 1025 1589 1090 super

252 1115 315 1180 hoc
347 1115 559 1200 supplicantis
591 1115 781 1199 prefatoque
805 1115 968 1181 comitisse
993 1115 1283 1198 supplicationibus
1308 1115 1477 1198 benignius
1500 1113 1589 1177 incli-

254 1222 333 1302 nati,
366 1221 470 1285 cidem
504 1223 665 1286 comitisse
690 1221 849 1303 dictisque
873 1221 1030 1286 militibus
1054 1220 1233 1288 domicellis
1257 1228 1290 1286 ot
1316 1222 1478 1286 Beltramo
1503 1219 1587 1304 aprud

253 1328 374 1393 dictam
398 1327 509 1392 sedem
532 1328 743 1412 presentibus,
779 1336 814 1392 ut
843 1328 1014 1412 prefertur,
1051 1349 1108 1412 per
1132 1329 1348 1394 venerabilem
1378 1329 1509 1393 fratrem
1533 1348 1588 1392 no-

253 1443 352 1501 strum
377 1434 599 1500 Gaucellinum
632 1437 817 1520 episcopum
843 1436 1057 1500 Albaueusem
1087 1436 1318 1520 penitenciarie
1348 1440 1456 1500 nostre
1480 1453 1588 1498 curam

254 1549 417 1626 gerentem
442 1542 483 1606 ab
508 1542 848 1606 excommunicationis
871 1542 1047 1624 sentencia,
1073 1562 1168 1624 quam
1184 1549 1316 1626 propter
1332 1541 1489 1626 premissa
1512 1560 1588 1622 quo·

252 1649 428 1714 modolibet
461 1650 671 1730 incurrerunt,
705 1650 793 1733 prius
828 1649 869 1713 ab
902 1648 1022 1714 eisdem
1048 1649 1211 1714 comitissa
1234 1648 1388 1713 militibus
1413 1647 1590 1712 domicellis

253 1764 287 1822 ct
312 1757 472 1821 Beltramo
496 1762 528 1819 et
552 1775 659 1820 eorum
688 1755 824 1838 singulis
854 1754 895 1820 de
925 1755 1040 1820 stando
1070 1755 1231 1820 mandatis
1256 1756 1392 1820 ecclesie
1416 1761 1513 1836 atque
1536 1774 1589 1817 nc-

164 1866 166 1869 ’
253 1865 327 1929 stris
351 1870 383 1927 et
406 1861 603 1945 iniungenda
637 1863 821 1946 penitencia
853 1862 1041 1946 peragenda
1075 1864 1252 1927 iuramento
1283 1869 1424 1947 recepto,
1457 1861 1590 1926 lecimus

253 1971 344 2034 iuxta
367 1970 503 2035 formam
529 1969 666 2033 ecclesie
689 1968 879 2033 beneficium
903 1969 1120 2034 absolucionis
1142 1968 1284 2053 impendi
1308 1988 1347 2034 ac
1367 1967 1471 2033 eidem
1496 1965 1590 2031 comi·

254 2079 331 2144 tisse
354 2078 484 2159 suisque
507 2076 581 2141 liliis
603 2076 821 2160 impuberibus
846 2096 957 2160 penas,
982 2097 1061 2158 quas
1084 2096 1142 2159 per
1159 2076 1201 2141 le.
1219 2097 1262 2141 rc.
1281 2075 1479 2159 Glelmentis]
1504 2095 1590 2160 papa

253 2185 283 2248 V
307 2182 544 2269 predecessoris
568 2184 668 2248 nostri
693 2182 952 2247 constitutionem
977 2183 1096 2248 editam
1121 2185 1152 2247 iu
1179 2184 1311 2248 consilio
1336 2183 1509 2247 Viennensi
1533 2201 1589 2246 scu

254 2292 319 2356 alia
341 2291 411 2355 iura
435 2291 591 2355 canonica
619 2311 743 2354 necnon
773 2309 832 2373 per
854 2295 978 2355 statuta
1001 2290 1212 2375 provincialia
1236 2295 1269 2354 ct
1292 2289 1463 2374 synodalia
1486 2291 1589 2354 incur·

254 2404 374 2480 rerunt,
408 2402 539 2482 propter
570 2395 632 2460 hoc
664 2396 814 2479 relaxari,
848 2397 993 2462 iniuncta
1026 2396 1250 2461 nichilominus
1280 2395 1398 2462 eisdem
1429 2397 1590 2460 comitisse

255 2504 411 2570 militibus
443 2502 622 2568 domicellis
645 2508 677 2566 et
702 2503 864 2569 Bcltramo
897 2524 955 2587 per
987 2504 1148 2588 prelatum
1179 2503 1366 2589 cpiscopnm
1396 2501 1589 2588 penitencia,

257 2632 320 2694 que
343 2612 496 2693 sequitur,
520 2630 578 2694 pro
602 2611 780 2692 premissis:
818 2608 979 2675 Videlicet
1002 2609 1086 2692 quod
1112 2611 1174 2694 ipsi
1198 2617 1230 2675 et
1254 2609 1380 2693 singuli,
1406 2629 1501 2692 quam
1525 2609 1590 2674 cito

257 2725 416 2802 poterunt,
441 2715 484 2782 ad
508 2716 669 2781 civitatem
695 2737 749 2780 seu
774 2716 879 2781 locum
902 2717 1064 2782 solennem
1088 2717 1347 2801 propinquiorem
1373 2715 1497 2781 civitati
1514 2715 1591 2780 Tre·

255 2825 391 2900 verensi,
425 2843 497 2888 cum
530 2823 571 2887 ad
605 2822 741 2887 eandem
764 2824 929 2887 civitatem
954 2824 1183 2888 Treverensem
1209 2843 1266 2908 pro
1290 2822 1477 2907 peragenda
1501 2823 1588 2906 peni·

257 2932 364 2995 teucia
397 2929 576 2994 huiusmodi
610 2931 731 3011 absque
759 2949 967 3013 personarum
991 2930 1141 3014 perieulis
1164 2951 1225 2994 non
1251 2929 1415 3004 auderent,
1451 2931 1535 2993 sicut
1559 2930 1590 2993 in

256 3057 364 3102 eorum
388 3043 592 3102 asseruerunt
617 3035 837 3108 conscienciis,
865 3035 1023 3101 accedere
1052 3036 1271 3121 personaliter,
1303 3056 1337 3101 se
1368 3035 1535 3101 conferant
1559 3041 1591 3100 et

256 3145 289 3208 in
314 3144 422 3226 aliquo
447 3143 531 3208 festo
555 3143 678 3209 solenni
702 3143 785 3208 sicut
808 3142 841 3207 in
866 3143 950 3207 iesto
974 3143 1200 3227 penthecostes
1224 3143 1370 3227 proximo
1395 3148 1539 3223 venturo,
1564 3142 1591 3207 si

257 3250 325 3316 fieri
351 3249 517 3315 commode
540 3249 671 3334 poterit,
695 3249 788 3314 aliter
812 3249 844 3313 in
868 3249 1001 3315 instanti
1025 3248 1205 3316 festivitate
1228 3249 1317 3315 beati
1340 3249 1492 3314 lobannis
1510 3250 1591 3333 Bap-

256 3358 331 3424 tiste
355 3357 406 3424 vel
430 3357 494 3422 alia
518 3356 652 3439 solenni,
685 3357 726 3421 ab
750 3358 896 3440 ingressu
922 3356 1065 3422 civitatis
1088 3357 1140 3422 vel
1170 3357 1231 3422 loci
1255 3355 1350 3421 nudis
1379 3355 1526 3441 pedibus,
1559 3362 1592 3421 et

255 3464 462 3530 nihilominus
498 3463 616 3548 prelati
647 3463 766 3527 milites
790 3462 949 3527 domicelli
976 3469 1008 3528 et
1032 3463 1212 3530 Beltramus
1235 3464 1267 3527 in
1293 3462 1409 3528 tunicis
1433 3465 1501 3529 sine
1525 3482 1592 3528 cor-

256 3571 348 3654 rigiis
371 3572 492 3653 absque
516 3570 659 3654 capuciis
682 3575 715 3634 et
739 3570 871 3644 insulis,
894 3577 927 3634 et
950 3569 1094 3635 totaliter
1116 3569 1308 3655 discopertis
1328 3570 1497 3654 capitibus,
1521 3590 1591 3654 por-

256 3684 362 3743 tantes
391 3679 532 3762 ipsorum
561 3675 678 3759 singuli
707 3695 801 3740 unum
827 3676 985 3740 torticium
1012 3696 1137 3741 cereum
1163 3675 1315 3761 ponderis
1339 3685 1474 3760 quatuor
1498 3677 1592 3742 libra·

255 3805 324 3850 rum
349 3784 391 3849 ad
415 3785 519 3848 minus
542 3803 713 3848 accensum
738 3784 949 3864 inmanibus,
975 3783 1179 3868 gradiantur3
1205 3790 1237 3849 ct
1262 3804 1332 3849 cum
1357 3783 1399 3849 ad
1424 3784 1591 3849 ecclesiam

256 3893 358 3977 ipsam
384 3891 598 3976 pervenerint,
632 3891 663 3954 in
692 3889 806 3954 maiori
830 3890 925 3955 altari
950 3890 1036 3955 dicte
1061 3891 1198 3957 ecclesie
1222 3890 1369 3976 predicta
1393 3891 1522 3956 torticia
1545 3891 1592 3956 sic

256 4017 394 4063 accensa
419 3996 536 4061 devote
553 4016 592 4060 ac
608 3996 770 4060 humiliter
793 3997 930 4062 offerant
954 4016 1108 4079 suumque
1132 4003 1255 4062 reatum
1276 3997 1457 4082 predictum
1474 3995 1591 4062 ibidem

257 4104 468 4169 confiteantur
492 4103 630 4187 publice,
665 4123 734 4168 cum
765 4103 866 4168 maior
895 4103 1016 4169 ibidem
1050 4103 1156 4168 aderit
1189 4103 1359 4169 multitudo
1383 4103 1504 4188 populi.
1551 4103 1593 4168 Et

256 4213 284 4276 si
308 4211 416 4275 iorsan
440 4209 569 4293 prefata
593 4209 757 4275 comitissa
782 4211 942 4276 torticium
967 4212 1048 4274 tanti
1074 4210 1225 4295 ponderis
1249 4218 1378 4295 portare
1394 4231 1456 4275 non
1473 4217 1592 4295 posset,

256 4317 335 4382 illud
359 4336 415 4401 pcr
440 4315 536 4380 alium
562 4337 668 4381 coram
693 4337 728 4382 se
753 4316 872 4382 deferri
896 4318 1008 4400 faciat,
1039 4324 1071 4382 et
1100 4317 1186 4382 aliud
1212 4319 1342 4384 minoris
1366 4316 1492 4382 deferat
1516 4339 1591 4402 pon·

257 4422 353 4505 deris,
387 4430 481 4507 prout
514 4424 712 4489 conscientia
741 4423 801 4489 sibi
831 4422 1004 4488 dictaverit
1028 4429 1060 4488 et
1085 4422 1204 4488 viderit
1228 4423 1392 4509 expedire.
1440 4424 1593 4490 Preterea

258 4530 421 4595 comitissa
445 4529 580 4614 prefata,
605 4529 782 4613 quamcito
807 4529 941 4595 comode
964 4531 1094 4614 poterit,
1119 4529 1160 4595 ad
1179 4529 1343 4596 civitatem
1361 4530 1593 4598 Treverensem

256 4637 491 4719 quinquaginta
532 4639 727 4702 transmittat
767 4636 926 4719 homines,
972 4638 1025 4719 qui
1066 4643 1134 4703 tute
1173 4637 1330 4704 accedere
1369 4636 1511 4702 audeant
1550 4637 1592 4703 ad

355 4780 385 4843 a)
403 4793 496 4832 corea:
516 4777 670 4848 cingulis?
