<?xml version="1.0" encoding="UTF-8"?>
<!DOCTYPE html PUBLIC "-//W3C//DTD XHTML 1.0 Transitional//EN"
    "http://www.w3.org/TR/xhtml1/DTD/xhtml1-transitional.dtd">
<html xmlns="http://www.w3.org/1999/xhtml" xml:lang="en" lang="en">
 <head>
  <title>
</title>
<meta http-equiv="Content-Type" content="text/html;charset=utf-8" />
  <meta name='ocr-system' content='tesseract 3.04.00' />
  <meta name='ocr-capabilities' content='ocr_page ocr_carea ocr_par ocr_line ocrx_word'/>
</head>
<body>
  <div class='ocr_page' id='page_1' title='image "./urkundenundrege00thimgoog_0478.png"; bbox 0 0 3642 5509; ppageno 0'>
   <div class='ocr_carea' id='block_1_1' title="bbox 744 445 1545 518">
    <p class='ocr_par' dir='ltr' id='par_1_1' title="bbox 744 445 1545 518">
     <span class='ocr_line' id='line_1_1' title="bbox 744 445 1545 518; baseline 0.004 -17"><span class='ocrx_word' id='word_1_1' title='bbox 744 445 813 502; x_wconf 78' lang='lat'>1332</span> <span class='ocrx_word' id='word_1_2' title='bbox 832 445 955 518; x_wconf 82' lang='lat' dir='ltr'>August</span> <span class='ocrx_word' id='word_1_3' title='bbox 973 445 998 501; x_wconf 77' lang='lat'><strong><em>2.</em></strong></span> <span class='ocrx_word' id='word_1_4' title='bbox 1492 446 1545 504; x_wconf 78' lang='lat'><strong><em>449</em></strong></span> 
     </span>
    </p>
   </div>
   <div class='ocr_carea' id='block_1_2' title="bbox 205 625 1547 1036">
    <p class='ocr_par' dir='ltr' id='par_1_2' title="bbox 205 625 1547 1036">
     <span class='ocr_line' id='line_1_2' title="bbox 210 625 1545 713; baseline 0.004 -23"><span class='ocrx_word' id='word_1_5' title='bbox 210 625 425 694; x_wconf 80' lang='lat' dir='ltr'><strong><em>acoioatrionr</em></strong></span> <span class='ocrx_word' id='word_1_6' title='bbox 458 628 533 694; x_wconf 87' lang='lat' dir='ltr'><strong><em>eccl.</em></strong></span> <span class='ocrx_word' id='word_1_7' title='bbox 558 627 594 694; x_wconf 79' lang='lat' dir='ltr'><strong><em>S.</em></strong></span> <span class='ocrx_word' id='word_1_8' title='bbox 619 627 731 693; x_wconf 82' lang='lat' dir='ltr'><strong><em>Morte</em></strong></span> <span class='ocrx_word' id='word_1_9' title='bbox 758 629 924 713; x_wconf 83' lang='lat' dir='ltr'><strong><em>Aquencia</em></strong></span> <span class='ocrx_word' id='word_1_10' title='bbox 956 628 1058 692; x_wconf 87' lang='lat' dir='ltr'><strong><em>Leod.</em></strong></span> <span class='ocrx_word' id='word_1_11' title='bbox 1083 628 1167 694; x_wconf 86' lang='lat' dir='ltr'><strong><em>dioc.</em></strong></span> <span class='ocrx_word' id='word_1_12' title='bbox 1191 630 1315 694; x_wconf 84' lang='lat' dir='ltr'><strong><em>ininotc</em></strong></span> <span class='ocrx_word' id='word_1_13' title='bbox 1344 631 1480 703; x_wconf 87' lang='lat' dir='ltr'><strong><em>detinet,</em></strong></span> <span class='ocrx_word' id='word_1_14' title='bbox 1507 633 1545 695; x_wconf 83' lang='lat' dir='ltr'><strong><em>in</em></strong></span> 
     </span>
     <span class='ocr_line' id='line_1_3' title="bbox 212 735 1544 821; baseline 0.004 -24"><span class='ocrx_word' id='word_1_15' title='bbox 212 736 308 798; x_wconf 84' lang='lat' dir='ltr'><strong><em>curio</em></strong></span> <span class='ocrx_word' id='word_1_16' title='bbox 325 736 456 800; x_wconf 81' lang='lat' dir='ltr'><strong><em>habitos</em></strong></span> <span class='ocrx_word' id='word_1_17' title='bbox 471 736 603 821; x_wconf 82' lang='lat' dir='ltr'><strong><em>publice</em></strong></span> <span class='ocrx_word' id='word_1_18' title='bbox 620 736 831 818; x_wconf 75' lang='lat' dir='ltr'><strong><em>denuncient,</em></strong></span> <span class='ocrx_word' id='word_1_19' title='bbox 848 737 953 800; x_wconf 89' lang='lat' dir='ltr'><strong><em>donec</em></strong></span> <span class='ocrx_word' id='word_1_20' title='bbox 969 737 1000 800; x_wconf 84' lang='lat' dir='ltr'><strong><em>ia</em></strong></span> <span class='ocrx_word' id='word_1_21' title='bbox 1015 735 1140 800; x_wconf 82' lang='lat' dir='ltr'><strong><em>de&#39;ctorn</em></strong></span> <span class='ocrx_word' id='word_1_22' title='bbox 1156 737 1371 801; x_wconf 79' lang='lat' dir='ltr'><strong><em>ccoloatrn‘one</em></strong></span> <span class='ocrx_word' id='word_1_23' title='bbox 1389 735 1544 803; x_wconf 82' lang='lat' dir='ltr'><strong><em>Conrado</em></strong></span> 
     </span>
     <span class='ocr_line' id='line_1_4' title="bbox 212 841 1547 929; baseline 0.004 -25"><span class='ocrx_word' id='word_1_24' title='bbox 212 841 312 926; x_wconf 68' lang='lat' dir='ltr'><strong><em>Hoyn</em></strong></span> <span class='ocrx_word' id='word_1_25' title='bbox 338 843 497 918; x_wconf 82' lang='lat' dir='ltr'><strong><em>dimittet,</em></strong></span> <span class='ocrx_word' id='word_1_26' title='bbox 523 844 728 928; x_wconf 80' lang='lat' dir='ltr'><strong><em>eundemque</em></strong></span> <span class='ocrx_word' id='word_1_27' title='bbox 753 845 865 924; x_wconf 84' lang='lat' dir='ltr'><strong><em>citent,</em></strong></span> <span class='ocrx_word' id='word_1_28' title='bbox 889 850 926 907; x_wconf 89' lang='lat' dir='ltr'><strong><em>nt</em></strong></span> <span class='ocrx_word' id='word_1_29' title='bbox 948 844 1047 928; x_wconf 80' lang='lat' dir='ltr'><strong><em>infra</em></strong></span> <span class='ocrx_word' id='word_1_30' title='bbox 1064 844 1150 908; x_wconf 80' lang='lat' dir='ltr'><strong><em>dnos</em></strong></span> <span class='ocrx_word' id='word_1_31' title='bbox 1172 865 1300 909; x_wconf 82' lang='lat' dir='ltr'><strong><em>mensor</em></strong></span> <span class='ocrx_word' id='word_1_32' title='bbox 1323 864 1437 908; x_wconf 79' lang='lat' dir='ltr'><strong><em>corone</em></strong></span> <span class='ocrx_word' id='word_1_33' title='bbox 1447 866 1547 929; x_wconf 87' lang='lat' dir='ltr'><strong><em>popo</em></strong></span> 
     </span>
     <span class='ocr_line' id='line_1_5' title="bbox 205 950 732 1036; baseline 0.006 -24"><span class='ocrx_word' id='word_1_34' title='bbox 205 950 437 1032; x_wconf 70' lang='lat' dir='ltr'><strong><em>personaliter</em></strong></span> <span class='ocrx_word' id='word_1_35' title='bbox 459 971 494 1016; x_wconf 85' lang='lat' dir='ltr'><strong><em>ae</em></strong></span> <span class='ocrx_word' id='word_1_36' title='bbox 516 956 732 1036; x_wconf 73' lang='lat' dir='ltr'><strong><em>representet.</em></strong></span> 
     </span>
    </p>
   </div>
   <div class='ocr_carea' id='block_1_3' title="bbox 211 1071 1550 5006">
    <p class='ocr_par' dir='ltr' id='par_1_3' title="bbox 319 1071 1545 1162">
     <span class='ocr_line' id='line_1_6' title="bbox 319 1071 1545 1162; baseline 0 -24"><span class='ocrx_word' id='word_1_37' title='bbox 319 1071 491 1156; x_wconf 88' lang='lat' dir='ltr'><strong><em>[Iohannes</em></strong></span> <span class='ocrx_word' id='word_1_38' title='bbox 514 1074 626 1160; x_wconf 87' lang='lat' dir='ltr'><strong>XXII]</strong></span> <span class='ocrx_word' id='word_1_39' title='bbox 650 1075 894 1162; x_wconf 91' lang='lat' dir='ltr'><strong><em>archiepiscopo</em></strong></span> <span class='ocrx_word' id='word_1_40' title='bbox 920 1074 1101 1143; x_wconf 82' lang='lat' dir='ltr'><strong><em>Coloniensi</em></strong></span> <span class='ocrx_word' id='word_1_41' title='bbox 1127 1085 1160 1141; x_wconf 89' lang='lat' dir='ltr'><strong><em>et</em></strong></span> <span class='ocrx_word' id='word_1_42' title='bbox 1184 1076 1336 1160; x_wconf 88' lang='lat' dir='ltr'><strong><em>episcopo</em></strong></span> <span class='ocrx_word' id='word_1_43' title='bbox 1361 1074 1545 1142; x_wconf 86' lang='lat' dir='ltr'><strong><em>Leodiensi.</em></strong></span> 
     </span>
    </p>

    <p class='ocr_par' dir='ltr' id='par_1_4' title="bbox 211 1180 1550 4917">
     <span class='ocr_line' id='line_1_7' title="bbox 318 1180 1545 1268; baseline 0.003 -23"><span class='ocrx_word' id='word_1_44' title='bbox 318 1181 370 1246; x_wconf 82' lang='lat' dir='ltr'><strong><em>Ad</em></strong></span> <span class='ocrx_word' id='word_1_45' title='bbox 402 1180 653 1268; x_wconf 91' lang='lat' dir='ltr'><strong><em>compescendos</em></strong></span> <span class='ocrx_word' id='word_1_46' title='bbox 677 1189 809 1248; x_wconf 88' lang='lat' dir='ltr'><strong><em>conatus</em></strong></span> <span class='ocrx_word' id='word_1_47' title='bbox 826 1233 833 1248; x_wconf 92' lang='lat'><strong><em>.</em></strong></span> <span class='ocrx_word' id='word_1_48' title='bbox 853 1231 887 1247; x_wconf 92' lang='lat'><strong><em>..</em></strong></span> <span class='ocrx_word' id='word_1_49' title='bbox 919 1183 1006 1249; x_wconf 88' lang='lat' dir='ltr'><strong><em>Sane</em></strong></span> <span class='ocrx_word' id='word_1_50' title='bbox 1039 1201 1109 1248; x_wconf 91' lang='lat' dir='ltr'><strong><em>cum</em></strong></span> <span class='ocrx_word' id='word_1_51' title='bbox 1143 1182 1219 1247; x_wconf 92' lang='lat' dir='ltr'><strong><em>olim</em></strong></span> <span class='ocrx_word' id='word_1_52' title='bbox 1243 1184 1436 1250; x_wconf 86' lang='lat' dir='ltr'><strong><em>auctoritate</em></strong></span> <span class='ocrx_word' id='word_1_53' title='bbox 1459 1183 1545 1249; x_wconf 89' lang='lat' dir='ltr'><strong><em>litte·</em></strong></span> 
     </span>
     <span class='ocr_line' id='line_1_8' title="bbox 212 1288 1546 1374; baseline 0.003 -24"><span class='ocrx_word' id='word_1_54' title='bbox 212 1306 318 1352; x_wconf 91' lang='lat' dir='ltr'><strong><em>rarum</em></strong></span> <span class='ocrx_word' id='word_1_55' title='bbox 353 1288 601 1374; x_wconf 89' lang='lat' dir='ltr'><strong><em>apostolicarum</em></strong></span> <span class='ocrx_word' id='word_1_56' title='bbox 640 1289 802 1372; x_wconf 90' lang='lat' dir='ltr'><strong><em>quondam</em></strong></span> <span class='ocrx_word' id='word_1_57' title='bbox 838 1289 973 1354; x_wconf 88' lang='lat' dir='ltr'><strong><em>Iohanni</em></strong></span> <span class='ocrx_word' id='word_1_58' title='bbox 1007 1289 1102 1373; x_wconf 90' lang='lat' dir='ltr'><strong><em>Hoyn</em></strong></span> <span class='ocrx_word' id='word_1_59' title='bbox 1142 1291 1297 1355; x_wconf 90' lang='lat' dir='ltr'><strong><em>canonico</em></strong></span> <span class='ocrx_word' id='word_1_60' title='bbox 1332 1290 1470 1358; x_wconf 80' lang='lat' dir='ltr'><strong><em>ecclesie</em></strong></span> <span class='ocrx_word' id='word_1_61' title='bbox 1505 1289 1546 1355; x_wconf 92' lang='lat' dir='ltr'><strong><em>de</em></strong></span> 
     </span>
     <span class='ocr_line' id='line_1_9' title="bbox 212 1394 1547 1481; baseline 0.004 -23"><span class='ocrx_word' id='word_1_62' title='bbox 212 1394 408 1479; x_wconf 85' lang='lat' dir='ltr'><strong><em>Aquisgrani</em></strong></span> <span class='ocrx_word' id='word_1_63' title='bbox 431 1396 532 1462; x_wconf 90' lang='lat' dir='ltr'><strong><em>Leod.</em></strong></span> <span class='ocrx_word' id='word_1_64' title='bbox 557 1396 641 1463; x_wconf 80' lang='lat' dir='ltr'><strong><em>(hoc.</em></strong></span> <span class='ocrx_word' id='word_1_65' title='bbox 672 1403 749 1462; x_wconf 91' lang='lat' dir='ltr'><strong><em>tuuc</em></strong></span> <span class='ocrx_word' id='word_1_66' title='bbox 772 1397 894 1463; x_wconf 90' lang='lat' dir='ltr'><strong><em>viventi</em></strong></span> <span class='ocrx_word' id='word_1_67' title='bbox 923 1395 964 1462; x_wconf 88' lang='lat' dir='ltr'><strong><em>de</em></strong></span> <span class='ocrx_word' id='word_1_68' title='bbox 988 1397 1157 1464; x_wconf 85' lang='lat' dir='ltr'><strong><em>scotastria</em></strong></span> <span class='ocrx_word' id='word_1_69' title='bbox 1180 1396 1281 1481; x_wconf 89' lang='lat' dir='ltr'><strong><em>ipsius</em></strong></span> <span class='ocrx_word' id='word_1_70' title='bbox 1309 1398 1447 1464; x_wconf 89' lang='lat' dir='ltr'><strong><em>ecclesie</em></strong></span> <span class='ocrx_word' id='word_1_71' title='bbox 1471 1404 1547 1463; x_wconf 89' lang='lat' dir='ltr'><strong><em>tunc</em></strong></span> 
     </span>
     <span class='ocr_line' id='line_1_10' title="bbox 211 1503 1547 1589; baseline 0.003 -23"><span class='ocrx_word' id='word_1_72' title='bbox 211 1511 350 1568; x_wconf 87' lang='lat' dir='ltr'><strong><em>vacante</em></strong></span> <span class='ocrx_word' id='word_1_73' title='bbox 373 1523 431 1589; x_wconf 92' lang='lat' dir='ltr'><strong><em>per</em></strong></span> <span class='ocrx_word' id='word_1_74' title='bbox 454 1512 588 1570; x_wconf 90' lang='lat' dir='ltr'><strong><em>mortem</em></strong></span> <span class='ocrx_word' id='word_1_75' title='bbox 612 1504 788 1571; x_wconf 78' lang='lat' dir='ltr'><strong><em>Christiani</em></strong></span> <span class='ocrx_word' id='word_1_76' title='bbox 817 1503 858 1569; x_wconf 90' lang='lat' dir='ltr'><strong><em>de</em></strong></span> <span class='ocrx_word' id='word_1_77' title='bbox 882 1504 1095 1588; x_wconf 83' lang='lat' dir='ltr'><strong><em>Porta-Regis</em></strong></span> <span class='ocrx_word' id='word_1_78' title='bbox 1119 1503 1262 1570; x_wconf 90' lang='lat' dir='ltr'><strong><em>eiusdem</em></strong></span> <span class='ocrx_word' id='word_1_79' title='bbox 1287 1505 1423 1571; x_wconf 90' lang='lat' dir='ltr'><strong><em>ecclesie</em></strong></span> <span class='ocrx_word' id='word_1_80' title='bbox 1446 1506 1547 1571; x_wconf 89' lang='lat' dir='ltr'><strong><em>scola·</em></strong></span> 
     </span>
     <span class='ocr_line' id='line_1_11' title="bbox 211 1605 1546 1694; baseline 0.001 -20"><span class='ocrx_word' id='word_1_81' title='bbox 211 1610 284 1676; x_wconf 89' lang='lat' dir='ltr'><strong><em>stici</em></strong></span> <span class='ocrx_word' id='word_1_82' title='bbox 302 1659 309 1674; x_wconf 90' lang='lat'><strong>.</strong></span> <span class='ocrx_word' id='word_1_83' title='bbox 329 1659 336 1675; x_wconf 93' lang='lat'>.</span> <span class='ocrx_word' id='word_1_84' title='bbox 354 1658 361 1672; x_wconf 89' lang='lat'><strong>.</strong></span> <span class='ocrx_word' id='word_1_85' title='bbox 395 1613 556 1694; x_wconf 90' lang='lat' dir='ltr'><strong><em>provisum</em></strong></span> <span class='ocrx_word' id='word_1_86' title='bbox 581 1611 706 1693; x_wconf 85' lang='lat' dir='ltr'><strong><em>luisset,</em></strong></span> <span class='ocrx_word' id='word_1_87' title='bbox 731 1611 808 1693; x_wconf 91' lang='lat' dir='ltr'><strong><em>quia</em></strong></span> <span class='ocrx_word' id='word_1_88' title='bbox 823 1610 1025 1677; x_wconf 79' lang='lat' dir='ltr'><strong><em>Christianus</em></strong></span> <span class='ocrx_word' id='word_1_89' title='bbox 1046 1609 1087 1676; x_wconf 90' lang='lat' dir='ltr'><strong><em>de</em></strong></span> <span class='ocrx_word' id='word_1_90' title='bbox 1103 1611 1268 1677; x_wconf 79' lang='lat' dir='ltr'><strong><em>Stumbele</em></strong></span> <span class='ocrx_word' id='word_1_91' title='bbox 1285 1605 1420 1677; x_wconf 85' lang='lat' dir='ltr'><strong><em>clericus</em></strong></span> <span class='ocrx_word' id='word_1_92' title='bbox 1436 1611 1546 1678; x_wconf 89' lang='lat' dir='ltr'><strong><em>Colon.</em></strong></span> 
     </span>
     <span class='ocr_line' id='line_1_12' title="bbox 212 1714 1547 1803; baseline 0.004 -24"><span class='ocrx_word' id='word_1_93' title='bbox 212 1714 307 1800; x_wconf 76' lang='lat' dir='ltr'><strong><em>dioc,</em></strong></span> <span class='ocrx_word' id='word_1_94' title='bbox 332 1717 416 1784; x_wconf 85' lang='lat' dir='ltr'><strong><em>falso</em></strong></span> <span class='ocrx_word' id='word_1_95' title='bbox 440 1737 585 1784; x_wconf 87' lang='lat' dir='ltr'><strong><em>asserens</em></strong></span> <span class='ocrx_word' id='word_1_96' title='bbox 601 1718 644 1782; x_wconf 88' lang='lat' dir='ltr'><strong><em>ad</em></strong></span> <span class='ocrx_word' id='word_1_97' title='bbox 661 1738 695 1784; x_wconf 92' lang='lat' dir='ltr'><strong><em>se</em></strong></span> <span class='ocrx_word' id='word_1_98' title='bbox 711 1719 912 1783; x_wconf 88' lang='lat' dir='ltr'><strong><em>scolastriam</em></strong></span> <span class='ocrx_word' id='word_1_99' title='bbox 936 1725 1084 1803; x_wconf 90' lang='lat' dir='ltr'><strong><em>spectare</em></strong></span> <span class='ocrx_word' id='word_1_100' title='bbox 1103 1719 1166 1782; x_wconf 90' lang='lat' dir='ltr'><strong><em>iam</em></strong></span> <span class='ocrx_word' id='word_1_101' title='bbox 1184 1717 1315 1800; x_wconf 90' lang='lat' dir='ltr'><strong><em>dictam,</em></strong></span> <span class='ocrx_word' id='word_1_102' title='bbox 1340 1719 1547 1803; x_wconf 87' lang='lat' dir='ltr'><strong><em>impediebat,</em></strong></span> 
     </span>
     <span class='ocr_line' id='line_1_13' title="bbox 213 1823 1547 1909; baseline 0.001 -21"><span class='ocrx_word' id='word_1_103' title='bbox 213 1825 380 1905; x_wconf 82' lang='lat' dir='ltr'><strong><em>quominus</em></strong></span> <span class='ocrx_word' id='word_1_104' title='bbox 403 1824 582 1891; x_wconf 89' lang='lat' dir='ltr'><strong><em>huiusmodi</em></strong></span> <span class='ocrx_word' id='word_1_105' title='bbox 617 1823 757 1909; x_wconf 83' lang='lat' dir='ltr'><strong><em>provisio</em></strong></span> <span class='ocrx_word' id='word_1_106' title='bbox 787 1825 931 1890; x_wconf 87' lang='lat' dir='ltr'><strong><em>debitum</em></strong></span> <span class='ocrx_word' id='word_1_107' title='bbox 964 1825 1314 1906; x_wconf 76' lang='lat' dir='ltr'><strong><em>sortiretureIIectum,</em></strong></span> <span class='ocrx_word' id='word_1_108' title='bbox 1347 1826 1547 1891; x_wconf 81' lang='lat' dir='ltr'><strong><em>scolastrIam</em></strong></span> 
     </span>
     <span class='ocr_line' id='line_1_14' title="bbox 212 1931 1548 2018; baseline 0.001 -21"><span class='ocrx_word' id='word_1_109' title='bbox 212 1943 388 2018; x_wconf 90' lang='lat' dir='ltr'><strong><em>occuparat</em></strong></span> <span class='ocrx_word' id='word_1_110' title='bbox 411 1941 443 1999; x_wconf 88' lang='lat' dir='ltr'><strong><em>et</em></strong></span> <span class='ocrx_word' id='word_1_111' title='bbox 467 1931 633 1998; x_wconf 89' lang='lat' dir='ltr'><strong><em>detinebat</em></strong></span> <span class='ocrx_word' id='word_1_112' title='bbox 657 1934 753 1998; x_wconf 89' lang='lat' dir='ltr'><strong><em>etiam</em></strong></span> <span class='ocrx_word' id='word_1_113' title='bbox 777 1941 979 2018; x_wconf 86' lang='lat' dir='ltr'><strong><em>occupatam,</em></strong></span> <span class='ocrx_word' id='word_1_114' title='bbox 1007 1933 1130 1999; x_wconf 87' lang='lat' dir='ltr'><strong><em>fructus</em></strong></span> <span class='ocrx_word' id='word_1_115' title='bbox 1153 1933 1334 2018; x_wconf 88' lang='lat' dir='ltr'><strong><em>percipiens</em></strong></span> <span class='ocrx_word' id='word_1_116' title='bbox 1357 1954 1399 2000; x_wconf 82' lang='lat' dir='ltr'><strong><em>ex</em></strong></span> <span class='ocrx_word' id='word_1_117' title='bbox 1422 1931 1548 2014; x_wconf 87' lang='lat' dir='ltr'><strong><em>eadem,</em></strong></span> 
     </span>
     <span class='ocr_line' id='line_1_15' title="bbox 212 2038 1547 2127; baseline 0 -23"><span class='ocrx_word' id='word_1_118' title='bbox 212 2047 245 2105; x_wconf 88' lang='lat' dir='ltr'><strong><em>et</em></strong></span> <span class='ocrx_word' id='word_1_119' title='bbox 283 2040 508 2107; x_wconf 87' lang='lat' dir='ltr'><strong><em>nichilominus</em></strong></span> <span class='ocrx_word' id='word_1_120' title='bbox 543 2062 563 2105; x_wconf 94' lang='lat' dir='ltr'><strong><em>a</em></strong></span> <span class='ocrx_word' id='word_1_121' title='bbox 598 2039 687 2107; x_wconf 91' lang='lat' dir='ltr'><strong><em>dicta</em></strong></span> <span class='ocrx_word' id='word_1_122' title='bbox 722 2040 904 2124; x_wconf 86' lang='lat' dir='ltr'><strong><em>provisione</em></strong></span> <span class='ocrx_word' id='word_1_123' title='bbox 940 2038 983 2104; x_wconf 90' lang='lat' dir='ltr'><strong><em>ad</em></strong></span> <span class='ocrx_word' id='word_1_124' title='bbox 1017 2038 1128 2106; x_wconf 89' lang='lat' dir='ltr'><strong><em>sedem</em></strong></span> <span class='ocrx_word' id='word_1_125' title='bbox 1163 2039 1301 2107; x_wconf 85' lang='lat' dir='ltr'><strong><em>duxerat</em></strong></span> <span class='ocrx_word' id='word_1_126' title='bbox 1335 2040 1547 2127; x_wconf 88' lang='lat' dir='ltr'><strong><em>apostolicam</em></strong></span> 
     </span>
     <span class='ocr_line' id='line_1_16' title="bbox 212 2145 1549 2233; baseline 0.001 -22"><span class='ocrx_word' id='word_1_127' title='bbox 212 2146 450 2232; x_wconf 88' lang='lat' dir='ltr'><strong><em>appellandum,</em></strong></span> <span class='ocrx_word' id='word_1_128' title='bbox 474 2168 533 2213; x_wconf 92' lang='lat' dir='ltr'><strong><em>nos</em></strong></span> <span class='ocrx_word' id='word_1_129' title='bbox 556 2147 598 2212; x_wconf 91' lang='lat' dir='ltr'><strong><em>ad</em></strong></span> <span class='ocrx_word' id='word_1_130' title='bbox 617 2147 802 2213; x_wconf 83' lang='lat' dir='ltr'><strong><em>instantiam</em></strong></span> <span class='ocrx_word' id='word_1_131' title='bbox 821 2145 900 2211; x_wconf 90' lang='lat' dir='ltr'><strong><em>dicti</em></strong></span> <span class='ocrx_word' id='word_1_132' title='bbox 917 2145 1070 2212; x_wconf 90' lang='lat' dir='ltr'><strong><em>Iohannis</em></strong></span> <span class='ocrx_word' id='word_1_133' title='bbox 1088 2197 1095 2212; x_wconf 94' lang='lat'><strong>.</strong></span> <span class='ocrx_word' id='word_1_134' title='bbox 1113 2196 1121 2211; x_wconf 88' lang='lat'><strong>.</strong></span> <span class='ocrx_word' id='word_1_135' title='bbox 1140 2196 1148 2212; x_wconf 89' lang='lat'><strong>.</strong></span> <span class='ocrx_word' id='word_1_136' title='bbox 1165 2148 1295 2213; x_wconf 90' lang='lat' dir='ltr'><strong><em>Petrum</em></strong></span> <span class='ocrx_word' id='word_1_137' title='bbox 1312 2147 1388 2213; x_wconf 88' lang='lat' dir='ltr'><strong><em>Albi</em></strong></span> <span class='ocrx_word' id='word_1_138' title='bbox 1412 2147 1549 2233; x_wconf 88' lang='lat' dir='ltr'><strong><em>capella·</em></strong></span> 
     </span>
     <span class='ocr_line' id='line_1_17' title="bbox 211 2253 1548 2340; baseline -0.001 -22"><span class='ocrx_word' id='word_1_139' title='bbox 211 2273 286 2319; x_wconf 88' lang='lat' dir='ltr'><strong><em>num</em></strong></span> <span class='ocrx_word' id='word_1_140' title='bbox 319 2261 461 2320; x_wconf 89' lang='lat' dir='ltr'><strong><em>nostrum</em></strong></span> <span class='ocrx_word' id='word_1_141' title='bbox 495 2261 528 2320; x_wconf 90' lang='lat' dir='ltr'><strong><em>et</em></strong></span> <span class='ocrx_word' id='word_1_142' title='bbox 557 2253 728 2340; x_wconf 88' lang='lat' dir='ltr'><strong><em>apostolici</em></strong></span> <span class='ocrx_word' id='word_1_143' title='bbox 758 2253 871 2338; x_wconf 90' lang='lat' dir='ltr'><strong><em>palatii</em></strong></span> <span class='ocrx_word' id='word_1_144' title='bbox 904 2253 1000 2338; x_wconf 91' lang='lat' dir='ltr'><strong><em>primi</em></strong></span> <span class='ocrx_word' id='word_1_145' title='bbox 1023 2253 1144 2338; x_wconf 86' lang='lat' dir='ltr'><strong><em>gradus</em></strong></span> <span class='ocrx_word' id='word_1_146' title='bbox 1175 2253 1355 2321; x_wconf 89' lang='lat' dir='ltr'><strong><em>auditorem</em></strong></span> <span class='ocrx_word' id='word_1_147' title='bbox 1380 2274 1548 2320; x_wconf 86' lang='lat' dir='ltr'><strong><em>causarum</em></strong></span> 
     </span>
     <span class='ocr_line' id='line_1_18' title="bbox 212 2359 1549 2447; baseline 0 -21"><span class='ocrx_word' id='word_1_148' title='bbox 212 2361 397 2447; x_wconf 87' lang='lat' dir='ltr'><strong><em>specialiter</em></strong></span> <span class='ocrx_word' id='word_1_149' title='bbox 431 2360 656 2447; x_wconf 84' lang='lat' dir='ltr'><strong><em>deputavimus</em></strong></span> <span class='ocrx_word' id='word_1_150' title='bbox 680 2359 870 2436; x_wconf 88' lang='lat' dir='ltr'><strong><em>auditorem,</em></strong></span> <span class='ocrx_word' id='word_1_151' title='bbox 904 2361 959 2444; x_wconf 93' lang='lat' dir='ltr'><strong><em>qui</em></strong></span> <span class='ocrx_word' id='word_1_152' title='bbox 982 2361 1146 2446; x_wconf 87' lang='lat' dir='ltr'><strong><em>premissis</em></strong></span> <span class='ocrx_word' id='word_1_153' title='bbox 1179 2368 1291 2428; x_wconf 89' lang='lat' dir='ltr'><strong><em>contra</em></strong></span> <span class='ocrx_word' id='word_1_154' title='bbox 1314 2361 1436 2428; x_wconf 90' lang='lat' dir='ltr'><strong><em>dictum</em></strong></span> <span class='ocrx_word' id='word_1_155' title='bbox 1459 2361 1549 2427; x_wconf 91' lang='lat' dir='ltr'><strong><em>Chri·</em></strong></span> 
     </span>
     <span class='ocr_line' id='line_1_19' title="bbox 212 2466 1550 2555; baseline 0.001 -23"><span class='ocrx_word' id='word_1_156' title='bbox 212 2469 349 2533; x_wconf 88' lang='lat' dir='ltr'><strong><em>stiauum</em></strong></span> <span class='ocrx_word' id='word_1_157' title='bbox 378 2466 496 2534; x_wconf 88' lang='lat' dir='ltr'><strong><em>debitis</em></strong></span> <span class='ocrx_word' id='word_1_158' title='bbox 525 2474 557 2533; x_wconf 92' lang='lat' dir='ltr'><strong><em>et</em></strong></span> <span class='ocrx_word' id='word_1_159' title='bbox 587 2469 747 2534; x_wconf 89' lang='lat' dir='ltr'><strong><em>consuetis</em></strong></span> <span class='ocrx_word' id='word_1_160' title='bbox 772 2467 984 2535; x_wconf 89' lang='lat' dir='ltr'><strong><em>citaoionibus</em></strong></span> <span class='ocrx_word' id='word_1_161' title='bbox 1012 2469 1046 2533; x_wconf 94' lang='lat' dir='ltr'><strong><em>in</em></strong></span> <span class='ocrx_word' id='word_1_162' title='bbox 1074 2468 1240 2535; x_wconf 89' lang='lat' dir='ltr'><strong><em>audientia</em></strong></span> <span class='ocrx_word' id='word_1_163' title='bbox 1269 2469 1410 2555; x_wconf 87' lang='lat' dir='ltr'><strong><em>publica,</em></strong></span> <span class='ocrx_word' id='word_1_164' title='bbox 1440 2475 1475 2534; x_wconf 88' lang='lat' dir='ltr'><strong><em>ut</em></strong></span> <span class='ocrx_word' id='word_1_165' title='bbox 1500 2475 1550 2534; x_wconf 89' lang='lat' dir='ltr'><strong><em>cst</em></strong></span> 
     </span>
     <span class='ocr_line' id='line_1_20' title="bbox 212 2573 1549 2661; baseline 0 -22"><span class='ocrx_word' id='word_1_166' title='bbox 212 2575 322 2658; x_wconf 88' lang='lat' dir='ltr'><strong><em>moris,</em></strong></span> <span class='ocrx_word' id='word_1_167' title='bbox 367 2573 409 2640; x_wconf 91' lang='lat' dir='ltr'><strong><em>de</em></strong></span> <span class='ocrx_word' id='word_1_168' title='bbox 445 2574 666 2641; x_wconf 83' lang='lat' dir='ltr'><strong><em>obauditurum</em></strong></span> <span class='ocrx_word' id='word_1_169' title='bbox 705 2594 833 2640; x_wconf 90' lang='lat' dir='ltr'><strong><em>suorum</em></strong></span> <span class='ocrx_word' id='word_1_170' title='bbox 874 2573 955 2640; x_wconf 87' lang='lat' dir='ltr'><strong><em>dicti</em></strong></span> <span class='ocrx_word' id='word_1_171' title='bbox 994 2575 1108 2660; x_wconf 91' lang='lat' dir='ltr'><strong><em>palatii</em></strong></span> <span class='ocrx_word' id='word_1_172' title='bbox 1149 2575 1282 2642; x_wconf 91' lang='lat' dir='ltr'><strong><em>consilio</em></strong></span> <span class='ocrx_word' id='word_1_173' title='bbox 1324 2577 1549 2661; x_wconf 85' lang='lat' dir='ltr'><strong><em>pronunciavit</em></strong></span> 
     </span>
     <span class='ocr_line' id='line_1_21' title="bbox 213 2682 1548 2768; baseline 0.002 -22"><span class='ocrx_word' id='word_1_174' title='bbox 213 2689 420 2766; x_wconf 87' lang='lat' dir='ltr'><strong><em>procuratore</em></strong></span> <span class='ocrx_word' id='word_1_175' title='bbox 452 2683 553 2768; x_wconf 91' lang='lat' dir='ltr'><strong><em>ipsius</em></strong></span> <span class='ocrx_word' id='word_1_176' title='bbox 582 2682 735 2747; x_wconf 90' lang='lat' dir='ltr'><strong><em>Iohannis</em></strong></span> <span class='ocrx_word' id='word_1_177' title='bbox 768 2687 916 2766; x_wconf 88' lang='lat' dir='ltr'><strong><em>presente</em></strong></span> <span class='ocrx_word' id='word_1_178' title='bbox 948 2684 982 2746; x_wconf 92' lang='lat' dir='ltr'><strong><em>in</em></strong></span> <span class='ocrx_word' id='word_1_179' title='bbox 1015 2683 1248 2747; x_wconf 89' lang='lat' dir='ltr'><strong><em>contumaciam</em></strong></span> <span class='ocrx_word' id='word_1_180' title='bbox 1282 2684 1384 2767; x_wconf 86' lang='lat' dir='ltr'><strong><em>partis</em></strong></span> <span class='ocrx_word' id='word_1_181' title='bbox 1407 2682 1548 2765; x_wconf 91' lang='lat' dir='ltr'><strong><em>alterius,</em></strong></span> 
     </span>
     <span class='ocr_line' id='line_1_22' title="bbox 214 2787 1550 2876; baseline 0.001 -22"><span class='ocrx_word' id='word_1_182' title='bbox 214 2808 342 2854; x_wconf 89' lang='lat' dir='ltr'><strong><em>causam</em></strong></span> <span class='ocrx_word' id='word_1_183' title='bbox 367 2788 550 2856; x_wconf 88' lang='lat' dir='ltr'><strong><em>huiusmodi</em></strong></span> <span class='ocrx_word' id='word_1_184' title='bbox 573 2789 672 2854; x_wconf 86' lang='lat' dir='ltr'><strong><em>fuisse</em></strong></span> <span class='ocrx_word' id='word_1_185' title='bbox 694 2787 736 2853; x_wconf 92' lang='lat' dir='ltr'><strong><em>ad</em></strong></span> <span class='ocrx_word' id='word_1_186' title='bbox 760 2787 879 2853; x_wconf 88' lang='lat' dir='ltr'><strong><em>dictam</em></strong></span> <span class='ocrx_word' id='word_1_187' title='bbox 904 2789 1014 2854; x_wconf 90' lang='lat' dir='ltr'><strong><em>sedem</em></strong></span> <span class='ocrx_word' id='word_1_188' title='bbox 1038 2789 1181 2872; x_wconf 83' lang='lat' dir='ltr'><strong><em>legitime</em></strong></span> <span class='ocrx_word' id='word_1_189' title='bbox 1198 2788 1382 2855; x_wconf 88' lang='lat' dir='ltr'><strong><em>devolutam</em></strong></span> <span class='ocrx_word' id='word_1_190' title='bbox 1406 2797 1439 2856; x_wconf 90' lang='lat' dir='ltr'><strong><em>et</em></strong></span> <span class='ocrx_word' id='word_1_191' title='bbox 1462 2790 1550 2876; x_wconf 88' lang='lat' dir='ltr'><strong><em>apud</em></strong></span> 
     </span>
     <span class='ocr_line' id='line_1_23' title="bbox 218 2895 1549 2979; baseline 0.002 -19"><span class='ocrx_word' id='word_1_192' title='bbox 218 2915 289 2960; x_wconf 90' lang='lat' dir='ltr'><strong><em>cam</em></strong></span> <span class='ocrx_word' id='word_1_193' title='bbox 306 2897 439 2962; x_wconf 87' lang='lat' dir='ltr'><strong><em>tractari</em></strong></span> <span class='ocrx_word' id='word_1_194' title='bbox 463 2904 495 2962; x_wconf 92' lang='lat' dir='ltr'><strong><em>et</em></strong></span> <span class='ocrx_word' id='word_1_195' title='bbox 511 2895 594 2960; x_wconf 84' lang='lat' dir='ltr'><strong><em>finiri</em></strong></span> <span class='ocrx_word' id='word_1_196' title='bbox 619 2895 747 2979; x_wconf 87' lang='lat' dir='ltr'><strong><em>debere,</em></strong></span> <span class='ocrx_word' id='word_1_197' title='bbox 773 2916 812 2962; x_wconf 88' lang='lat' dir='ltr'><strong><em>ac</em></strong></span> <span class='ocrx_word' id='word_1_198' title='bbox 829 2903 948 2962; x_wconf 88' lang='lat' dir='ltr'><strong><em>extunc</em></strong></span> <span class='ocrx_word' id='word_1_199' title='bbox 970 2895 1013 2962; x_wconf 92' lang='lat' dir='ltr'><strong><em>ad</em></strong></span> <span class='ocrx_word' id='word_1_200' title='bbox 1030 2904 1135 2962; x_wconf 87' lang='lat' dir='ltr'><strong><em>certos</em></strong></span> <span class='ocrx_word' id='word_1_201' title='bbox 1157 2905 1250 2962; x_wconf 89' lang='lat' dir='ltr'><strong><em>actus</em></strong></span> <span class='ocrx_word' id='word_1_202' title='bbox 1266 2898 1298 2961; x_wconf 89' lang='lat' dir='ltr'><strong><em>in</em></strong></span> <span class='ocrx_word' id='word_1_203' title='bbox 1315 2899 1549 2962; x_wconf 90' lang='lat' dir='ltr'><strong><em>contumaciam</em></strong></span> 
     </span>
     <span class='ocr_line' id='line_1_24' title="bbox 214 3000 1548 3088; baseline 0.001 -20"><span class='ocrx_word' id='word_1_204' title='bbox 214 3003 314 3088; x_wconf 89' lang='lat' dir='ltr'><strong><em>ipsius</em></strong></span> <span class='ocrx_word' id='word_1_205' title='bbox 330 3002 504 3070; x_wconf 77' lang='lat' dir='ltr'><strong><em>Christiani</em></strong></span> <span class='ocrx_word' id='word_1_206' title='bbox 522 3022 592 3068; x_wconf 92' lang='lat' dir='ltr'><strong><em>cum</em></strong></span> <span class='ocrx_word' id='word_1_207' title='bbox 610 3000 722 3068; x_wconf 88' lang='lat' dir='ltr'><strong><em>eodem</em></strong></span> <span class='ocrx_word' id='word_1_208' title='bbox 745 3009 951 3088; x_wconf 89' lang='lat' dir='ltr'><strong><em>procuratore</em></strong></span> <span class='ocrx_word' id='word_1_209' title='bbox 974 3003 1006 3067; x_wconf 94' lang='lat' dir='ltr'><strong><em>in</em></strong></span> <span class='ocrx_word' id='word_1_210' title='bbox 1024 3023 1122 3068; x_wconf 90' lang='lat' dir='ltr'><strong><em>causa</em></strong></span> <span class='ocrx_word' id='word_1_211' title='bbox 1138 3003 1209 3087; x_wconf 89' lang='lat' dir='ltr'><strong><em>ipsa</em></strong></span> <span class='ocrx_word' id='word_1_212' title='bbox 1225 3004 1393 3088; x_wconf 87' lang='lat' dir='ltr'><strong><em>processit.</em></strong></span> <span class='ocrx_word' id='word_1_213' title='bbox 1440 3003 1548 3070; x_wconf 80' lang='lat' dir='ltr'><strong><em>Dicto</em></strong></span> 
     </span>
     <span class='ocr_line' id='line_1_25' title="bbox 214 3108 1550 3195; baseline 0.003 -21"><span class='ocrx_word' id='word_1_214' title='bbox 214 3129 276 3192; x_wconf 90' lang='lat' dir='ltr'><strong><em>que</em></strong></span> <span class='ocrx_word' id='word_1_215' title='bbox 300 3108 449 3175; x_wconf 90' lang='lat' dir='ltr'><strong><em>auditore</em></strong></span> <span class='ocrx_word' id='word_1_216' title='bbox 481 3129 515 3175; x_wconf 89' lang='lat' dir='ltr'><strong><em>se</em></strong></span> <span class='ocrx_word' id='word_1_217' title='bbox 540 3109 581 3175; x_wconf 90' lang='lat' dir='ltr'><strong><em>de</em></strong></span> <span class='ocrx_word' id='word_1_218' title='bbox 606 3109 751 3175; x_wconf 89' lang='lat' dir='ltr'><strong><em>Romana</em></strong></span> <span class='ocrx_word' id='word_1_219' title='bbox 781 3110 870 3173; x_wconf 86' lang='lat' dir='ltr'><strong><em>curia</em></strong></span> <span class='ocrx_word' id='word_1_220' title='bbox 892 3109 1083 3175; x_wconf 88' lang='lat' dir='ltr'><strong><em>absentante</em></strong></span> <span class='ocrx_word' id='word_1_221' title='bbox 1107 3158 1114 3173; x_wconf 92' lang='lat'><em>.</em></span> <span class='ocrx_word' id='word_1_222' title='bbox 1139 3159 1146 3174; x_wconf 89' lang='lat'><strong>.</strong></span> <span class='ocrx_word' id='word_1_223' title='bbox 1169 3159 1176 3174; x_wconf 90' lang='lat'><strong>.</strong></span> <span class='ocrx_word' id='word_1_224' title='bbox 1199 3111 1355 3194; x_wconf 83' lang='lat' dir='ltr'><strong><em>magister</em></strong></span> <span class='ocrx_word' id='word_1_225' title='bbox 1378 3110 1484 3195; x_wconf 82' lang='lat' dir='ltr'><strong><em>Cngo</em></strong></span> <span class='ocrx_word' id='word_1_226' title='bbox 1508 3110 1550 3178; x_wconf 92' lang='lat' dir='ltr'><strong><em>de</em></strong></span> 
     </span>
     <span class='ocr_line' id='line_1_26' title="bbox 214 3215 1550 3303; baseline 0 -21"><span class='ocrx_word' id='word_1_227' title='bbox 214 3215 335 3282; x_wconf 88' lang='lat' dir='ltr'><strong><em>Sancto</em></strong></span> <span class='ocrx_word' id='word_1_228' title='bbox 368 3217 528 3283; x_wconf 85' lang='lat' dir='ltr'><strong><em>Germano</em></strong></span> <span class='ocrx_word' id='word_1_229' title='bbox 562 3217 748 3301; x_wconf 90' lang='lat' dir='ltr'><strong><em>capellanus</em></strong></span> <span class='ocrx_word' id='word_1_230' title='bbox 781 3223 888 3283; x_wconf 81' lang='lat' dir='ltr'><strong><em>noster</em></strong></span> <span class='ocrx_word' id='word_1_231' title='bbox 921 3215 1066 3299; x_wconf 90' lang='lat' dir='ltr'><strong><em>dictique</em></strong></span> <span class='ocrx_word' id='word_1_232' title='bbox 1099 3217 1220 3302; x_wconf 89' lang='lat' dir='ltr'><strong><em>palatie</em></strong></span> <span class='ocrx_word' id='word_1_233' title='bbox 1252 3217 1396 3283; x_wconf 89' lang='lat' dir='ltr'><strong><em>eiusdem</em></strong></span> <span class='ocrx_word' id='word_1_234' title='bbox 1428 3216 1550 3303; x_wconf 85' lang='lat' dir='ltr'><strong><em>gradus</em></strong></span> 
     </span>
     <span class='ocr_line' id='line_1_27' title="bbox 214 3323 1550 3411; baseline 0.001 -21"><span class='ocrx_word' id='word_1_235' title='bbox 214 3343 380 3390; x_wconf 92' lang='lat' dir='ltr'><strong><em>causarum</em></strong></span> <span class='ocrx_word' id='word_1_236' title='bbox 404 3323 575 3390; x_wconf 82' lang='lat' dir='ltr'><strong><em>auditura</em></strong></span> <span class='ocrx_word' id='word_1_237' title='bbox 600 3325 691 3390; x_wconf 87' lang='lat' dir='ltr'><strong><em>nobis</em></strong></span> <span class='ocrx_word' id='word_1_238' title='bbox 720 3344 816 3411; x_wconf 87' lang='lat' dir='ltr'><strong><em>super</em></strong></span> <span class='ocrx_word' id='word_1_239' title='bbox 841 3323 900 3391; x_wconf 91' lang='lat' dir='ltr'><strong><em>hoc</em></strong></span> <span class='ocrx_word' id='word_1_240' title='bbox 925 3324 1118 3408; x_wconf 84' lang='lat' dir='ltr'><strong><em>subrogatus</em></strong></span> <span class='ocrx_word' id='word_1_241' title='bbox 1150 3324 1192 3390; x_wconf 91' lang='lat' dir='ltr'><strong><em>ad</em></strong></span> <span class='ocrx_word' id='word_1_242' title='bbox 1217 3333 1322 3391; x_wconf 90' lang='lat' dir='ltr'><strong><em>certos</em></strong></span> <span class='ocrx_word' id='word_1_243' title='bbox 1354 3326 1435 3392; x_wconf 91' lang='lat' dir='ltr'><strong><em>alios</em></strong></span> <span class='ocrx_word' id='word_1_244' title='bbox 1457 3335 1550 3392; x_wconf 90' lang='lat' dir='ltr'><strong><em>actus</em></strong></span> 
     </span>
     <span class='ocr_line' id='line_1_28' title="bbox 213 3430 1549 3519; baseline 0.002 -24"><span class='ocrx_word' id='word_1_245' title='bbox 213 3433 246 3496; x_wconf 91' lang='lat' dir='ltr'><strong><em>iu</em></strong></span> <span class='ocrx_word' id='word_1_246' title='bbox 276 3430 365 3499; x_wconf 84' lang='lat' dir='ltr'><strong><em>dIcta</em></strong></span> <span class='ocrx_word' id='word_1_247' title='bbox 395 3453 493 3499; x_wconf 83' lang='lat' dir='ltr'><strong><em>causa</em></strong></span> <span class='ocrx_word' id='word_1_248' title='bbox 526 3433 667 3498; x_wconf 89' lang='lat' dir='ltr'><strong><em>noscitur</em></strong></span> <span class='ocrx_word' id='word_1_249' title='bbox 691 3432 896 3519; x_wconf 89' lang='lat' dir='ltr'><strong><em>processisse.</em></strong></span> <span class='ocrx_word' id='word_1_250' title='bbox 944 3433 986 3498; x_wconf 82' lang='lat' dir='ltr'><strong><em>ut</em></strong></span> <span class='ocrx_word' id='word_1_251' title='bbox 1014 3452 1085 3498; x_wconf 88' lang='lat' dir='ltr'><strong><em>oum</em></strong></span> <span class='ocrx_word' id='word_1_252' title='bbox 1120 3432 1225 3498; x_wconf 89' lang='lat' dir='ltr'><strong><em>dictus</em></strong></span> <span class='ocrx_word' id='word_1_253' title='bbox 1249 3431 1408 3499; x_wconf 90' lang='lat' dir='ltr'><strong><em>Iohannes</em></strong></span> <span class='ocrx_word' id='word_1_254' title='bbox 1436 3440 1549 3498; x_wconf 87' lang='lat' dir='ltr'><strong><em>nature</em></strong></span> 
     </span>
     <span class='ocr_line' id='line_1_29' title="bbox 214 3538 1548 3626; baseline -0.001 -22"><span class='ocrx_word' id='word_1_255' title='bbox 214 3538 359 3605; x_wconf 90' lang='lat' dir='ltr'><strong><em>debitum</em></strong></span> <span class='ocrx_word' id='word_1_256' title='bbox 391 3539 607 3626; x_wconf 87' lang='lat' dir='ltr'><strong><em>persolvisset,</em></strong></span> <span class='ocrx_word' id='word_1_257' title='bbox 641 3559 699 3606; x_wconf 85' lang='lat' dir='ltr'><strong><em>uos</em></strong></span> <span class='ocrx_word' id='word_1_258' title='bbox 722 3589 729 3604; x_wconf 94' lang='lat'>.</span> <span class='ocrx_word' id='word_1_259' title='bbox 755 3589 792 3604; x_wconf 90' lang='lat'><strong><em>..</em></strong></span> <span class='ocrx_word' id='word_1_260' title='bbox 834 3538 1016 3605; x_wconf 90' lang='lat' dir='ltr'><strong><em>Conradum</em></strong></span> <span class='ocrx_word' id='word_1_261' title='bbox 1040 3540 1135 3625; x_wconf 84' lang='lat' dir='ltr'><strong><em>Hoyn</em></strong></span> <span class='ocrx_word' id='word_1_262' title='bbox 1169 3538 1372 3606; x_wconf 81' lang='lat' dir='ltr'><strong><em>scolastIcum</em></strong></span> <span class='ocrx_word' id='word_1_263' title='bbox 1406 3538 1548 3606; x_wconf 89' lang='lat' dir='ltr'><strong><em>eiusdem</em></strong></span> 
     </span>
     <span class='ocr_line' id='line_1_30' title="bbox 214 3645 1548 3730; baseline -0.001 -18"><span class='ocrx_word' id='word_1_264' title='bbox 214 3648 351 3714; x_wconf 87' lang='lat' dir='ltr'><strong><em>ecclesie</em></strong></span> <span class='ocrx_word' id='word_1_265' title='bbox 376 3648 462 3713; x_wconf 88' lang='lat' dir='ltr'><strong><em>dicto</em></strong></span> <span class='ocrx_word' id='word_1_266' title='bbox 487 3646 621 3712; x_wconf 91' lang='lat' dir='ltr'><strong><em>Iohanni</em></strong></span> <span class='ocrx_word' id='word_1_267' title='bbox 656 3645 697 3712; x_wconf 85' lang='lat' dir='ltr'><strong><em>ad</em></strong></span> <span class='ocrx_word' id='word_1_268' title='bbox 723 3666 816 3711; x_wconf 91' lang='lat' dir='ltr'><strong><em>onme</em></strong></span> <span class='ocrx_word' id='word_1_269' title='bbox 840 3647 889 3712; x_wconf 92' lang='lat' dir='ltr'><strong><em>ius</em></strong></span> <span class='ocrx_word' id='word_1_270' title='bbox 923 3655 956 3712; x_wconf 90' lang='lat' dir='ltr'><strong><em>et</em></strong></span> <span class='ocrx_word' id='word_1_271' title='bbox 979 3647 1011 3711; x_wconf 84' lang='lat' dir='ltr'><strong><em>In</em></strong></span> <span class='ocrx_word' id='word_1_272' title='bbox 1036 3647 1122 3712; x_wconf 88' lang='lat' dir='ltr'><strong><em>omni</em></strong></span> <span class='ocrx_word' id='word_1_273' title='bbox 1144 3648 1222 3728; x_wconf 84' lang='lat' dir='ltr'><strong><em>Iure,</em></strong></span> <span class='ocrx_word' id='word_1_274' title='bbox 1257 3645 1342 3730; x_wconf 91' lang='lat' dir='ltr'><strong><em>quod</em></strong></span> <span class='ocrx_word' id='word_1_275' title='bbox 1365 3647 1439 3728; x_wconf 91' lang='lat' dir='ltr'><strong><em>sibi,</em></strong></span> <span class='ocrx_word' id='word_1_276' title='bbox 1473 3646 1548 3712; x_wconf 92' lang='lat' dir='ltr'><strong><em>dum</em></strong></span> 
     </span>
     <span class='ocr_line' id='line_1_31' title="bbox 215 3752 1550 3839; baseline 0 -19"><span class='ocrx_word' id='word_1_277' title='bbox 215 3755 349 3838; x_wconf 88' lang='lat' dir='ltr'><strong><em>viveret,</em></strong></span> <span class='ocrx_word' id='word_1_278' title='bbox 373 3755 406 3819; x_wconf 93' lang='lat' dir='ltr'><strong><em>in</em></strong></span> <span class='ocrx_word' id='word_1_279' title='bbox 422 3753 535 3820; x_wconf 89' lang='lat' dir='ltr'><strong><em>eadem</em></strong></span> <span class='ocrx_word' id='word_1_280' title='bbox 553 3752 723 3819; x_wconf 84' lang='lat' dir='ltr'><strong><em>scolastria</em></strong></span> <span class='ocrx_word' id='word_1_281' title='bbox 739 3752 980 3836; x_wconf 86' lang='lat' dir='ltr'><strong><em>quomodolibet</em></strong></span> <span class='ocrx_word' id='word_1_282' title='bbox 996 3754 1208 3838; x_wconf 87' lang='lat' dir='ltr'><strong><em>competebat,</em></strong></span> <span class='ocrx_word' id='word_1_283' title='bbox 1227 3803 1234 3819; x_wconf 94' lang='lat'><strong>.</strong></span> <span class='ocrx_word' id='word_1_284' title='bbox 1253 3804 1261 3820; x_wconf 89' lang='lat'><strong>.</strong></span> <span class='ocrx_word' id='word_1_285' title='bbox 1280 3803 1287 3819; x_wconf 94' lang='lat'><strong>.</strong></span> <span class='ocrx_word' id='word_1_286' title='bbox 1304 3756 1550 3839; x_wconf 86' lang='lat' dir='ltr'><strong><em>subrogavimus</em></strong></span> 
     </span>
     <span class='ocr_line' id='line_1_32' title="bbox 214 3859 1549 3947; baseline -0.001 -19"><span class='ocrx_word' id='word_1_287' title='bbox 214 3864 338 3945; x_wconf 90' lang='lat' dir='ltr'><strong><em>sibique</em></strong></span> <span class='ocrx_word' id='word_1_288' title='bbox 374 3860 570 3947; x_wconf 82' lang='lat' dir='ltr'><strong><em>providImus</em></strong></span> <span class='ocrx_word' id='word_1_289' title='bbox 603 3859 643 3926; x_wconf 92' lang='lat' dir='ltr'><strong><em>de</em></strong></span> <span class='ocrx_word' id='word_1_290' title='bbox 679 3859 792 3926; x_wconf 90' lang='lat' dir='ltr'><strong><em>eodem</em></strong></span> <span class='ocrx_word' id='word_1_291' title='bbox 826 3867 858 3926; x_wconf 92' lang='lat' dir='ltr'><strong><em>et</em></strong></span> <span class='ocrx_word' id='word_1_292' title='bbox 885 3861 1096 3938; x_wconf 87' lang='lat' dir='ltr'><strong><em>decrevimus,</em></strong></span> <span class='ocrx_word' id='word_1_293' title='bbox 1131 3860 1266 3926; x_wconf 90' lang='lat' dir='ltr'><strong><em>eundem</em></strong></span> <span class='ocrx_word' id='word_1_294' title='bbox 1292 3859 1474 3926; x_wconf 91' lang='lat' dir='ltr'><strong><em>Conradum</em></strong></span> <span class='ocrx_word' id='word_1_295' title='bbox 1505 3859 1549 3926; x_wconf 91' lang='lat' dir='ltr'><strong><em>ad</em></strong></span> 
     </span>
     <span class='ocr_line' id='line_1_33' title="bbox 214 3967 1550 4054; baseline -0.001 -20"><span class='ocrx_word' id='word_1_296' title='bbox 214 3968 294 4034; x_wconf 85' lang='lat' dir='ltr'><strong><em>illud</em></strong></span> <span class='ocrx_word' id='word_1_297' title='bbox 318 3971 449 4052; x_wconf 90' lang='lat' dir='ltr'><strong><em>eiusque</em></strong></span> <span class='ocrx_word' id='word_1_298' title='bbox 473 3967 729 4054; x_wconf 88' lang='lat' dir='ltr'><strong><em>persecutionem</em></strong></span> <span class='ocrx_word' id='word_1_299' title='bbox 758 3975 791 4032; x_wconf 91' lang='lat' dir='ltr'><strong><em>et</em></strong></span> <span class='ocrx_word' id='word_1_300' title='bbox 815 3968 1034 4034; x_wconf 86' lang='lat' dir='ltr'><strong><em>defensionem</em></strong></span> <span class='ocrx_word' id='word_1_301' title='bbox 1058 3967 1089 4032; x_wconf 92' lang='lat' dir='ltr'><strong><em>in</em></strong></span> <span class='ocrx_word' id='word_1_302' title='bbox 1114 3986 1152 4033; x_wconf 90' lang='lat' dir='ltr'><strong><em>eo</em></strong></span> <span class='ocrx_word' id='word_1_303' title='bbox 1176 3974 1263 4034; x_wconf 89' lang='lat' dir='ltr'><strong><em>statu</em></strong></span> <span class='ocrx_word' id='word_1_304' title='bbox 1287 3967 1355 4033; x_wconf 85' lang='lat' dir='ltr'><strong><em>fore</em></strong></span> <span class='ocrx_word' id='word_1_305' title='bbox 1379 3967 1550 4034; x_wconf 86' lang='lat' dir='ltr'><strong><em>admitten-</em></strong></span> 
     </span>
     <span class='ocr_line' id='line_1_34' title="bbox 215 4074 1550 4160; baseline -0.001 -19"><span class='ocrx_word' id='word_1_306' title='bbox 215 4076 300 4159; x_wconf 91' lang='lat' dir='ltr'><strong><em>dum,</em></strong></span> <span class='ocrx_word' id='word_1_307' title='bbox 325 4076 357 4141; x_wconf 93' lang='lat' dir='ltr'><strong><em>in</em></strong></span> <span class='ocrx_word' id='word_1_308' title='bbox 382 4096 444 4160; x_wconf 93' lang='lat' dir='ltr'><strong><em>quo</em></strong></span> <span class='ocrx_word' id='word_1_309' title='bbox 468 4074 574 4140; x_wconf 87' lang='lat' dir='ltr'><strong><em>dictus</em></strong></span> <span class='ocrx_word' id='word_1_310' title='bbox 591 4074 761 4157; x_wconf 79' lang='lat' dir='ltr'><strong><em>Iohannes,</em></strong></span> <span class='ocrx_word' id='word_1_311' title='bbox 786 4076 812 4141; x_wconf 91' lang='lat' dir='ltr'><strong><em>si</em></strong></span> <span class='ocrx_word' id='word_1_312' title='bbox 837 4076 904 4140; x_wconf 89' lang='lat' dir='ltr'><strong><em>vite</em></strong></span> <span class='ocrx_word' id='word_1_313' title='bbox 928 4075 1140 4160; x_wconf 83' lang='lat' dir='ltr'><strong><em>superfuisset</em></strong></span> <span class='ocrx_word' id='word_1_314' title='bbox 1163 4074 1311 4155; x_wconf 84' lang='lat' dir='ltr'><strong><em>humane,</em></strong></span> <span class='ocrx_word' id='word_1_315' title='bbox 1335 4074 1493 4160; x_wconf 90' lang='lat' dir='ltr'><strong><em>potuisset</em></strong></span> <span class='ocrx_word' id='word_1_316' title='bbox 1517 4081 1550 4141; x_wconf 89' lang='lat' dir='ltr'><strong><em>et</em></strong></span> 
     </span>
     <span class='ocr_line' id='line_1_35' title="bbox 215 4181 1548 4268; baseline 0 -20"><span class='ocrx_word' id='word_1_317' title='bbox 215 4183 379 4250; x_wconf 91' lang='lat' dir='ltr'><strong><em>debuisset</em></strong></span> <span class='ocrx_word' id='word_1_318' title='bbox 403 4183 539 4248; x_wconf 88' lang='lat' dir='ltr'><strong><em>admitti.</em></strong></span> <span class='ocrx_word' id='word_1_319' title='bbox 587 4181 825 4265; x_wconf 89' lang='lat' dir='ltr'><strong><em>Subsequenter</em></strong></span> <span class='ocrx_word' id='word_1_320' title='bbox 855 4188 962 4248; x_wconf 88' lang='lat' dir='ltr'><strong><em>autem</em></strong></span> <span class='ocrx_word' id='word_1_321' title='bbox 987 4203 1094 4248; x_wconf 91' lang='lat' dir='ltr'><strong><em>coram</em></strong></span> <span class='ocrx_word' id='word_1_322' title='bbox 1119 4181 1206 4248; x_wconf 82' lang='lat' dir='ltr'><strong><em>dIcto</em></strong></span> <span class='ocrx_word' id='word_1_323' title='bbox 1230 4182 1378 4267; x_wconf 83' lang='lat' dir='ltr'><strong><em>Guigone</em></strong></span> <span class='ocrx_word' id='word_1_324' title='bbox 1401 4203 1548 4268; x_wconf 91' lang='lat' dir='ltr'><strong><em>procura·</em></strong></span> 
     </span>
     <span class='ocr_line' id='line_1_36' title="bbox 215 4287 1549 4374; baseline -0.002 -16"><span class='ocrx_word' id='word_1_325' title='bbox 215 4293 338 4358; x_wconf 90' lang='lat' dir='ltr'><strong><em>toribus</em></strong></span> <span class='ocrx_word' id='word_1_326' title='bbox 354 4290 493 4359; x_wconf 90' lang='lat' dir='ltr'><strong><em>Conradi</em></strong></span> <span class='ocrx_word' id='word_1_327' title='bbox 517 4299 549 4356; x_wconf 88' lang='lat' dir='ltr'><strong><em>ct</em></strong></span> <span class='ocrx_word' id='word_1_328' title='bbox 570 4290 770 4359; x_wconf 89' lang='lat' dir='ltr'><strong><em>Christiani.</em></strong></span> <span class='ocrx_word' id='word_1_329' title='bbox 789 4339 796 4355; x_wconf 94' lang='lat'><strong>.</strong></span> <span class='ocrx_word' id='word_1_330' title='bbox 815 4337 822 4352; x_wconf 94' lang='lat'>.</span> <span class='ocrx_word' id='word_1_331' title='bbox 841 4291 872 4354; x_wconf 93' lang='lat' dir='ltr'><strong><em>in</em></strong></span> <span class='ocrx_word' id='word_1_332' title='bbox 896 4287 1017 4355; x_wconf 91' lang='lat' dir='ltr'><strong><em>iudicio</em></strong></span> <span class='ocrx_word' id='word_1_333' title='bbox 1042 4290 1310 4374; x_wconf 89' lang='lat' dir='ltr'><strong><em>comparentibus,</em></strong></span> <span class='ocrx_word' id='word_1_334' title='bbox 1334 4288 1418 4355; x_wconf 86' lang='lat' dir='ltr'><strong><em>Idem</em></strong></span> <span class='ocrx_word' id='word_1_335' title='bbox 1443 4290 1549 4374; x_wconf 79' lang='lat' dir='ltr'><strong><em>Cngo</em></strong></span> 
     </span>
     <span class='ocr_line' id='line_1_37' title="bbox 216 4395 1549 4484; baseline -0.001 -20"><span class='ocrx_word' id='word_1_336' title='bbox 216 4400 354 4484; x_wconf 85' lang='lat' dir='ltr'><strong><em>cognitis</em></strong></span> <span class='ocrx_word' id='word_1_337' title='bbox 388 4398 475 4464; x_wconf 84' lang='lat' dir='ltr'><strong><em>dIcte</em></strong></span> <span class='ocrx_word' id='word_1_338' title='bbox 510 4419 606 4464; x_wconf 88' lang='lat' dir='ltr'><strong><em>cause</em></strong></span> <span class='ocrx_word' id='word_1_339' title='bbox 641 4398 773 4480; x_wconf 88' lang='lat' dir='ltr'><strong><em>meritis,</em></strong></span> <span class='ocrx_word' id='word_1_340' title='bbox 809 4395 931 4463; x_wconf 88' lang='lat' dir='ltr'><strong><em>eisdem</em></strong></span> <span class='ocrx_word' id='word_1_341' title='bbox 967 4397 1226 4482; x_wconf 90' lang='lat' dir='ltr'><strong><em>procuratoribus</em></strong></span> <span class='ocrx_word' id='word_1_342' title='bbox 1261 4398 1471 4482; x_wconf 88' lang='lat' dir='ltr'><strong><em>presentibus,</em></strong></span> <span class='ocrx_word' id='word_1_343' title='bbox 1508 4395 1549 4463; x_wconf 91' lang='lat' dir='ltr'><strong><em>de</em></strong></span> 
     </span>
     <span class='ocr_line' id='line_1_38' title="bbox 215 4505 1549 4591; baseline -0.002 -19"><span class='ocrx_word' id='word_1_344' title='bbox 215 4506 436 4574; x_wconf 89' lang='lat' dir='ltr'><strong><em>coauditorum</em></strong></span> <span class='ocrx_word' id='word_1_345' title='bbox 476 4527 604 4572; x_wconf 89' lang='lat' dir='ltr'><strong><em>suorum</em></strong></span> <span class='ocrx_word' id='word_1_346' title='bbox 644 4505 723 4571; x_wconf 88' lang='lat' dir='ltr'><strong><em>dicti</em></strong></span> <span class='ocrx_word' id='word_1_347' title='bbox 763 4505 876 4591; x_wconf 88' lang='lat' dir='ltr'><strong><em>palatii</em></strong></span> <span class='ocrx_word' id='word_1_348' title='bbox 916 4505 1049 4572; x_wconf 91' lang='lat' dir='ltr'><strong><em>consilio</em></strong></span> <span class='ocrx_word' id='word_1_349' title='bbox 1088 4512 1122 4570; x_wconf 89' lang='lat' dir='ltr'><strong><em>et</em></strong></span> <span class='ocrx_word' id='word_1_350' title='bbox 1154 4524 1287 4571; x_wconf 88' lang='lat' dir='ltr'><strong><em>assensu</em></strong></span> <span class='ocrx_word' id='word_1_351' title='bbox 1323 4506 1549 4590; x_wconf 81' lang='lat' dir='ltr'><strong><em>pronuucIavit</em></strong></span> 
     </span>
     <span class='ocr_line' id='line_1_39' title="bbox 215 4610 1548 4698; baseline -0.003 -18"><span class='ocrx_word' id='word_1_352' title='bbox 215 4614 360 4680; x_wconf 87' lang='lat' dir='ltr'><strong><em>decrevit</em></strong></span> <span class='ocrx_word' id='word_1_353' title='bbox 384 4620 416 4680; x_wconf 90' lang='lat' dir='ltr'><strong><em>et</em></strong></span> <span class='ocrx_word' id='word_1_354' title='bbox 445 4613 623 4680; x_wconf 85' lang='lat' dir='ltr'><strong><em>‹leelaravit</em></strong></span> <span class='ocrx_word' id='word_1_355' title='bbox 646 4612 882 4692; x_wconf 87' lang='lat' dir='ltr'><strong><em>sententiando,</em></strong></span> <span class='ocrx_word' id='word_1_356' title='bbox 913 4620 1009 4698; x_wconf 89' lang='lat' dir='ltr'><strong><em>prout</em></strong></span> <span class='ocrx_word' id='word_1_357' title='bbox 1033 4613 1093 4678; x_wconf 91' lang='lat' dir='ltr'><strong><em>hec</em></strong></span> <span class='ocrx_word' id='word_1_358' title='bbox 1124 4611 1231 4677; x_wconf 89' lang='lat' dir='ltr'><strong><em>omnia</em></strong></span> <span class='ocrx_word' id='word_1_359' title='bbox 1259 4633 1317 4697; x_wconf 92' lang='lat' dir='ltr'><strong><em>pro</em></strong></span> <span class='ocrx_word' id='word_1_360' title='bbox 1345 4620 1438 4696; x_wconf 85' lang='lat' dir='ltr'><strong><em>parte</em></strong></span> <span class='ocrx_word' id='word_1_361' title='bbox 1469 4610 1548 4678; x_wconf 90' lang='lat' dir='ltr'><strong><em>dicti</em></strong></span> 
     </span>
     <span class='ocr_line' id='line_1_40' title="bbox 214 4718 1546 4807; baseline -0.005 -19"><span class='ocrx_word' id='word_1_362' title='bbox 214 4721 352 4788; x_wconf 88' lang='lat' dir='ltr'><strong><em>Conradi</em></strong></span> <span class='ocrx_word' id='word_1_363' title='bbox 377 4743 484 4789; x_wconf 86' lang='lat' dir='ltr'><strong><em>coram</em></strong></span> <span class='ocrx_word' id='word_1_364' title='bbox 507 4741 546 4786; x_wconf 89' lang='lat' dir='ltr'><strong><em>eo</em></strong></span> <span class='ocrx_word' id='word_1_365' title='bbox 569 4721 672 4807; x_wconf 88' lang='lat' dir='ltr'><strong><em>petita</em></strong></span> <span class='ocrx_word' id='word_1_366' title='bbox 695 4721 833 4802; x_wconf 81' lang='lat' dir='ltr'><strong><em>fuerant,</em></strong></span> <span class='ocrx_word' id='word_1_367' title='bbox 864 4720 985 4786; x_wconf 88' lang='lat' dir='ltr'><strong><em>dictam</em></strong></span> <span class='ocrx_word' id='word_1_368' title='bbox 1008 4721 1208 4786; x_wconf 84' lang='lat' dir='ltr'><strong><em>scolastriam</em></strong></span> <span class='ocrx_word' id='word_1_369' title='bbox 1237 4718 1279 4784; x_wconf 89' lang='lat' dir='ltr'><strong><em>ad</em></strong></span> <span class='ocrx_word' id='word_1_370' title='bbox 1304 4719 1438 4784; x_wconf 88' lang='lat' dir='ltr'><strong><em>eundem</em></strong></span> <span class='ocrx_word' id='word_1_371' title='bbox 1464 4719 1546 4785; x_wconf 90' lang='lat' dir='ltr'><strong><em>Cou-</em></strong></span> 
     </span>
     <span class='ocr_line' id='line_1_41' title="bbox 215 4827 1547 4917; baseline -0.003 -21"><span class='ocrx_word' id='word_1_372' title='bbox 215 4831 328 4896; x_wconf 86' lang='lat' dir='ltr'><strong><em>radum</em></strong></span> <span class='ocrx_word' id='word_1_373' title='bbox 356 4831 516 4917; x_wconf 90' lang='lat' dir='ltr'><strong><em>pertinere</em></strong></span> <span class='ocrx_word' id='word_1_374' title='bbox 544 4829 586 4894; x_wconf 90' lang='lat' dir='ltr'><strong><em>de</em></strong></span> <span class='ocrx_word' id='word_1_375' title='bbox 616 4829 683 4896; x_wconf 91' lang='lat' dir='ltr'><strong><em>iure</em></strong></span> <span class='ocrx_word' id='word_1_376' title='bbox 711 4827 861 4911; x_wconf 86' lang='lat' dir='ltr'><strong><em>dictoque</em></strong></span> <span class='ocrx_word' id='word_1_377' title='bbox 887 4827 1070 4894; x_wconf 84' lang='lat' dir='ltr'><strong><em>ChrIstiano</em></strong></span> <span class='ocrx_word' id='word_1_378' title='bbox 1094 4835 1281 4913; x_wconf 85' lang='lat' dir='ltr'><strong><em>perpetuum</em></strong></span> <span class='ocrx_word' id='word_1_379' title='bbox 1310 4827 1470 4892; x_wconf 88' lang='lat' dir='ltr'><strong><em>silentium</em></strong></span> <span class='ocrx_word' id='word_1_380' title='bbox 1494 4829 1547 4892; x_wconf 89' lang='lat' dir='ltr'><strong><em>im·</em></strong></span> 
     </span>
    </p>

    <p class='ocr_par' dir='ltr' id='par_1_5' title="bbox 251 4932 1350 5006">
     <span class='ocr_line' id='line_1_42' title="bbox 251 4932 1350 5006; baseline -0.003 -5"><span class='ocrx_word' id='word_1_381' title='bbox 251 4954 370 5001; x_wconf 69' lang='lat' dir='ltr'><strong><em>varrum.</em></strong></span> <span class='ocrx_word' id='word_1_382' title='bbox 386 4955 512 5006; x_wconf 62' lang='lat' dir='ltr'><strong><em>aaaron</em></strong></span> <span class='ocrx_word' id='word_1_383' title='bbox 526 4951 559 4998; x_wconf 90' lang='lat'><strong><em>11.</em></strong></span> <span class='ocrx_word' id='word_1_384' title='bbox 1312 4932 1350 4988; x_wconf 75' lang='lat'><strong><em>29</em></strong></span> 
     </span>
    </p>
   </div>
   <div class='ocr_carea' id='block_1_4' title="bbox 0 0 1831 5509">
    <p class='ocr_par' dir='ltr' id='par_1_6' title="bbox 0 0 1831 5509">
     <span class='ocr_line' id='line_1_43' title="bbox 0 0 1831 5509; baseline 0 0"><span class='ocrx_word' id='word_1_385' title='bbox 0 0 1831 5509; x_wconf 95' lang='lat' dir='ltr'><strong><em> </em></strong></span> 
     </span>
    </p>
   </div>
  </div>
 </body>
</html>
