3642 5509
280 422 333 478 508
787 429 857 484 1336
876 431 1045 487 December
1062 433 1105 486 21.

388 606 546 672 Nobilitas
568 609 707 691 generis,
730 611 797 673 vite
810 660 816 672 .
831 657 859 672 ..
885 610 961 675 Dat.
975 611 1069 676 rivin.
1083 613 1167 677 XIII
1191 613 1236 678 kl.
1253 615 1389 679 ianuarii
1413 636 1443 680 a.
1459 615 1613 682 secundo.

388 714 423 777 In
449 733 477 778 e.
499 736 538 778 m.
570 715 677 780 abhati
708 716 891 782 monasterii
917 718 947 782 in
974 718 1141 786 Blidestad
1165 721 1311 806 Magunt.
1336 722 1419 789 dioc.
1444 731 1476 789 et
1499 744 1614 809 prepo-

280 820 341 885 sito
364 819 398 886 S.
417 821 517 885 Marisa
541 823 571 886 in
597 822 725 908 Campis
749 831 842 889 extra
865 845 972 892 muros
987 827 1130 909 Magunt.
1156 849 1196 893 ac
1220 829 1419 896 thesaurario
1440 831 1613 916 Pragensis

279 928 496 993 ecclesiarum.

442 1073 513 1143 Rep.
532 1072 590 1127 122
608 1089 655 1127 nr.
678 1073 753 1142 285;
770 1075 821 1130 Re.
842 1075 926 1130 1852.

386 1380 512 1447 2272.
539 1385 625 1447 1336
647 1372 831 1448 December
852 1387 905 1448 21.
934 1382 1099 1470 Acipaoa.

386 1543 588 1608 Benedictus
619 1545 695 1608 XII
726 1545 911 1610 Heracleum
944 1546 1233 1632 archiepiscopum
1266 1549 1505 1633 Mapuutiaum
1536 1549 1612 1613 hor-

280 1659 385 1727 tatur,
418 1652 577 1734 quatinus
604 1673 785 1736 processus
812 1653 959 1737 papales
992 1655 1155 1718 adversus
1178 1655 1417 1720 Baldewiuum
1448 1655 1613 1740 archiepi-

278 1780 415 1845 scopum
433 1760 564 1823 Ilrcver.
581 1780 690 1844 nuper
711 1761 822 1845 factos
845 1781 913 1825 aon
935 1761 1111 1845 permittat
1134 1762 1305 1846 publicari
1328 1770 1407 1827 uate
1429 1762 1613 1827 adveutum

280 1874 340 1932 uut
363 1869 486 1950 chaque
508 1867 680 1932 uoluntate
704 1869 905 1932 pauciorum
929 1889 951 1932 α
973 1889 1068 1952 papa
1091 1869 1280 1944 missorem,
1304 1875 1342 1934 ut
1364 1892 1385 1931 α
1409 1870 1612 1934 Baldewieo

274 1975 518 2058 possessiouem
542 1982 732 2040 castrorum
754 1975 916 2040 uillarum
939 1976 1143 2062 oppidorum
1169 1982 1201 2041 et
1225 1977 1353 2041 tarium
1376 1976 1510 2041 ecclesie
1537 1977 1611 2040 Μα-

276 2083 415 2167 puutiae
438 2083 614 2167 recipiunt.

386 2224 594 2309 [Benedictus
617 2224 695 2308 XII]
721 2225 860 2289 Hearico
885 2224 1129 2311 archiepiscopo
1153 2225 1352 2309 Mogontino.

385 2331 463 2396 Cum
488 2351 589 2416 nuper
617 2332 822 2398 Baldewinus
850 2331 1113 2418 archiepiscopus
1137 2334 1345 2398 TreverensIs
1372 2339 1478 2397 castra
1501 2325 1612 2398 fortal-

279 2440 353 2504 licia
370 2440 463 2504 villas
487 2438 584 2524 opida
607 2438 844 2505 iurisdictiones
868 2445 900 2504 et
923 2440 994 2506 iura
1018 2440 1155 2506 ecclesie
1172 2441 1359 2524 Magnntinc
1383 2459 1440 2524 per
1461 2458 1611 2524 procura·

278 2555 363 2613 tores
387 2567 461 2613 suos
568 2546 668 2612 libere
691 2547 723 2610 in
748 2548 893 2613 manibus
916 2549 1032 2615 nostris
1062 2546 1211 2633 ponenda
1235 2546 1362 2612 duxerit
1386 2553 1418 2612 et
1443 2546 1539 2612 etiam
1563 2566 1611 2611 re-

278 2653 437 2738 signanda
469 2673 589 2737 nosque
622 2653 758 2720 dilector
791 2653 873 2720 filios
908 2655 1089 2720 (luidonem
1122 2654 1162 2719 de
1195 2655 1315 2720 Sancto
1345 2654 1505 2719 Germano
1536 2653 1612 2718 Ani-

279 2762 394 2828 ciensis
426 2768 458 2827 et
489 2762 656 2828 Nicolaum
687 2761 825 2846 Capotia
849 2761 882 2828 S.
910 2761 1086 2827 Andomari
1115 2762 1306 2827 Morinensis
1338 2760 1477 2826 diocesis
1509 2761 1610 2827 eccle·

277 2869 394 2934 siarum
419 2870 599 2954 prepositos
632 2869 818 2954 capellanos
850 2875 882 2933 et
914 2869 1048 2934 nuncios
1073 2875 1198 2934 nostros
1316 2866 1358 2932 ad
1387 2867 1607 2954 recipiendum

277 2976 444 3062 pacificam
469 2978 700 3062 possessionem
726 2984 758 3042 et
782 2983 923 3042 tenutam
941 2979 976 3056 (l)
993 2976 1120 3041 nomine
1143 2981 1251 3041 nostro
1276 2981 1453 3042 castromm
1476 2975 1611 3041 fortalli-

277 3085 397 3148 ciorum
422 3083 568 3149 villarum
593 3082 760 3169 opidorum
785 3105 823 3150 ac
847 3083 1103 3150 iurIsdictionum
1134 3091 1166 3148 et
1195 3084 1308 3148 iurium
1336 3082 1553 3167 predictorum
1576 3088 1610 3147 ct

277 3191 341 3255 alia
364 3189 539 3274 gerendum
564 3191 746 3257 faciendum
771 3198 803 3256 et
827 3190 1060 3275 exequendum,
1085 3211 1147 3272 que
1163 3191 1363 3276 profectibus
1386 3191 1450 3256 tuis
1473 3196 1506 3255 et
1529 3192 1608 3256 eius·

278 3296 349 3362 dem
375 3298 510 3363 ecclesie
534 3318 573 3364 ac
597 3299 674 3364 cleri
703 3306 734 3364 et
762 3298 961 3365 subditorum
995 3298 1095 3383 ipsius
1128 3298 1337 3381 cognovimus
1369 3296 1532 3383 expedire,
1565 3297 1608 3362 ad

277 3404 412 3471 candem
444 3406 613 3471 ecclesiam
647 3405 879 3490 providerimus
911 3405 1090 3491 spetialiter
1124 3404 1341 3486 destinandos,
1375 3405 1609 3470 fraternitatem

277 3521 363 3579 tuam
388 3533 538 3596 rogamus
565 3533 730 3578 monemus
758 3519 790 3578 ct
819 3512 982 3578 hortamur
1095 3513 1245 3595 quatinus
1275 3512 1399 3578 litteras
1428 3518 1552 3578 nostras
1575 3517 1608 3577 et

277 3640 445 3707 processus
470 3627 637 3686 contentos
660 3621 692 3686 in
706 3619 787 3706 [eis],
812 3641 892 3704 quas
916 3630 949 3686 et
971 3641 1051 3704 quos
1074 3619 1229 3687 adversus
1254 3619 1375 3686 dictum
1389 3619 1608 3685 Baldewinum

278 3727 553 3812 archiepiscopum
579 3729 709 3810 eiusque
733 3727 876 3794 fautores
900 3735 932 3793 et
956 3728 1148 3794 adherentes
1171 3726 1275 3794 eidem
1300 3747 1401 3812 nuper
1424 3727 1610 3794 fecimus-

278 3842 310 3900 et
333 3837 397 3900 iam
422 3854 476 3900 eos
500 3834 541 3899 ad
565 3840 674 3919 partes
697 3837 785 3920 ipsas
809 3834 968 3902 credimus
992 3837 1228 3921 pervenisse-
1246 3842 1321 3900 ante
1345 3832 1519 3899 adventum
1542 3833 1607 3898 dic·

278 3949 381 4008 torum
404 3943 589 4006 nunciomm
613 3941 655 4007 ad
679 3949 788 4027 partes
812 3943 899 4028 ipsas
923 3950 956 4008 et
979 3944 1075 4008 etiam
1099 3948 1270 4027 postquam
1293 3941 1370 4006 illuc
1393 3941 1606 4026 pervenerint,

278 4050 399 4133 absque
423 4048 588 4114 voluntate
621 4049 761 4134 ipsorum
790 4071 852 4115 non
878 4050 980 4114 facias
1004 4069 1064 4114 neo
1087 4050 1255 4134 permittas
1278 4049 1482 4131 aliquatenus
1507 4047 1606 4134 publi-

277 4157 354 4222 cari.
402 4155 595 4222 Obedientia
627 4155 785 4240 siquidem
819 4157 870 4222 vel
902 4155 1123 4222 inobedientia
1156 4155 1234 4221 dicti
1267 4154 1503 4241 archiepiscopi
1532 4156 1607 4220 'Ire

276 4263 419 4329 verensis
443 4262 563 4328 eisdem
588 4264 712 4330 nunciis
737 4265 820 4328 viam
845 4271 877 4329 et
906 4263 1073 4329 consilium
1097 4263 1299 4343 ministrabit,
1332 4283 1373 4327 an
1398 4261 1439 4327 ad
1464 4263 1605 4348 publica·

278 4371 394 4434 tionem
420 4369 577 4435 dictorum
607 4391 812 4455 processuum
837 4371 932 4436 luerit
956 4371 1006 4435 vel
1030 4390 1093 4435 non
1118 4369 1213 4434 fuerit
1236 4368 1492 4454 procedendum3
1528 4390 1605 4452 quos

276 4497 372 4563 super
398 4477 457 4543 hoc
473 4499 530 4562 per
547 4475 627 4544 alias
650 4487 776 4544 nostras
799 4479 924 4544 litteras
947 4476 1189 4542 informavimus
1212 4477 1322 4560 eisque
1346 4476 1492 4543 districte
1517 4477 1604 4543 duxi·

276 4604 346 4651 mus
377 4583 617 4669 iniungendum,
654 4593 688 4650 ut
720 4587 746 4651 si
780 4585 884 4651 dictus
908 4585 1115 4650 Baldewinus
1148 4583 1411 4669 archiepiscopus
1443 4585 1538 4669 plene
1571 4592 1603 4650 et

278 4691 465 4758 obedienter
503 4693 535 4756 in
575 4693 775 4757 restitutione
813 4690 986 4757 traditione
1029 4698 1063 4756 et
1101 4692 1320 4773 assignatione
1359 4698 1537 4758 castrorum
1575 4697 1607 4757 et

278 4799 412 4865 aliomm
436 4799 557 4865 eisdem
581 4799 706 4865 nrrnciis
731 4805 837 4864 nostro
861 4800 990 4863 nomina
1014 4796 1173 4864 faciendis
1197 4805 1229 4863 et
1251 4799 1310 4864 suh
1331 4819 1439 4864 eorum
1463 4797 1608 4864 custodis
